8528 4615
2402 219 825 110 Antw: 10 gt 1681

854 226 745 108 Turnhout Will Sanen

1083 279 2113 123 mons. in antwoort aenden ul van 7 deser salde tijken te bock stellen

1087 380 2207 100 behalve ¼3 segels die absolut niet begeere & die in de halle voor

1075 430 2163 109 ul Rek. laet ligge, mij wel grootelijkt verwonderende dat ul

1070 498 2195 116 aen mij wilt opdringen dat niet van nmij hebbe het geene wel

1053 541 2259 148 duydelijk hebbe uyt gesproken niet en begeere, oversulx en moet l

1080 596 2260 156 mij met diergelijk baghetellen met guillen, maer leveren tgeenes

1072 662 2263 164 ick van doen hebbe, & besproken ick verwondere mij noch meer dat ul

1077 731 2259 186 mij een wesseler maeckt sulcke dinge hoor ick mij nlenen niet oocck

1061 833 2277 145 en kan mij niet genoch verwonderen wie mij rek. vant ul asgemaek

1067 916 2211 115 heeft daer ick selfs die noch niet gemaeckt hebbe het kan sijn

1068 985 2233 129 dat ick hebbe geseijt dat ick en pertje vlas aen ul hebbe vercocht

1060 1029 2280 169 maer het sijn groot wijffelaers die sege wat ick daeraen sal winen

1069 1115 2233 144 het kan wel gebeuren dat ick daer aen sal verliesen principallijk to

1077 1202 2233 143 al mij in dee tijken niet weldint ick verse here wel dat ick het

1082 1252 2164 177 vlae u niet verooght had, dat hij het et crijgen soudt voordie

1086 1349 2227 163 prijs en souden den tijt nochuyt verwacht hebbe van contant prim

1082 1427 2092 189 gelt in st p een te winnen soo dat is te laet coopisoop

1065 1485 2244 152 ende betaemt niet soo deanighe dingen te beclagen ul seght deser

1065 1559 2246 197 fort intvlaes & niet wat fout het is soo om geene defferentie

1068 1642 2210 161 te hebben dew: mij dunckt dat ul soecht uijt den ooch uyt spcie

1078 1738 2181 126 van mijn minst dat seer ongefondeert is dnickt mij het best

1073 1801 2248 138 dat ul selfs comt & resterende altemael selfens ontfangen &

1059 1872 2243 149 ten huyse daer het leyt oversut want die man daer het in uysd

1070 1972 2191 124 heeft het voorgoet & sonder foute ontfangen & hij moet het oock soo

1077 2021 2237 160 nijt leveren & ten waer saeke dat ul hem de foute aen wes hij en soude

1074 2122 2235 134 daer van niet wille weten & dan soude ick de schade moet leyden

1055 2212 2136 103 tgene wel soude maken datter niet veel vette en soude blijve

1064 2280 2071 138 dat is de rede dat heden geene mede sende & verwaghte as tegen

1074 2352 2238 120 vrijdagh, hebbe ofte ul ordre dat ul bevoeden is niet het goet gelijck het

1062 2451 1112 122 aenden voerman gelevert wort

2699 2428 566 167 @ 10 gb 168

831 2518 936 127 gent francois Herrebout

1055 2543 2299 140 mons. gisteren aen vl ges. entwijffele niet oft hebt mijnen tolbrief gevonden

1079 2631 2234 127 desen, voor andere packen die staen bekomen noch dese weeke, waermede

1077 2720 2242 123 oockverlegenben, ende die vrij moeten verklaert worden sijn soo ul eene

1072 2773 2228 152 tolbrief heeft, ende desen in tijts comt, laet die 2 packen bevrijden

1081 2846 2198 124 hope eveoel die noch heden van costij sullen vertreken d'welke gem

2681 2926 608 111 a 10 ditto 1681

784 2938 1015 134 waestmuyffer Philip vandergucht

1082 3021 2197 104 mons. desen principalijk om te weten, oft ul noch pertije claversaet bij

1077 3068 2238 135 hebt goet & nieuw goet d'welk soo sijnde gelieft mij den naeste prijs

1055 3195 2241 90 te beter weten, oft soo ul geen en heeft gellieft te informeren, ofter

1080 3213 2181 154 ofter bij ul gebauren te bekomen is tot seuilen prijs, waer op sonder

2224 3275 1106 135 ick had ul alo ver verwaght om

1069 3311 1012 127 uytstel antwoort verwaghte

1086 3344 2204 158 wat winter goet te koopen want de fransen sullen flant togh

1069 3436 2210 121 moeten gerust laten soo versekert u selven, dat ick geewne ul

2651 3501 663 113 @ 10 ditto 1681

788 3505 799 153 Turnhout matthiys Rels

1079 3561 2232 132 monsr. niet tegentaende ul onlanghs hebbe gescreven soo nochtans tot

1083 3632 2218 154 mijn verwondering, en bekome noch tijken noch antwoort in diergelijke

1085 3689 2201 149 manieren en betaemt het niet te handelen trookeeren is deen ware

1078 3751 2227 154 beneffens d'andere gereetleveren ende ul laet het soo lanck aen loopen

1081 3835 2153 168 tgeene van ul niet en had verwaght, soo versoeke instantelijk tegens

1065 3904 2239 135 naeste mertdagh mij tijken oft gelt gelieft te senden, waero my verlate

2655 3945 614 135 @ 10 ditto 1681

800 3971 1049 159 Turnhout Peetermertens

1075 4038 2244 142 monsr. vermidts ick dese weke moet packen ende mijn tijken wegh

1068 4112 2272 174 senden, soo versoek ick van ul dat ick gij mj sent tgeene ul gelooft

1060 4182 2214 165 hebt, ofte ten minsten die dewelke geeet sijn maer geen

1056 4294 1813 131 3 segels waghte ul tijken ladviee & Blijve

5030 170 957 129 Ant 10 4 r 1ƒ81

3403 209 839 114 Turnbout BD Robert

3565 252 2400 141 mons. alsoo int op maeken van mijne boeken bevinde dat ul noch ƒ27:142

3558 340 2442 119 resteert aen mijne spuldigh, soo versoek glieft daer tij ken  voor te senden

3553 394 2434 124 oft gelt omdat te sluyten daer entusschen hebbe veell vers goet gekregen

3558 451 2433 159 soo lakens als alder hande stofferijen, soo ul iets gelieft te hebben, sal ue seer

5231 511 760 154 @ 10 ditto 1681

3543 537 1422 115 wel dienen & nae groet blijve

3378 597 806 142 Brugge Raphael Coots

3499 615 2474 163 1o mijnsr. sedert den mijnen aen ul van5 deser, hebbe de ul van 7 & 8 ditto wel

3567 680 2413 151 bekomen de goederen van Hull bekomen sien te genwet als mede het pack

3570 758 2422 143 pr lieven dobbelaer: voordesen heeft ul mij belast geene certifiratie te senden

3559 825 2422 173 sonder ordre, en nu moet deeertifuatie bijde verclaringe wesen, voort aen

3557 869 2445 167 alser eenige veranderinge  ofte meuntig heden voorvallen bidde mij bj tijts

3569 919 2441 189 teadviseeren, want den sleghten tijt alhier engaede negotie doet sorgen

3565 1015 2434 159 omalles opt nows tedirigeeren sende heden overgent een pack M met 12

3561 1090 2435 126 gemengelde fijn spaense lakens de welke nue london tenigge moeten, doch

3557 1178 2430 118 niet oet naerder ordre ben blijde dat John fenvick tot ostend was gearriveert

3568 1170 2429 179 de goederen verwaghte p schepe sijnde om d'een ote dander frisaert pack seer verlegen

3558 1244 2427 172 de welke wensche voor dandere konde gedepescheert worden de 308 stux entoene

3570 1284 2380 198 lijnwaten sijn 92 coleure en 6 roij en so witte totvrappers, soo datter in

3571 1361 2391 184 all sijn 98„ gewerfde a 20 ellen p stuck ofte ten ujtterste 21 samen

3567 1423 2384 191 voor a 2000: wel mogen passeren, daer in ul als voor eygen gelieft

3576 1483 2413 205 te sorgen om geene hapermeert te hebben hope Beniamm klarck oock sal

3574 1573 2402 214 sijn gearriveert den welke voor mij heeft ingeladen 3 packen MN 50

3568 1652 2395 206 met 7rouwe witte packlakens N51 met een & met 8 bayen N51 sonder

3579 1736 2372 168 cruys met 12 halfe gemengelde fvisaerde op gedaen als voor desen in

3581 1765 2426 201 6 dooo bel stucken de welke gelieft te claren als voor eygen en sorge drage

3573 1871 2415 163 dat geene rusie hebbe, dese 2 paxkens gelieft ul p wagens opt spoedighte

3575 1912 2407 188 mij toe te senden waer op mij verlatel terwijlen vant gepasseirde ul

5172 2063 780 128 Antw: 10 ditto 1681

3585 2060 1012 130 advies verwaght Blijve

4675 2114 283 108 th

3437 2118 746 129 sort Robert harteley

3607 2086 2387 225 Sr. I wrott you fer lines on the 6: curitt sence non from you butt iust att

3580 2181 2435 199 the going away of the post recened yd bale of kersies which & can not examin

3576 2285 2385 151 forwant of time, so do onely desire you please to xeep the rest of that

3594 2333 2399 194 parcell unsold, till next post when I shall give you my positive resolution

3575 2449 2435 126 whilst in the meane which I do exspect yd. order to pay these to, as also to

3593 2458 2394 181 know if you please to have so veraimes or pirtels or any ther gold because

3600 2542 2355 176 I send muth for holland as well as for england exspecting yd answerp. first

5375 2615 604 127 @ 10 ditto 1681

3400 2643 1192 154 Amst De Hulters & van Homright

3583 2697 2431 135 messr. in antwoort aenden ul van 9 deser hebbe de geremitteerde £151„ 07„6-

3590 2778 2423 115 a 3 ¼ in mijn rek belast als medes de ƒ2981 op noo brouwer ul trato

3599 2830 2414 152 voor £100: bes geaccepteert hwert prompt voldaen de welke goet vinde int

3601 2886 2360 139 geheel op ul rek te noteren & voor soo veel op de mijne nochte Ccort comt

3583 2923 2421 184 kanget vans feort worden op ul in credito midts voorbanegelt goet doende

3599 3009 2369 158 nawat naer advenant, ick soude sooluuch niet gedgelayeert

3600 3051 2421 172 hebbe te remitt Doch neme geirna a veantasie vande wissel pricipal

3595 3131 2287 163 als men niet gepresertis want niet geerne betrocken worden

3594 3172 2347 180 sijnde mijn genegertcheyt altijt dat door remises te becomen, wegenes

3594 3247 2140 176 de boter noth niets voorgevallen waer in nietewort

5320 3308 647 110 1a 10 d 1681

3440 3357 1067 162 Brussel Jan franc. Baudier

3592 3393 2394 168 mons. in antwoort aenden ul vangisteren hebbe heden de 2 paxken N9P

3596 3488 2283 155 N6 &7 wel ontfang dew: oock desen middagh p den bode Joos heijsch op

3597 3474 2358 225 nieupoorte sijn vertoocken met beloofte deselve voort vertreck  p naeste

3596 3577 2387 178 packett boot daer te leveren N.5 is maer leste vrijdagh van hier voort

3604 3651 2365 169 gegaen het welke buyten altwijffellen met de breefen van gisteren nae

3598 3701 2422 194 d'overs sal sijn versonden, het  dereden is dat u p. avonture van u vallep

3608 3775 2396 178 morgen eerst tiydinge sal bekomen onse secourt occasie derwaert sijnde

3610 3830 2406 184 smaendagh hvisdaghs alsoo dandere dagen ofte voetgangers sijn, oft met

3581 3904 2433 175 de bode vangent voortsgaen & die van maendaghs & vrijdaghs te eerden

3620 4027 2228 110 passen seert wel op t vertrecken van de packette botten aloueeri

3599 4115 2408 107 sal devoir doen dese weke aen ul eenigh gelt te remitteren om diewille

3610 4129 2239 139 dat de occasie niets wel en sal hebbe om alles seffenn te voldoen

3615 4209 679 124 waermede Blijve
