8487 4663
1017 267 2261 79 concerning the tykes, I can not buy them deare & send them checep there is one

1024 324 2223 128 mr. Lucas, & honest francus miller can tell you, how they yeald here & they

1019 391 2258 143 sell fast quantities, & I wonder whij you should not finde yd acctt aswell

1024 479 2283 143 yett seeng you incline to desist am contented, though now I had yd parcell

1022 565 2277 121 ready in case I can serve you in any other concernes freely commandin

2457 641 790 134 Antwarp 23 August 81

726 638 921 145 London Paris Slaughter

1038 750 2236 127 Sr. in answer to yd of 6: curitt shall send the cloathes of mr. peeters to you

1035 824 2283 109 haveino wrott to Brussels to have the approbation of the other brother

1038 890 2208 158 concerdied, & shall remitt you what I am in cask for them, because

1015 973 2024 153 I long to be seven with them, which is allatt present fro

2612 1018 471 132 @ 23 ditto

754 1028 937 140 London michiel peeters

1034 1126 2201 126 mons. in antwoort aende ul van 6 & 8 deser sal de lakens op packen ende nae

1010 1171 2227 155 London aen mr slaughter senden, ende aen hem op leggen voor soo veel als ick

1019 1251 2240 141 schuldigh sal sijn, daer en tuschen soo m maijnart komt sal mijne voor

1008 1296 2240 173 doen dat sij de lakens voor ul rekeninge verkoopen, ende ul goet doen

1004 1373 2237 170 tgeene die sullen renderen, anders waer het wat ondircrectelijk gedaen

1017 1462 2223 147 dot sijn niet voorsoo veel souden helpen naede nael het van slanghtere

1029 1537 2226 189 goet selfs is ick scrijve en versoeke u broeders approbatie opt geene doen

1026 1625 2202 138 en hij antwoort niet eens, sal even wel geen gelt senden sooon ick ul

1024 1686 2199 148 ordre hebbe, ten sij ul broeder Antonion oock asprobeert daerom geelieft

1025 1768 2185 158 hem aen te manen om met mij teffenen vant willonse sake geheel

2616 1847 545 155 @ 23 ditto 1681

1034 1890 934 108 heffenen waer mede blijve

3026 1958 127 65 th

748 1910 835 160 London Abram vivian

2079 1989 108 69 th

1044 1962 2226 159 S. my last to you was on the 16: curitt sence rec. boath yd of 5 & 8: curitt

1027 2068 2251 148 the packett you desire shall be provided with all possible care & expedition

1007 2134 2229 173 I want about 10 a 12 dayes time for itt, & 8 dayes before itt be with you will

1039 2231 2266 118 make up the 3 weekes you bespoake & shall buy what penn worths I can

1018 2277 2277 169 gett from Rossen, leeng you approve of what makeing: I could have withad

1017 2363 2256 159 to know how you liked the packett N.16 because that is well of one hand

1037 2452 2029 136 and bj which I finde more assortement then by severall others -

1004 2503 2271 210 I shall buy non more of boinee, for other concernes I shall exspect the

1017 2586 2230 148 acctt. of mr. Shimer: & do observe what you have don about the tayes

1022 2672 2256 123 all which is well leaving the menagement off itt to you, I finde m..

1023 2782 1344 118 potter the best in cloth a governo

1037 2788 2156 230 please timely to advise mex what goods shipt aboard smith I have

1025 2911 2212 145 accepted yd bill p. mr. Cole for £150: & past tonmy acctts I hope yd

1039 3005 2183 136 acctt are not be hinde in yd bookes as well with them of the north, as

1048 3103 2201 104 with mee, that so you be able to iudge & finde out, that they charge no

1033 3194 2242 128 more on you then needfull, besides I could wish you to make shoft to pay

1029 3302 2121 116 the bills without drawing on mee more then what you might be

1041 3388 2232 113 in disbours for my acctt. because I would not have nother that you

1050 3460 2175 125 should be straight nee formy share butt if you look over all you will

1025 3535 2177 125 finde mee to have don my ut most, & haveing, much to pay shall not

1044 3653 2210 107 be in a condition to remitt this so dages butt then I hope to be

1060 3731 2191 104 more in cash againe whilst now I remaine with inde salues

766 3753 733 159 London George Cole

2655 3785 522 121 @ 23 ditto 681

1746 3822 174 96 th

1049 3863 2191 128 Sr. in answer, to yd of 25 past I am a shamed my selfs that our pay. are so badd

1048 3948 2273 117 butt what wonder where the people is never aday attrest the continuall allarnes

1039 4045 2229 96 of the french keep back the sales which now wee should have much more the

1043 4106 2216 96 mony of the standing out debts & rather then to be suspected to make uso

1047 4195 2143 118 of other mans mony intend hence forward to go no fuither then miy

1042 4260 2070 138 owne stock will reac to whoever that can not satisfye &cleare m

1049 4323 2242 138 vivians acctt. butt whoever I could have you to take all things inconsideration

1854 4409 1383 93 depends not from mee that that acctt is so

3497 238 2496 120 long un advisted, except I did pay all htooke the risie of the yett standing out

3506 311 2474 104 debts to my owne which no discreat trades man would putt mee tosthough I do

3505 406 2468 51 all I can to please all my correspondents & to obtaine & deserve the name

3507 446 2480 108 of a well meaning & endeavouring fartor, yett I studdy partticularly to make

3505 517 2484 124 amend & to send the ballance of the rest, which I could wish with all my heard

3512 585 2468 86 wasdon, intrim I doubt not butt that m. Damel vivian will allow you

3509 659 2477 95 the £80:-:- an acctt for ist is more then reasonable, besides mr. Depeyster

3510 751 2365 101 never had an attorrity to signe mr. vivians  composition & for thd

3522 794 2420 131 orphants I may iustly pretend what is reasonable I have accepted yd bills for

3522 864 2458 132 acctt. of A.S. & thanck you fors yd kindness to assist him in such occasions

3514 931 2426 119 you may freely beleave if I could I should prevent itt with remises butt as

3477 984 2475 118 times are now wee know not what do lett mee do my endeavour & hope suddanmly

3435 1099 2168 120 to cleare the acctt whilst I exspect the £80: shall pass. & rest

5264 1132 713 123 @ 23 Aupnst: 1681

3352 1135 843 134 London Arthur Hineslay

4617 1200 179 85 th

3531 1188 2426 134 S. in answer to yd of 18: past & 8: curitt I hope the rest of our in ordered goods

3507 1275 2426 113 from Exon will come with the first schip from thence of which I exspect to

3523 1336 2410 109 have patt & acctt. bij time I observe yd complaints I am vere sensible of itt

3517 1406 2330 111 & yett I can not help itt to bring itt out without yd complaints tradiis

3525 1504 2376 80 brought to low with us here, so that I doubt nent yeare shall be foreed to go no

3507 1504 2449 132 further then what my stock will reach to for nij owne, inclosed my bill for

3509 1587 2454 126 £100:- att 35:4 att 2 uso on m. Henry Collier which please to gett accepted

3524 1676 2455 107 & pass to yd actt. I shall do my utmost to prevent yd draught whilst I remaiine

3402 1713 2581 168 3 if you where serve with bethtykes for returne should send you apercell for at sall

5288 1759 645 150 @ 23 ditto 1681

3358 1807 683 139 London Henry Collier

4484 1821 184 106 th

3524 1849 2334 145 Sr. my last to you was on the 16: curitt lence non from your though much

3523 1877 2474 191 be yond exspectation, because I doubted not, butt that you should have sant the acctt

3534 1992 2441 140 of cottons before now they are with mee & I can not sell them before I know how

3537 2035 2433 179 to governe my selfe wee are daglat allarmed by the french, which doth much

3529 2101 2411 164 hunder our sale & keeps back on all side the mony, so that the longer, the vorse

3524 2155 2475 169 our thinghs go I have now greater stock in trades then ever I had, yett was never

3544 2219 2436 159 more straightned & not to much upon my actt neither & which veres mee mostes

3534 2268 2469 161 because, I am alwayes so bare of mony as alous, & I remitt when I an & the accepted

3539 2387 2407 100 bills I must pay & yett have now then a letter of complaints m. Anneslay

3516 2452 2417 140 I confess hath some reason yett I finde that I can not help him to an

3537 2513 2423 127 Aldermans estate except wee were here in a better condition, yett patience

3522 2560 2455 180 I tought to have drawne for yd acctt. butt I would not have you complaine

3534 2654 2460 113 neither, there fore for once the last time draw on you for my acctt £100:-

3529 2701 2392 149 att 2 use in favour of m Anneslay, which please to accept & when dew

3535 2767 2361 136 redraw on mee the proceed of my cloth deducted & itt shall be duely discharged the

3537 2798 2456 162 great vorsant ende this day, sanext & wee wee are for oAH bussines againe & I rest

5329 2894 427 124 @ 24 ditto

3385 2920 973 136 Brussel Judocus De sadelaer

3522 2998 2497 97 monsr. heb gisteren pr beurtschip aen ul gesonden in een paxken 1 D8 de 2 groene

3530 3092 2490 91 & modecoleur spaens laken lest aen ul verkoght iet het grijs, dese drij lakens

3535 3156 2378 102 sijn soo eel geperst & op gedaen gepackt ende met den vrapper onwonden

3536 3195 2401 118 datter geen perijkel is die te konnen bekennen, maer ul moet daer bij tijts

3532 3317 2455 77 in de halle voor sorge drage dat die niet en worden geopent ten sij ul daer bij is

3526 3360 2417 108 devraght is oock maer soft de super fijne ½ brae dunne curieuse lakens

3532 3428 2439 130 sijn ul geladen onde ick hebbe de stalen daer van ontfangen soo de selve heer

3536 3486 2414 136 sijn sal t ul cito laten weten sij bevallen mij seer wel, soo dat niet

3555 3578 2232 117 en twijffele ofte sullen ul seer wel dienen war mede blijve

5285 3627 582 127 @2 4 ditto 1681

3409 3648 929 131 Brussel Andries Artsens

3539 3687 2452 144 monsr. in antwoort aenden ul van 22 deser alhoewel d'Engelsche rattienen niet

3538 3750 2463 204 gekepert sijn soo twijffele eghter niet oft de selve sullen ul goet proffijt vendenen

3539 3836 2397 150 ende dat ul meer vande selve sal ontbieden, soo ul present iets noodigh hadde

3554 3952 2328 116 ick ben van alle soorte van Engelsche goederen seer wel versien

3551 4035 2395 125 ul assignatie van hondert pattucons hebbe ick wel ontfangen als

3541 4119 2439 128 mede de selve weirde, soo dat ick ul daer voore hebbe gecreditteert waer

3539 4245 2162 107 moch ul voorders kan dienen gelieft te commandeeren
