8522 4649
909 175 1362 167 Brussel mr. Michel van Bellingen

2698 202 599 151 C23 Juni 1682

1181 333 2208 152 als op 12 deser lest tot brussel was, hebbe d'een niet gehaet

1151 430 2303 99 van ul te sprecken, niet ul hier was, soo hebbe mijn bewijs van ƒ s00

1169 558 2260 87 gegeeven aen suls connecroij denchinde uet ennoodige was daer voorder

1143 625 2288 126 over te sprecken, want icq niet en conde ordeelen dat ul sulckx soude

1144 716 2291 152 weggeren, gelycq ul doet, uyt stellende nogh tot ist Jacrant van

1125 815 2316 162 minaechel, 26 deser is het een jaer geleden, dat ick het lest heb

1131 976 2300 119 gesonden, het weijnigh acoftijt, dat seg bij serdai ge y leesnde

1155 1077 2197 141 frift mij genooesaeckt die te laeten soo versoocke ul mijn voors

1174 1171 2260 179 bewijs te voldoenen voor de rest als ick binnen 4 weke over kome van

1198 1287 2232 160 hove dat ul dat sal oock af macken ter wijlen dat in alle vervalle

1198 1355 1638 232 ende occatie ul geirne sal diene & blijve

893 1402 662 179 London i ab: Vivian

2697 1533 305 114 6 24d

1149 1554 2207 200 daveing non of yd to answer, do onely send you the invoyce of the packett

1141 1693 2221 162 N.8 omitted in mine of the 21 crutt, I do much long to understand what

1162 1807 2222 124 goods am a board smiss, & in what forwardness, our bustijnes an Inthe north

1139 1901 2227 109 for Ifinde that time stands not still, & wee could sell unthn  or 3 weekes

1147 2018 2252 112 againe for ½ july our sale beguis. the acctt. of sales you dare with yu

1142 2112 2243 137 for I do not finde them gere, butt in case you should have lost them

1149 2168 2240 181 shall send you others, the laces you carnied with you are noted oithe

1149 2307 2264 157 packett n. 6, as I supose beeng n. 139: 140:141 & 142 so please to epanin

1137 2376 2222 171 itt, if itt be not so, in the meane while I finde that the ale conde

1126 2479 2245 179 not heep bill vere, so wee shall bave non, bett the cheese I supose

1144 2625 1351 131 maij keep: remember mee to all frineds

878 2656 992 226 london m: Henry Maynaid

2783 2723 254 120 624 d

1143 2807 2236 155 mij last to you was on the 20t curitt with a bill of £150- on Juhn lambe which

1140 2928 2251 153 I hope you dave recd. behore this, as also the formars. haveing now before

1146 3011 2284 156 mee yds of the g. curtt., I have answered you the needfull about Peeters buste s

1122 3127 2275 130 which soones I could not do, for I was att Brussels, yett thee was butt one

1124 3221 2275 133 post day omitted, & as f told you £155„3:2 is the ballance flemish, which

1127 3315 2280 136 in case m. slanghter or you draw on mee att 2ul, shall be duly pare daving

1133 3455 2281 95 a discharge of m. slaughter as desired. I take notue what you bid for ie

1147 3549 2223 111 pack whites, pray dispatch 5 of oach sort, as soone as you can, meet the

1131 3621 2229 153 to yd minde, & ther itt may be a monsh sence thay will be yett cheaper

1144 3731 2186 125 to have some mone you please also not to omitt alowert sort, for I

1121 3844 2257 132 suppose I shall want as much againe pack wsites yearly, as ever I did

1117 3931 2294 173 I have in all butt 6 by mee. I could wish the at. silver mancy ware

1122 4040 2235 146 here, & that the maker was quicker att itt, because before sber I must

1140 4163 2204 133 have no less then 10 p with mee, I hope de will abate dis prijses is

1114 4243 2257 178 well as other dor yett. I would not have you stand upon a small

5931 218 95 67 23d

3627 212 2420 125 masser soengage n to do well, & to makee them the bester, & ther when

3617 312 2423 90 wee an in with dim, I supose you can make a baagen, I wonder the ssamet

3627 401 2451 139 should terry so longh, I could with thee werr 2 or 3 of y for a ryall, becausse

3623 475 2467 171 sence I am more desired for y & am of opinion to sill good quantities a yeare

3629 549 2431 189 las for the salen of april the cottens must be 1½ snall 6½, for the other

3618 657 2462 188 is noted the 21 of marck, te bayes com to ƒ 442- so that will be recties

3617 776 2424 150 on therept, I save given you creditt for my ½ in the bale aboard Bater

3618 877 2421 151 & made you debtor for the £150- drawne on mee, & first you please to

3610 990 2428 149 provide 3 or 4 mochs ven, 2 of abont 5 ƒ one of 5:6, & one of a baut ƒ7-

3614 1112 2461 114 ayd, which you may putt amonghst the spanish cloathes, is then no

3629 1218 2412 103 nhew mode yett, for itt geems ett must be yett draps, & browne with ins

3495 1267 751 185 London mr. Cucy Kinghtley

5550 1311 483 166 C 24 Juni 1682

3614 1398 2461 203 my last to you was on the 17t cutt sence non from you m. Coller is now cst

3601 1576 2412 120 Lille, wee have settled & adiusted all our corcernes, which I sippose hin

3613 1641 2449 146 some in londen die not know, when be desired you to draw on mee, for dis

3611 1766 2462 130 fackers acctt. otherwise je would not have don itt, yett have accepted the biel

3588 1867 2473 132 for you, & place itt to my acctt, m. Collies wrot mee he would rembourse

3599 1944 1574 148 you the valeuw, so make no difference in acctt

3500 2049 1134 179 Mechelen nm Cornelis van Aken de onge

5533 2062 316 143 624 d

3604 2196 2451 146 desen tot covert van de facture van 4 goet aen ul vercoght, met den st.dagh soo is gistren

3608 2305 2445 123 geen schip aen de laedinge geweest, sal dan eerst morgen connen gelaeden woorden

3586 2427 2427 95 wil hopen datul daer door geen preiud sal lijden, volgens ul ad. sal de

3577 2494 2461 119 baggeijntiens juff wigans  duff Peeters bijul sejnden, ul can aen hin yder

3580 2544 2494 190 de '4 geeven van 't gene ul sal gelegen comen voor mij te bet, nomende un

3577 2685 919 175 quitantie sal ul valideere

3499 2803 874 154 Mechelen Juff. Anna inigans

5551 2826 280 120 624 d

3583 2936 2470 128 m. Comelis van Aken de Jonge heeft mij geseyt als dat hij voor mij aen ul eenigh

3579 3066 2436 120 gelt sal tellen, soo can ul met gelegentheyt dat ontf, geloove ontrentƒ 250

3582 3117 2290 174 sijn sal & geeven quitantie, &mij laeten weeten wat ontf sult heb ben

3499 3217 1026 179 Mechelen Juff. Barvara Peeters

5582 3255 307 127 6 24 d

3567 3381 2454 156 wille niet twijffelen oft ul heeft mijnen van 22 deser ontf met detste cant

3550 3453 2421 189 mr. van aken den jonge laken vercoopen aen d'ijsere been sal aenule ƒ 200

3573 3555 2470 158 oft ƒ 250- gelt tellen, ul can desen mijnen brief dem laeten sien, & aen hem

3569 3675 2424 171 quitantie geeven voor soo veel als het hem sal geleegen comen aen ul te

3591 3840 2338 152 tellen, & stelt het selve op mijn recq & adviseert het gepasseerden
