8091 4567
954 194 2279 120 & have this day opened the northrens butt the time did not permitt

962 296 2260 101 to considder riew them as I should do where fore intend pr my next toyme

943 335 2287 144 you a full accompt whilst itt will not be amis in case you have inorder

945 445 2243 88 an other pack off Dozins as pr my last mentioned: Rich pindar

958 497 2214 98 is not yett arrived I shall exspect the EE yallowmarckes as soone as

960 595 2252 111 possible intrim buy IWW. red marck pack whices & dusparche them with

951 656 2229 112 all speed, & in case you sppose that that sort might vise more & could

953 717 2236 103 advise you to buy 10 wiro red markes, butt them you must disprch

953 800 2261 97 without de laye I have once disired 2 spanish wooll bayes as last, y

951 859 2263 125 R.K. with mixt. list of 90 ƒ & you send mee 4 swankins course diris

942 934 2287 128 att go which are not worth a farting more then those of the green

926 1014 2267 130 streepken besides I have told you more often of yd bayes wrasppers

953 1084 2220 164 you note then constantely att 43 a 43„6 where as those I have from

959 1171 2225 125 the north att 36 a 37 st are much better so you must gett bayes cheaper

954 1244 2167 135 or send for from the north, or oathere non attall for I can not

941 1316 2192 137 advance up on them as sought to do, so nay amend yd hand there in

967 1403 2154 109 inclosed send you a remise of £116:2t on in samuel schepheard

963 1461 2138 146 for which pleased to procured the needfull & past to my accompt I hope

960 1513 2217 168 suddamly to be forward on that intending to remitt you everij week pray

947 1600 2177 171 present mij service to mr slaughter & tell him that m. peeters isarrhnd

939 1665 2243 158 att brussels & that now I hope thatt actt will be cleared sudd aruly in which

952 1773 2063 121 mij endeavour shall be continued till hebesatis sied & so remaine

936 1859 537 167 Luoy knightley

943 1919 2178 185 you please to in order for mee from m'sijkes 2 packes of cloathes to be

940 2037 1507 136 alsorted of each pattarnes one duble peece rve

948 2100 2194 140 2 ofingle dosins to be made up as so whole cloathes as he did with the least

951 2173 1767 154 bale to be in prijses from 3:3„ to 3 6 pence ayd raw

950 2212 2164 225 10 broad or longcloathes of each patt. one peeces to bee from 4stat5 st ay

957 2313 2122 167 raw butt amonghst them I rather had N.4 to be adrap cullours of

957 2372 2114 179 a lovely mixture each cloth to be some what broader foulded

941 2478 2230 143 as he used to do & the fine cloathes toilletted & drest pprest allthe

947 2533 2203 186 cloth over each pack to be vrappered with 2 or 3 whited manch bayes

2245 2603 764 139 2 in Antww: n

655 2691 956 98 Londen A bram virant

943 2648 2167 196 S. my last to you was on the ont 30:h past with a note of rectore

927 2759 2202 178 lane one of the officers of akings yaght undercapt fase bie for

947 2848 2179 159 a packett of lace N. 44 sent a long with him, which I supose is now about

935 2901 2241 155 arrived I hope itt will come safe to ydn inclosed is a noted of the parik

926 2964 2264 194 & prijses N100 & 112 „ 114 are wee are not full agreed differing a small

950 3051 2208 171 matter, & I am to pay them this ewening so you shall have apersect

943 3103 2187 180 in voyce p next whilst att the gouy off of the post receavedyd

942 3185 2234 171 of 13 past. I hope the packett N.13 with you to content & that these

930 3256 2267 175 2 last will sett off all the rest, which now time will te ach what

931 3320 2276 206 new modes you shall want, in which I shall not faile to endeavar

927 3402 2186 200 to promite yd intrest intrim you would know what mea sures

938 3478 2212 207 to take in proceeding of our trade as to that I'll given you avery

935 3579 2151 196 excut accompt p. first you did supose that I should have ordered

943 3707 2174 129 a fair Ireater parcell then now I have don, by that I understand

943 3778 2226 142 that you mu stooke my meaning for I have sent pastaine to provive

928 3889 2203 162 of each sort one pack butt I want of each sort att least y pathes

946 3998 2268 156 so in case you leave the whold concernies to one man order him

932 4117 2048 112 to prande 4packes of eack 12 fine cloathes from 4:6 4o5:2

1229 4194 1674 126 4 packes of eack 12 ditto from 3:10 to4:4

1227 4236 1804 190 4 packes of each 24 single about 3 a 3:6 ayd raw

3568 218 2395 101 Butt first I tought you would have made atryall of 2 or 3 men more

3595 294 2349 104 & that assortment & instructions I sent you was for yo. governo that

3589 352 2329 116 each mun should do accordingly & that then wee should p roceed with

3590 435 2290 114 him that die best now seeng you supose mr. potter will do well lett

3601 497 2255 137 him have yd ooder as fors as 4 of packes of each sortall according

3595 575 2323 156 to the patt sent I have recd. N.31 butt they prove not well so wee will

3577 638 2225 136 leave him that, bought them & keep on toun potter & lett him

3584 632 2370 232 dohis endeavous & send the goods forward when ready my nextshall

3588 795 2301 125 given order forf kersies pray dispatch the bayes & so remaine

3573 874 1746 164 I hope to be aremistiny p firs for boath accompts

5018 901 907 172 In Antwerpen 5 Maij 1681

3306 939 1192 160 Brussel Antons Peeters, compa

3569 1005 2375 208 Mess. in antwoort aenden ul van 1 deser geirne gesien dat monsr. ul brode

3597 1123 2356 163 van England was t huys gekomen, doch tot mijn leet wesen soo indispoose

3581 1204 2363 155 hijen heeft geen ongelijck als hij ul blammeert ten regard van de rekening

3580 1251 2373 168 want schoon ick ul daer selfs daer over heb geschreven, ende dat ul oock

3597 1321 2304 204 hier in stadt heeft geweest nochtans hebbe noyt iets sedert sijn leest

3598 1374 2317 209 vertrek vernomen ick hebbe al gedaen dat ick gekost hebbe om eenigh

3591 1468 2349 185 goet te verkoopen, ende gelt int voorderen vant welke eenighincas sal

3535 1535 2400 224 dsijn: tis mij leet die van londen hem souden hebben geaffronteert

3589 1635 2365 163 en te meer omdat ul seght sulx niet soude geschiet hebben waert saken

3594 1686 2323 217 sij £50 a 60 hadden ontfangen, had ick daer toe gversocht geweest

3578 1762 2338 212 soude dat wel uyt gevonden, hebben, die voor meerder ben geiugageert

3579 1806 2379 234 geweest, eghter hoe eerder ul gelieve alles te doen advisteeren, hoe lieven

3591 1951 2232 143 ick het hebbe, sijnde tot dien eijnde gereet & seer genegen ter wijlen

5068 1998 826 167 In Antwerpen  aij

3318 2055 834 167 Brugge Raphael Coots

3596 2059 2308 202 monsr. op 2 deser is aen ul mijnen leesten, sedert geene van ull tgeene mij

3600 2186 2301 120 continueert in goede hope, tsucces verlangende noch heden te verstaen

3580 2221 2364 178 tot london is es voor mij geladen aen boort omert verscriek 3 packen

3571 2330 1706 156 MN.17 met 12 spaense modecolleurs lakens

3589 2412 1574 147 KN. 5 & 6 ider met 5 dobbel roij lakens

3599 2424 2362 207 Aen boort Rogier vandewalle spack MN o8 met ½ & ½ spaense lakens voor

3582 2564 2363 156 deen & dander gelieft aen arrivemente het noodich te besorgen & mij vant gepass

3595 2661 1392 120 advies te geven  terwijlen —blijve

5191 2717 587 129 7 maij 1681

3402 2753 714 160 London hemy marynard

3621 2784 2299 156 mj last te yen was on t he 3: uittsencr non from you. then sended you

3607 2890 2336 141 & remise or £116: 2:10 for my ant nor you have one for £110:0n Danns

3615 2979 2299 143 porten att ½ nso also for ney aett besiders a small fum for £29: 4: at 2 uso

3613 2978 2343 190 on maubort for yd att 35:5 all which pluad to not accordingly. I know

3608 3136 2329 97 not en yett if the goods als oard uillard be past in coots beeng on hier way

3612 3170 2302 132 hether, & hul man writ es verij dubrour about the samd. onert versiick is

3618 3229 2307 159 wel arrives as also Puck pinder, t he same I hope ofR Wandevalle the

3615 3302 2318 130 worthrent last rec prove inditterent: is jwar sure that in hill would conti

3609 3380 2337 107 mee sobrth in ordering & dressing, I should be mon ferward: yett as I haee

3602 3443 2294 120 desirned please to order a bat of Dozins mors assorted ae by mine of 26

3297 3461 73 90 3

3608 3501 2299 153 paet mentioned with an other bale of northuns ees this last sent & to

3608 3581 2325 130 the inclosed paut Rinsterutions, which Booth may serve for the drame

3612 3644 2300 129 &wit hreus. cett them bebought with good tiene & basiine, that sohe

3613 3711 2276 148 grves ue complanits oft haste, butt gett thebest pernnicuerte he vn

3585 3802 2282 108 hand: as stold yon theedi doee bandens is do ad, & yeasterday dyrd gilt de

3619 3861 2187 102 mons. Phiis pattarers eroe to provide a packet do zus frm 3:

3634 3931 800 129 to 3:6 a yd vawe assort ed

3733 3948 1450 184 us also a pack of wwith ens from 4: to 53 a yd race

3945 4081 200 69 2 as N

3958 4129 219 108 1a63

3937 4192 238 139 5- 6

3910 4314 191 114 10 ps
