8522 4615
1181 187 2227 131 den tijt niet en hebbe gehadt, en is ul reeg dot doaghe nogh niet naer

1188 271 1582 171 gesien, dogh sulckx geschriet & eersten, & naer give

2883 354 539 171 C4 July 1681

908 420 1210 155 Mechelen Cornelis van Aken de Jonge

1525 514 232 88 beyde de

1166 490 2278 178 Icq bevinde bij den ul van uld. pard, as deser en hebbe de 2 laeckens wederm

1174 599 2245 174 ontf, de welcke dan sal af schrijven, terwijlen dat ie beyde dae ul tegen

1179 681 2234 169 de selve soo pensiut, daer en tussen soo waeght ul nogh afsloge op d'aner

1188 778 2242 163 & en seght niet wat afslagh ofte hoe veel ul pretend 't welck soo

1200 902 2229 156 haest icq vernee, in confidccatie sal temen, noghtans besoorde sulkex

1194 990 2251 166 sonder voorder afslagh te pasteeren, al hoe wel dat ick bij ul groote cloyden

1187 1152 2240 114 bevinde, & mijn calanken seer gecan dienen net alle mijn devoor engeen

1172 1225 2249 122 claghten te mogen hebben, want seekerlijck niet en is dat den coopen & coope

1193 1311 2250 165 meerder can aimeeren als tot content van mallanderen alles te denijaen

1180 1419 2236 137 soo dan sal devoor doen int toecemende ul genegensseijt beeter ue

1206 1527 405 103 voldoen, e

2952 1566 280 149 a 4d.

890 1605 1118 148 Mechelen Juff m van bereden

1169 1648 2256 164 Alsoo mijnen vrie van Eng die is geweest hebbe ul santn den

1198 1755 2237 166 laeten sien, en heeft van de selve geene willen coopen, sijnde alle gaerder

1190 1860 2257 148 te grauwe warch & te dien, soo dat ick de selve ul p bode wederom seijnde

1195 1995 2247 154 gelieft die op veven boeck uyt te doen, in ander od dencke icq dat het

1199 2112 616 125 beeter gaen sal e

2958 2138 266 158 a 4 g

945 2162 991 177 London m. Henry Maynaid

1193 2229 2222 189 mij last to you was out re 27th past, sence recd. yd of 19d. the contents

1196 2362 2230 148 I do vere well understand, & shall govd my self according & exspect

1203 2458 2228 138 w dat goods I gave oadr for & seeng some of yd correen. now with

1195 2584 2188 107 you, & exspected, you may freely dispateh them, before you i

1215 2680 2240 106 my more spanisch cloathes for mee, amonghst which I desire no grayes

1211 2750 1976 129 more, yett the C.W. selvee marex muss be bastered before all

1201 2815 2243 143 Inclosed is a p. of a patt. of his formar worck dyed black & yett muel

1199 2934 2227 137 ontworen, & those he makes now are not to be companed so I could

1216 3012 2216 145 wish you would, & could bring dun im dis old way huly ett sloule

1202 3153 1932 117 douy much good every yeare, & that for a constant custom

1207 3191 2197 163 for my ½ sha In the goods aboard Baiber have given you creditt

1227 3307 2172 146 ls for yd northren voyadge, by that you Intend to sett forwad

1196 3376 2228 179 shall advise you the needfull: the acctt. of sale of sime shall

1187 3498 2001 179 be sent you rext, & the errois in the bayes rectified.

1204 3604 2220 165 I have acceptied yd. bill for £155„3:2 for the ballance of the

1206 3704 2212 160 acctt. of Peeters, & perused m slanghw Iin discharge, which

1205 3833 654 135 I thunck is welle

3490 190 754 126 Londen m Aliam Vivian

5365 153 667 174 4 aij 1689

3624 292 2414 142 my last to you wat on the 27th past, sence recd. yd of 16 & 19d. I am gladd

3657 437 2453 102 you sad well ned. 6 packess, I hope n 7 & 8 with you before now, Inclosed noyce

3639 517 2423 108 of m9, whiel goeth ferward a minday nept, seir in you dave some of yd

3647 600 2426 121 desred new mode lupes, the rest shall follow nest week, & bee all, what I

3656 690 2418 124 shill send ferwaed, bill I have yd further ord, I lope you will finde beeder

3649 763 2412 133 sale, then as yett you have sproposed yd self, boath for the one & other sort

3664 882 2412 112 as to our northres corcernen, I shall be gladd to see the pareell you intend

3631 938 1827 154 aboard Budan compleated for that assertment will do 123

3648 1011 2430 173 2 backes of superfine northrens, 1 d fine, 2 of sngle doons, one of lnge

3623 1114 2448 165 cloth reds & blews, 3 of whise kersies, & 2, or rather 3 of bayes for wee must

3627 1233 2402 188 gave about t0o bayen in each vessel, this assortment if comen by Pindar

3638 1331 2440 196 will do what wee might desire, providedhe doth not farrij so long ben

3618 1458 2461 135 case the veuter be to much for you, you can gett part of is ensuned, to bave

3623 1558 2454 115 our goods att the markett when itt is time of sale, pray keep a farticular

3622 1627 2422 143 acs as I do of what orders I gave & see all duch, compleated, beeng

3618 1700 2463 178 gladd to understand that is good weather & cloth good cheep, to shall

3615 1804 2491 163 exspect all the glitus, that a cloth can affordr. now the wort bont

3622 1947 2419 142 is the mony I sees you are likely to be some what straighined, sauly d

3594 2021 2453 159 I shall do all what Jean to comply & though I have this month to

3607 2093 2422 174 pay no less then £1200 st yett I shall endeavour to remitt my thare

3614 2224 2396 146 es soone as pou, se pray goods do yd best to rebl of all wishus drawing

3602 2352 2412 117 on conce, & you will be sensble of the domy, for rtt will be to boath our

3610 2411 589 149 advantidge

3497 2483 883 163 Londen m. arthur Anneslay

5460 2524 350 134 C 4p

3581 2588 2487 208 In answer toyd of 12 past, for want of tume have not as yett been

3598 2753 2465 144 able to send you the acct. of sale of the resting goods yet as soone as

3616 2855 2457 140 pou I can shall send itt, yds bill I lave accepted & placed to yd acct & as

3596 2900 2489 182 soone I can shall remitt you assureing you that Iam not backward &

3611 3032 2449 145 secureing s debts, yett I donrt finde mij self much in each for you

3597 3121 2406 157 as you supose for beleave mee I would not make use of other peoples

3607 3193 1700 175 valew, of which w collur can give you good acctt.

5463 3289 56 98 d

3493 3292 991 173 mijnekercken m. Benry Willinghten

5495 3338 281 155 a 4d

3599 3421 2442 210 In answerboyd of 28t past have now found a fure good gearle mo klan of

3592 3540 2457 155 2 stings, which I am sure would furne to a good acctt, if you would sell

3597 3629 2484 190 itt, for as I am persuaded & advised itt is a great daseed yet seang yd indifferent

3592 3745 2483 159 ord. would not absolutely aggree, without I heare ence more from you, whilst sinthe

3593 3801 2468 179 meane while I shall endeavour to finde a curious pont for a womans dead, which

3595 3867 2476 196 wee call a comett a the sleaves accordingly, the peaile necklave & the laces will

3607 4002 2415 180 not come so much more then the ƒ 1200- a I doubt not butt that the will seve

3609 4087 2421 180 to content, yett I could wish you did semt some price for the laces, because

3617 4178 2110 175 the diference is vere greett en exspectation of yd further a dvise
