8330 4601
2189 202 856 102 In Antwerpen 4 Juny 1681

698 229 826 106 Gent francois Herrebout

943 259 2200 144 mons. den ul van 30 past heb ontfangen als mede het pack catoene lijnwaert

930 373 2166 101 Rogier vandewalle doet in pertenentqualijk dat hij onse goederen soo lanck

936 444 2279 95 op hout alsoo de selve noch niet sijn aenkomen waer hij blijft geleeft te adviseeren

714 498 694 123 Brugge Raphael Coots

2604 513 261 116 4 Juny

940 574 2209 136 m. 28 past was aen ul mijnen lesten sedert den ul van 27 ditto op sijn tijt onf

952 667 2203 101 als mede de catoene, ondertussche hebbe met nu pasientie ul advies tegemoet

945 705 2230 131 gesien wat passeirt verneme geirne Jean Ewings was gearriveert de twee

905 755 2252 117 pack N. 13 & 14 met ider 30 sergies sien tegemoet, onse goederen tot london werd

947 860 2193 83 in Engelsch schepen overgeladen daer af breeder hebt te verstaen thomas smith

952 923 2203 83 was noch in loading tot Hull verwaghte des met den selve ontrent 10 packen

931 969 2148 104 soo hij voor nu niet is vertroken, van gent wert ul toegesonden een pack

944 1059 2194 83 legaturen om met eerst Engelsch schip nae london te besorgen hebbe hier eeng

953 1136 2197 104 tijl packen de welke daer tegens werden gereet gemaeckt waermede blijve

2628 1170 417 127 4 Juny 1681

682 1176 750 141 Meggelen jouff: wiganen

954 1213 2270 189 jouffrouw salut Ick verwaghte van ul te verstaen ofte ul eenigh kante sult toesenden

952 1342 2236 121 volgens de memoire ende mate ul medegegeven, nu heb ick advies bekomen, en ordre

945 1419 2188 115 om eenige kanten oock mede te senden gelijk ul lest hier sijnde bij ul ge hadde soo

935 1476 2187 144 gelieft van die soorte 3 a 4 stucken mede te senden ter hooghde vande cleyne

943 1559 2270 122 mate voor manchetten tot een preuve, soo ul mij well doet en goed koop dient

937 1624 2185 113 het sal ul tot proffijt dienen, alsoo ick veel jaerlijkx noodigh sal hebben

951 1733 1314 84 oversulx verlate mij daer op en nae groet

2582 1766 419 100 4 june 1681

682 1755 824 154 Brussel Joseph Sabberton

954 1810 2227 161 Sr. the 28: patt. remitted you ƒ300: onstepanns kints, inclosed ƒ 200 onseger

955 1887 2206 154 vanderborght which I doubt not butt he will paye punctually att sigh, as ssupose

943 1965 2200 137 you rec. the ƒ300: a bove mentioned besides I doubt not butt dehertogh att payd

960 2043 2197 150 before now: I should faime dispatch a packett, where fore praye gett my desired goods

949 2144 1759 132 ready & lest mee heare from you whilst I remaine. kinde saluts

2589 2173 409 124 4 june 81

672 2203 799 143 Brussel vander Borght

958 2268 2110 151 mons. versoeke voor mij de vrintschap te doen, om te tellen aen mons

949 2358 2157 143 Joseph Sabberton, twee hondert guldens, volgens een briefken aen hem

989 2427 2102 147 gegeven tis om canten te betaelen, daer ick geen uytstel voor magh vragen

929 2503 2196 117 daer om soo neme vrijigheyt ul daer mede moylijk te vallen, tgeene

957 2588 2073 132 hope niet qualijk sult nemen ondertusschen soo iets tot ul dienst

965 2636 2183 116 voor raet gelieft liberlijk te commandeeren, hebbe het packhuys vol goets

967 2743 1147 133 van alle soorten tot ul dienst blijve

2615 2756 266 171 C4 Juny

736 2841 530 144 Brussel Jan vale

960 2900 2133 186 alhoe wel op 28 pass ul erstelijck hebbe versoght dat de bekende brustelse laeckens

960 3022 2121 130 moghten afgesonden woorden, soo hebbe eghter de selve niet vernomen, oocq niet

967 3118 2114 137 van ul selfs, waer over mij verwondere, soo dient desen andermael om ul tot

985 3259 1884 111 expeditie & advis van 't een & 't ander te versoecken, ter wijlen &

2631 3332 209 115 a 4p

735 3340 575 141 Brussel Jan Jacobs

952 3420 2093 177 volgens 23 pass heb ges soo is het pacq ul bekent grot lof tot londen te

945 3508 2172 176 nigh gearriveert, ende daer al gelaeden in een eng schip 't welck met den

960 3631 2118 172 eersten goeden wint nu weert verwaght, so gelieft met mij daer mede te

980 3747 2140 153 patienteeren, daer en tussen verwaght morgen een pacq spaense laeckens van

965 3840 2187 187 differente prijsen, oocq eenige van de leege soorte, dese sijn oocq gret lof de parijcketen

968 3946 2185 147 ontcomen, soo dat in gevallen ul gedient is eenige goederen te hebbe, ul genogh

930 4049 1943 190 saem sal connen dienen, want voorts van alles nu wel versien ben

5870 236 70 61 66

3335 220 769 154 Brussel ant. & Jan Pieters

5201 247 451 148 a 4 Juny 1681

3529 334 2350 141 niet tegenstaende mijn different schrijven en verneeme niets van ul waer over mij

3517 469 2407 119 verwonderen, aengesien hier ul saecke is, mr. slaghter wilt absoluet u goederen verkoght

3518 558 2417 116 hebben, en verstaet sigh te houden aen het accort 't welck ul in sijn vertreck van londen

3508 639 2432 143 hem hebt toegestaen, oversulckx en can niet langer uytstellen de selve te verkoopt is

3519 789 2319 101 publicq voor alle man bij stadts roepen, soo dan is 't saecke ul eenige

3526 855 2301 117 andere middel daer toe can bij brengen, gelieft ck te te adviseeren, waer naer

3518 951 550 153 waghtende blijve

5378 1011 229 130 a 4d

3339 1042 720 175 Brussel wed. Bonecroy

3522 1122 2371 195 Icq en twijffele niet oft ul heeft nu volle bet ontf van d'een en d'ander

3523 1261 2414 141 ende dat alleenige canten voor mij gereet sijn, soo gelieft mij toe te seynden 't gene

3517 1351 2132 157 gereet is, & niet naer alte mael te waghten, waer op mij verlate & n

5347 1470 545 119 a 5 Juny 1681

3320 1451 756 139 Leuven Guill Lefebvre

3515 1521 2426 124 mons. ben ten uyterste verwondert dat ul niet beschaemt is mijn gelt soo lanck

3506 1622 2438 122 in te houden, het betaemt en heerlijk man niet een ander te bedriegen, geen ul aen

3512 1677 2392 128 mij doet enis niet veel beter hebbe mijn goet van ul verkoght An 1679 in g

3494 1736 2417 120 omvolgen u beloofte contant betaelt te worden dat is nu 20 maende geleden & ick

3513 1814 2407 95 en ben daer van noch niet ten volle voldaen mij komt in alles mede gerekent het

3509 1867 2420 122 root laken gelevert 1680 in stuy: is ƒ362:17 waer op treke te betaelen aen bern

3501 1939 2397 135 schorels ƒ150: en ten sij lake dat ul de rest aen mij oversent ofte ordonneert te

3506 2005 2410 126 treken, sal mijn best doen om op een ander manier te bekomen & selfs te pleatse uyt

3502 2106 1257 96 werken tgeene verwaghte sult previnieeren

5462 2088 429 133 5 Juny 1681

3294 2141 806 145 Leuven Adiaen Everaets

3496 2168 2421 143 monsr. hebbe voor nu gewaght dat ul mijn reste soude hebbe gesonden & meerder goedt gekoght

3486 2259 2447 120 het welke al hoewel tot nochtoe niet geschiet is soo nochtans hope ul int toekomen

3481 2325 2408 114 konnen dienst doen tewijlen heden hebbe ul belast mijn rest te betaelen aen monsr.

3483 2403 2438 135 Bernaerd schorels sijnde ƒ31:6 volgens hier onder, de welk promt gelieft te

3496 2461 2432 125 voldoen alsooo nu bijna 14 maende geleden is den tijt die wij het proffijt te veel

3504 2556 1266 110 vermindert daer en tusschen nae groet

5437 2544 434 142 5 Juny 1681

3288 2590 808 148 Leuven francois Davids -

3477 2610 2402 204 monsr op 9 maij lestleden heb aen ul huys vrouw gelevert een stuck swert perpet

5497 2726 221 130 ƒ36:-

3476 2758 451 102 gelaeten tot

5512 2819 181 66 „30:

3477 2822 467 126 een geverfde bay

5308 2831 444 161 samen ƒ66:

3495 2849 1647 155 het welke volgens ordre bewijse te betalen aen mons.

3480 2936 2372 131 Bernaerd Scorels versoekende t selve gelieft te doen en soo iets voorvalt gelieft

3498 3028 1383 92 vrijelijk te commandeeren die nae groetn

5473 3055 417 122 5 Juny 1681

3306 3071 741 151 Leuven Joan van Obstael

3477 3110 2426 158 monsr. desen tot advies als dat veel vers goet hebbe ontf. soo in gevallen iets

3475 3221 2448 126 belieft te hebben kan ul nu wel dienen daer en tusschen ben verlegen om gelt

3479 3293 2426 146 soo kan ul mij vrintschap doen wat te senden, terwijlen traghte onse kennissete

3483 3385 1257 109 vermeerderen Blijve nae groeteniss

3464 3453 1157 121 ofte soo ul gelegenis kan op ul treken

5474 3430 414 164 5 Juny 81

3291 3485 625 164 Leuven Joan De Goede

3468 3552 2432 166 mons. in antwoordt aenden ul van 31 may en hebbe den tijt nu niet om mijn Rekenig

3464 3662 2367 126 uyt te treken maer sal die ten alderberste sende ick binde dat ick niet geabuseert

3473 3737 2383 107 ben maer wel ul omdat ul de Rek formeert nae u begeeren maer soo ul als mijne

3460 3790 2476 116 facturken bij hebt ende die samen coght soo sult gij bevinden geene geseyt hebb doch

3475 3849 2437 129 sal p naest u faute aen wijsen, sende hier ingesloten staelen van fijn lakens, soo ul dan

3452 3906 2444 147 die eenigh begeert laet cito weten de prijsen sijn opt minst gestelt:  bruyn heb maer

3450 4046 1731 92 een volgens dit stael a 54 p voor ul gravene

3453 4079 2056 123 N 579 a ƒ5 delle N. 633 a ƒ4:10 p a 4 N. 625 a ƒ 3018 pr a

3446 4160 1097 121 N. 578 „ 4 „ 4 N.342 - „4:-

4024 4223 524 89 N. 631 - „ 4:16

5289 4226 143 124 D

3451 4243 467 100 N. 529 - „ 4 „ 4

4035 4283 518 91 N. 324 - 3:15

3445 4313 481 95 N 585 - „ 4 „ 10

3442 4343 1109 102 N. 326 - „ 3 „ 15 N. 324 - „ 4:5
