8453 4622
978 201 2415 132 you resoloeto, send anything, do not send itt upon my acctt nerther to mee

955 303 2429 99 for I will have nothiughto do nith them fors they beeng free over mee

940 369 2435 155 should give mee nothiugh, the best way is procided you could net excuse

976 466 2410 114 the case to send itt to my father directely, & then they wil satisfay him

969 560 2415 157 other wise I will not have concernes beeng yett without my obliggton

759 622 1781 143 london p Henrij collier Antwerp 2 sb 1682

1845 730 96 90 he

965 731 2363 166 in answer to yd of 14 past are not pleased to advise mee what was

969 849 2353 141 told you off mee aft yd coming heather, & recturne whicl I could wish

949 917 2401 131 to know to iustifie my self, for though you are inclined to call mee

970 1033 2418 139 cornitions, yett I can not imagine upon who autt: you beleave mee tot

964 1099 2364 118 be honest, & you do noth thinck mee tobe mius, traly, Sawish

962 1216 2331 122 my self rather dead, & vint of the would then to hoe imust, & do

958 1299 2363 128 preiudice sfrong to my freinds & enemies & those that shoud finde

958 1418 2420 99 them selves ceronged by mee, do mee vrong not to sell mee of it, for

951 1479 2385 131 probest I well endeavoir vrong caslong as I live, that exerg one

981 1592 2295 111 shall have his dee & thee for if any error shoud be comitted, itt is

973 1676 2407 112 without my knou legge butt what should I mlarge apon that aatt

972 1754 2365 96 will you gaestion my inteyrite. have you no proef encough yett

978 1840 2356 148 would you blame mee in any thing I have don from the vere hour

977 1952 2362 133 come ander yd root, pray if there bee amy thing lest mee snou

983 2030 2366 126 itt freely, that I wight rect fie ilt or begg yd pardon att yd beeng

976 2139 2331 134 here there was duete youst £376„ 11„ 1½ flemish pon that

977 2218 2404 126 there is 2 bills drawne & one redrawne with the renust on  button:

980 2305 2356 119 aft this verrehour is standingh out for yd acctt of last yeare, as

986 2382 2308 161 here inclosed you will fondelg the note the greatest debt is Jan

1003 2499 2369 106 carlo de coninck, of han you may be informed by this brother in lay

979 2599 2370 121 m. sames versprect, the debt is good, bast his pay is long & the dyed

972 2664 2308 125 of late: the widon emiddens is broake as I have advised you before

979 2777 2398 112 the rest ncost have its time though I never was more pressing thenau

978 2875 2410 129 am, haveing same, older debts salled in law, & the wedoer fornont

957 2964 2411 152 formentrouw shall be shallenged alsoo, if she payes not pificst, thus

995 3083 2343 138 you may see hoa imiust dam to you, of what is sold this yeare

971 3158 2388 114 is not one pennia rec proffer yd cloathes very is sold this yeare

988 3253 2375 142 day, & in case d conseell them they shall be sold then 3 monthes,

965 3376 2394 121 for oar sale now cornel on: as for tykes, sinel I sent the bale

981 3505 2276 94 to ne prekeing & notl able to make up an oher, because the

987 3553 2256 168 har ceast, the people ded send in verefew, yett whatt I sence

975 3656 2340 174 gathered, shall be made op to wards nent weeck, beeng about 170

981 3756 2356 119 a 80 per cento & then I hope bemade up to wards you shall not

994 3867 2298 124 refur to accept £60- or £70 st to ny Anneslay whilst with

1007 3949 815 145 kinde salui I remaine

2117 4018 894 151 Antwerp: 2 sber 1682

773 4037 1075 157 gent mons franchois herrebout

999 4140 2369 151 monsr. desen alleen p brenger hier van mons John hunger foot aen den

1005 4220 2346 101 welcken ul gelieve dienst te doen, ende te rechte te helpen volgens bij ul

994 4310 1431 100 sal versoeken, waer door ul sal verobligeren

5907 222 144 125 258

3427 196 679 173 Brugge Raphael cots

4511 240 779 134 Antwerp 2 sber 1682

3628 340 2409 176 Mons: in antwoort aen den ul van 26 passato, ul trato hebbe voldaen: de

3634 475 2436 115 ick sal oversien, ondertusschen, sijn de gemengelde frisaerden daer in ten vollen

3627 570 2454 136 belastt, en sij sijn maer met een loot gesegelt soo gelieft sulckx naer te sien

3630 652 2415 122 oft geen erreur is. ick bidde ul en laet mijn haes niet langer tarderen

3616 729 2327 155 sentse liever per bargie & soo voort per beurtschip van gent benseer

3632 851 2478 123 verlegen om de goederen aen boort klerck, en verlange om sijn arrivement

3606 906 2335 138 facies te verstaen met wetende waer bij tardeert, ul can de goederen

3629 1019 2446 132 t' samen op spoedighste laeten voort comen: en adviseren wat passeert sijnde

3424 1088 871 163 Learen mons Jan de goed

3635 1196 2344 161 mors in antwoort aen den uwen van 30 passato hebbe per bode bernard

3619 1320 2414 146 schoreels ontf f drijhondert achtien gulden thaelt en drijghacht ssuijvers

3635 1407 2388 102 rooseers quitantie hem gegeven in gelijck ul by de medegaende can sien, het

3635 1503 2436 132 is onnoodigh voor ul mijn iek te maecken alsoo ick die selfs wel maken

3620 1559 2456 138 can niet wat gelondeerde pretentie ul van mij £42:19 soude connen corsen

3637 1673 2401 127 grete ick niet te achterhaelen tis waer over het feu laken 1679 2 xber

3629 1731 2450 158 hebbe geonfenteert icts te laten corten d'welck ook is geschiet 1681 25 suniy

3644 1829 2417 143 want als dan en heeft ul mij maer gesonden ƒ 278„9½ ende gecort ƒ13„13

3637 1924 2407 123 valr voor ul int geheel crediteer ƒ 292„ 2½ als blijckt bij de niedegaende

3641 1989 2388 142 wegens het laken van 20 a 24: 1681 dat had ul gecocht ende alhoewel

3633 2074 2411 157 een ongelijck aengeomen dat is tot uwen last, ick hebbe selfs noch

3629 2185 2366 138 wel 8gt costen daer aen gehadt evenwel dat hadt gestolen geweest

3635 2268 2337 137 loopt voor al riscio alsoo wij daer geen draegen van hebben moeten

3620 2352 2408 150 ick sal ul altijdt wel doen en goeden cop geven maer ick magh geen

3627 2433 2484 128 gvee mael laeten dingen anders soude mijn provisie verre verloopen &

3639 2536 2430 132 alsoo die in rekeninge lanck sijn goet gedaen dese teste verwachtende blij

3431 2575 1132 132 Rotterdam Francis greenwood

5218 2611 624 143 3 Sb 1682

3640 2695 2393 137 31 passato heb ue p srost gesonden een perkettse  N. 6 heden sende

3629 2788 2401 122 ee ditto.N.7 voor dien en dander te lebtae, 2 patt segge voorider

3610 2852 2461 134 va de selve, gelieft de seeve opt spoedighhst te expedieren p eerst

3644 2945 2405 152 occasie naert ubbrn aen m BaatanLenin, stullende den kesten

3630 3027 2424 157 op syn rek sal ue vanen onsfank ue geieven daaderen te laken loekomen

3418 3030 690 175 Dort Robtert hentsly

5328 3097 535 135 3 3b 1682

3449 3170 2605 141 den ue. 14 sulg lest is bij mij onbeantw: ondat geen vansie hadde as in

3633 3260 2373 132 as voitune te remitter, ingesloten ƒ 301:5 &baut gelt tot laeste

3628 3343 2397 110 ordriaen de que snoy in Ameterdam a suht p. cas waer

5267 3410 116 68 6d

3628 3416 2427 169 vore het nooch gelieft te besorgen, aen de ue advier: van satisfactie

3645 3474 1690 136 laten toekomen ick mahe ue credit als volght

5384 3505 423 136 ƒ 366:16

3901 3540 791 157 geremitt ƒ 586:13

5480 3561 246 115 29g:

5459 3602 306 122 221:18

3931 3636 733 119 heden „ 301:5

5499 3706 321 123 587:103

4375 3697 382 174 367:18-

3660 3841 2358 150 uen moet daermede te vreden sijn went ick beijndie goed

3650 3942 2382 127 geen re heb gevondeen, e andere mij leter heb ben gedaen

3628 3983 2389 190 sege gelost uen mij meermael dienst te doen gelieeft het soo

3651 4059 929 158 af te sergeen bljvend
