8528 4601
797 211 1009 104 Brussel Rouff Annapeeters

2333 209 949 110 Antwerpen 10 gb 1681

1067 312 2252 111 conffr in antwoort aenden ul van gisteren de lakens sijn nae londen

1044 351 2271 155 sal wegh gesonden & tgelt wort prompt voldaen wet voorseker dat

1074 411 2234 174 het aen mij niet en sal manqueren als wanneer ick aen ul broeders kam

1052 506 2224 141 dinst doen & mijn foute niet en is geweest dat het soo lanck heeft

1076 564 2153 171 gettardeert want ick altijt bereyt ben geweest & gebeden hebbe om

1082 632 2180 171 een eijnde te maken, lakende dat ul strijft dat mons. verspret de

1083 694 2211 199 penninge tot London soude hebbe gearresteert hebbe heden u broden

1086 769 2177 205 gesproken den welcken seght, als dat sulx soude sijn geschat pso -

1066 860 2188 180 forma, tot versekeringe van u broeders doch eijgenthijh en kan ick

1082 926 2209 168 de saeke niet ul broeder heeft gesejt selfs aen ul te scrgven tis

1074 1056 2243 141 seker dat monsr. verspreet u broeders vrint is tgene hij doet maer

2698 1089 600 170 11 gb16817

1057 1141 1357 110 salleen is tot hun voordeel sal treken

810 1181 1011 137 Mons. Nicolaer Hengclair

1073 1198 2233 168 monsr. En response a la vre du8 courant je vous remercie del honnour

1084 1293 2188 143 que vous stuer donne a ma lettre a mons. trivier pour la Reste de

1084 1357 2156 149 vre premiere courpt. les bayes dant ie vous ey escri sont arrive, et

1082 1429 2174 162 je vous envoyerey plapre barque sur brussee amad devos 6 peeces selon

1068 1479 2171 157 vre ordre de la melieur sorte et si bon marcke qui ie les peufaire

1073 1537 2176 198 pour vous animer decontinuer ensemble en cortespondence pour

1055 1607 2193 169 de crisette, ie confess quealors ie nestois pas for bien pour veu mais

1070 1675 2179 195 I attend decour auttre un pertie laplus belle, qu'ie j'amais eu, et ie

1073 1763 2112 142 vous envoyerey un deplus beau,et aussi ie vous laisserey rabatre

1077 1808 2227 174 ce qu'il serett reasonable car lanne de plaire mes acis puis que le

2132 1883 1070 179 quand il vous plaira devenit ie ne

1078 1973 655 114 suis avec mes besse

1077 1964 2255 165 manquerey pas amon dbroor pour vous bien servir estant a present

1052 2026 2258 198 fort bien proveuayant reeunirghres prandepertie de nouel marchand is

2568 2108 701 159 d 10 ditto 1681

786 2179 965 125 mons. Bierre meurant

1063 2203 2220 143 mons. En responce ala vre du y courant, j'attendu deiour aultre vre

1078 2270 2237 165 responce a la miene du 31 passato, non obstante pour de carise dont vous

1084 2327 2109 170 estrive ils sont arrive il y a 20 peeces dans les packs avec un baye

1053 2379 2197 174 fardelure et ils sont de blancke lifte mais melieur, et plus large

1077 2449 2154 206 qui les precedentens, ils me coustent 1o pater a la peeces plus si vous

1062 2536 2240 162 les voulen laisse moy scavoir avec la preaultrement ies seront

1070 2592 2246 158 vendu, aussi ne manque poun d'escrim touschant les & draps denont

1069 2667 2220 187 presse dont ie vous ey envoyez les eschantillions, et les quelle vous

1074 2742 2224 144 avez muse acoste, car ie les ey lasse a part & monpreuve cc ayet

1070 2828 2150 144 en l'occasion de ses pouvoir vendre bief deux fois en attendent

2738 2886 525 129 @ 12 ditto sors

1086 2932 793 131 vre responce de meure

791 2983 762 137 London Will Scawen

1095 3028 2127 165 S. my last to you was on the 5: curitt to which please to be referred

1053 3131 2210 148 sence recd yd of 21: past with factury of the 10s salempores ma

1071 3192 2194 166 bale IM„N.1 aboard van fenwish which is wel arrived att ostend

1062 3274 2243 196 so exspect the goods heres towards next weck. nnot ron the rrestng

1070 3358 2176 189 goods will be sold as neare as possible as also yd acctt: ready towards

1046 3440 2227 175 ids arrivall here on which you may depend I have given vourreditt

1059 3554 2235 128 for my halfe share in the above mentioned bale N.1 I desire no more

1066 3640 2229 151 goods for this time much less th brouwn cloth att Lille, because

1079 3747 2166 137 the charges should be to much & the less I have now the soones

1058 3791 2267 154 all will becleared to begin on new towards next sale. & returne

1077 3940 2258 110 you thanckes that you will be pleased tosels my packett N.3: as best

1054 4000 2273 127 you can, which pay do, for Ill send no more for my acctt. exspectig

1053 4114 2127 109 yd, answer for the packest N.4 which is herefill & so with vort

1055 4177 914 135 andr satusf kenneue

5201 202 789 97 fntr: 12 gb 1681

3376 209 627 117 London John Layd

5486 258 81 60 th

3555 246 2425 146 S. mj last to you was on the 5: curitt sence recd. yd of 21: past, the artf

3544 328 2371 141 cortificatie is not yett don because our onely english notary had no

3540 386 2384 133 time yett to gohim self in to the casth, yett he promised to performe

3561 426 2429 162 before nextpost, so I shall not faile to send itt accordingly att beengne

3546 503 2435 151 trouble att all to mee when I can serve a freind & principally in matters of

3554 579 2347 139 charntie, in the meane while in thomas hartopp, one of this towne is

3550 644 2387 129 now in london & you may finde him, either by mr. Henry Collier or

3542 700 2389 159 mr. Lucy knightley, he hath beenvere much acquainted with m. more

3540 783 2402 141 alias norton, if the widdow could speake with him he would be able to

3541 779 2460 202 tell more then I shall cossibly, gett inpaper written for he hath osten

3559 892 2391 173 discoursed with him & knows severall of his passages, as Iam told, he

3563 962 2410 158 beeng vere compbasant I doubt not butt he will give you dor the eidon

3551 1017 2436 177 full content as for bos yarne must be hale white, because of the winted

3537 1123 2453 161 time butt towards march next & st brill itt may be half white or raw

3551 1238 2409 92 or not whitened attall, so for the triall & because of the season itt

3565 1235 2436 161 must now be all or hole white to serve presentley, and the parcells assorted

3539 1329 2411 155 from 8 to 16 ounces the bos, I do not question butt in case you are

3558 1396 2398 164 well served in the yearne, that you will finde vere good returnes in

3532 1454 2437 157 tjkes & so that you will out do all & gett well. inclosed is anote of

3548 1540 2386 167 100 tykes which cost 1o first penice the charges are not more now then

3550 1615 2379 186 formerly to yd governo & do assure you that they be curious goods &

3545 1680 2442 170 cheaper they can not be bought the  2 seales are foulded 2 mone

3567 1753 2391 189 as also the  great lead, so that will safe some thing in the charges

3574 1846 2345 143 a goivrno, you shall have the soo weight of clovere seeds p. vere

3572 1949 2351 138 first as to the nictures you can have butt here fo p. for 50 a ƒƒ60:

3556 2028 2375 108 yett Ill do my endeavour as well I can butt please first to advise mee

3549 2080 2364 145 how bigg or spuare they must be, for haveing there or there about y ds

3551 2145 2391 133 measure shall be better able to serve you to content, you may send the

3558 2225 2437 140 measure with a thread p yd next & I doubt not butt that I shall f inde sor

3564 2313 1932 137 some thing to yd content whilst & remaine with kinde

3556 2332 2425 207 pray do mee the favourtogett the inclosed accepted I llserve you n the likerid

5401 2405 420 142 @ 12 dito

3401 2479 791 149 lond- ney knightley

4333 2508 118 97 th

3574 2488 2416 182 Sr. in answer to yd of 24: past, I'll do what I can for the disposing of yd kersies

3567 2568 2413 168 butt I am sorry that I am notable to do any good swith . because ourpeople

3566 2662 2417 131 knows not the sort areused to 22 yd & 30 yd which cost much less. I observe

3578 2700 2409 165 that yd agie is returned which is not good principally this time a yeare

3579 2777 2409 172 I have been in commoded bj bleeding which had almost carried mee awaj

3569 2833 2394 164 if I had not been helped on asuddame, otherwyse such I have not been

3572 2919 2392 124 although that bleeding weakned meemore then a great sichness as foryds

3577 2963 2400 133 chargeng mee p. ex. all is well yett Ihope the good freind will give butt seldo

3566 3038 2409 123 more that truble I take notice that you have 7 excellent redds of £10:10

3585 3098 2343 127 of which I am glad because yd last bale is not yett sald all, which were so

3583 3145 2403 150 bad & thread bade that they were att least 1o b inferior to formar goods

3588 3229 2367 135 which made mee verely belevve that because of yd indisposition you

3577 3302 2355 141 had not bought them yd selfs, nonsced y for & am confident you

3588 3375 2349 156 should not have sent y Ihope you will not take itt that 2 spake my

3578 3435 2321 141 minde butt do mee the favour to take 5 of theise best redds & gett

3590 3508 2403 138 anvorees of £11 9 22, a £13 ap &2 bayes wrappers of about 40ss ap. send

3594 3585 2388 115 them mee pr. first, & ill see you puintually satisfied which isall att present

5423 3647 392 75 @ 12 ditto

3425 3640 677 147 London Henry Collier

3594 3668 2387 151 S. in answer to yds of 14 & 24: past: inclosed returne you mr. kart op plette

3591 3778 2397 103 he hath not yett been att fom home sence to demand from him the charges

3575 3880 2419 61 butt I doubt he shall not pay them neither yett herreynme will do his endeevous

3587 3889 2393 140 I petty poore biclley ended forhe is not the cause of yd loss, I could wish he had

3585 3978 2406 107 some imploy tolive forold & noore are 2 badd things: Iam told that yous

3592 4028 2382 113 mr. Hurtopp is now in london beeng gon over with the last gaght & do

3598 4115 2321 92 not question butt he well come to see you, so that there shall faile

3584 4197 2358 108 noopportnitie to make yds complaints he is likely enough to be well

3581 4265 2352 112 advanced here for is good behavonw, I was told that he is madea cap of fort

3590 4370 2260 76 in the kiighs sermee here, which I should be gladd of to know to be so
