8569 4636
803 240 909 126 London Arthur Anneslay

2411 230 722 122 Antw: 20 b 1681

2851 310 75 63 th

2078 300 96 85 th

1103 330 2256 108 Sr. my last to you was on the 10: curitt sence recd yd of 28: past with the patture

1101 400 2162 112 of 55: p of serges, which god be thant hed are well arrived & here dayly

1089 477 2259 129 exspected, when & shall advise hoss they prove, whilst now certeinly

1113 550 2218 155 I promise the needfull acctt. in avere skort while & remaine with

2721 629 589 123 @ 20 ditto 87

828 643 775 139 Lonlon John Lojd

2167 695 137 105 th

1096 722 2228 139 S. in answer to yd aggreable of 2: curitt the charges up on the cloversaid

1109 821 2212 113 are ƒ2:2:- att bruges butt them att gant Ihave not ydtt they will not be

1117 875 2214 150 above 4ƒt which shall advise you with the cost & charges of yd desired

1084 975 2200 129 pictures, which now & gott ready & shall be sent forward withim 2 a3

1092 1058 2223 115 as for the yarne, the charges of coming in you have here undernoted

1101 1072 2282 181 & are butt inconsiderable: our turnhout neople will not come to to wal

1089 1200 2107 123 these t because next week is our chriftmas, & so the first

1095 1248 2230 157 markett day is in au. when Ill contrive what I shall be able to do about

1105 1349 2195 132 itt to promotte yd intrest, & proceeding in that trade, baiter will

1093 1443 1659 121 be the best, of which more att large in time

1118 1492 2176 128 as for tykes the bale N. 21 is in handes of m. coots att bruges N.22 is

1108 1530 2235 149 underway for gant, of N.° 21 is the right invoyce of alleost & charges

1097 1652 2258 132 here inclosed of which I llabate my provision of 1½ Poc. as ther

1113 1703 2190 135 under noted, so if you please to take itt so for yd acctt you please

1084 1790 2259 144 to send yd order toom. haph: coots about itt haveing qivehim the

1104 1869 2220 135 nessesary advise there off & to shew you what inclination I have

1103 1930 2228 139 to continew that trade, am contented for payment with yd remise

1108 2002 2140 140 att uso, boath which I supose will advance noless then 2½ pos

1097 2102 2173 138 more then what any other freind is served att & that in hopes for a

1113 2162 2202 149 better, because gnever sended any yett for my acctt, & sence I had

1102 2230 2188 136 yd first order (for Chilew not that I com. so much before I have

1101 2294 2266 195 sent forward to the number of 23 of which part you had, som

1090 2373 2259 180 in case you please to accept of my proffer you may give mee credit

1079 2446 2281 153 for the import, & send yd remise, or order to draw not doubting butt

1111 2534 2260 150 that you shall finde yd acctt. there by: & in case you please to have

1114 2635 1676 137 any more command mee freely & so remaine

1117 2666 2219 194 shere is the ⅓ are foulded 2 in one so there is saled 9 custame &

1056 2745 2290 169 there is now good oppootunitie for shipping att bruges therefore pray

1113 2826 2185 163 delay no answer for feare any strost may be hund rance

2584 2912 727 131 Antw: 20 dittoo 681

826 2939 934 129 Loncon Abram vivian

2120 2984 232 113 th 3

1098 3034 2261 160 S. I have before mee yd of 25 & 28: past. I am sorrij you are so urgent in

1104 3094 2203 153 drawing, yett seeng you promise to do so no more be for our next meeting

1111 3148 2199 168 have accepted yd bill I have also eschaped redrawing ou you as I feared, so

1097 3213 2258 178 that I shall want no mony butt next month to pay them bills of 260rt

1102 3309 2181 154 & 11 gb towards which Ill do all I can yett ai so sure shall

1108 3370 2183 139 come much short, so you will do well to remitt ororder whom

1102 3431 2255 142 to draw up on this month ending you shall have all acctt. & I shall

1105 3518 2298 126 beglad to see you here towards sprins to resolve about future proceeding

1103 3607 2252 133 nntrim & hope the bayes in ordered are all shipped of which I do muct

1093 3668 2276 140 long to understand for & do wantthm & shall want some bayes more

1100 3737 2284 128 & fine broad cloathes of which an acctt. pr first the bill for 201

1111 3834 2208 89 crowne have sent to gant againe, & my freind writes mee that he

1106 3886 2237 107 promised to pay itt withim 8 a 10 dayes so wee will endeavour te procure

1116 3978 2221 97 itt either by fare or fous meanes. as for the laced trade, itt is now

1115 4062 2252 95 upon the lowest & solow, that itt can not hold 2 monthsfor the

1099 4113 2252 105 worck people, can not subsist, so that come must iun away

1095 4187 2271 112 ordrive other concernes for laces can not bemade as now they are

1104 4281 2274 121 people, go begyiny with y & can not gest 3 a 4 stivers aday, so have

1084 4338 2261 132 you aminde to do any thing make atrgall & lett mee send butt

3493 211 2468 120 one pachett to my minde which & will assort & make up as dayly now 80o p4

3502 300 2474 106 asseure you, you will wonder of the penneworths, besides itt will in corridgey

3499 394 2478 65 customers to take off the rest cam now altoghether a lae trades man, for

3501 400 2446 144 be leve & have sended to England to severall sence 3 months for above

3498 454 2509 140 £1500 sp in laces, there fire lett mee have yd answer pr. first that you

3493 514 2472 139 may see how they sell now & & do be leave yoou will come over the soones

3493 575 2484 128 to provide good quantities, for towards spring the laces mustrise orall

3510 637 2433 140 that makes itt are ondon: I know mr. furnase vere well, & what goods

3503 700 2413 132 he receaves dayly, & am sure & pay past of itt & have sent 10 packetts

3514 761 2476 159 sence to sesrall, so that now & can assure you oithat no others

3525 821 2468 153 shall out do mee, boath in buying & makeing uso of the goods, for Ihrus

3496 902 2513 126 them that have been served & ave yett also served of others & if they sfound

3512 1018 2487 51 not mij dowing, as good as others sure they would not medele with mee & sores

5193 1016 767 125 Antw: 20 ab 1681

3436 1035 800 122 londen Elnathan lmmm

4594 1076 114 87 th

3518 1084 2456 156 S. my last to you, was on the 10: curitt to which please to be refered sence

3512 1116 2516 166 have recd. yd of 19 past, as for the laces they are is a good forwardnes & hope

3524 1247 2501 116 before the end of this month to compleat the parcell, casseure you laces arn

3524 1297 2462 158 si cheap, that itt is impossible to make them att cheane rate, for the

3515 1351 2506 137 worck wonnen can not live by it as now itt goeths, soch could wilh

3517 1422 2494 119 thisparcell with you that you might iiudge hew to proceed, the acctt.

3527 1493 2469 125 so. shall follow pr first as for crish com. I deale not im butt

3529 1537 2478 148 in case any freind of juine hath occasion for a correspondent, I shall

3532 1615 2461 120 not faile to promote yd intrest: as for the serges of which gou send

3534 1690 2452 106 mee pattarnes, such sorts wee have vere pleaty att exon in Enghend

3521 1747 2490 135 & art to be hadd for 38: a 39 & 40 s a p. so that itt would prove & loosing

3511 1798 2531 141 acctt. to have any from yd parts intrim where in fuither I can beservicabl

3543 1908 2384 102 you may be confident that in all respects you will finde mee

5337 1957 469 111 @ 20 ditto

3439 1958 665 132 London Henry Maynard

4530 1968 152 102 th

3539 1966 2484 182 Sr. my last to you was on the 17: curitt to which please to be referved,sence have

3538 2069 2499 144 receaved yd of 2: ditto with invoyce of the cottons, bayes & frises which are well

3537 2138 2493 142 arrived & exspect them here a minday next hopeing yett to dispose of them

3535 2183 2487 156 to content for my ½ part you have creditt this all I shall in order till  see

3532 2231 2418 166 you whilst you please to informe mee how goods in the north do sell

3510 2304 2469 174 wonder what you write in the name of mr. slaughter, whij is he not so kinde

3530 2393 2467 136 as to answere my letter, & do not keep him butt of the mony, for the most

3527 2395 2528 217 part is yett standing out & E wrott plainely what I intended to doin behalft

3524 2528 2530 147 of mr. Peeters, for I know they want itt & therefore have great deale of reason

3534 2602 2458 138 to persuade mr. slaughter to consideration, though I ccould wish I was cleare ofall

3516 2673 2392 107 that concerne thus shall in large no more till & see you & so remaine

5275 2718 590 115 @ 20 ditto 81

3435 2740 813 118 Londno thomas seamant

3548 2742 2451 197 S. in antwoort aenden ul van P. deser ben grootelijkx verwondert over het

3542 2868 2427 146 sleght argument dwelk ul maekt doorden selve wat de roode lakens

3542 2871 2509 172 belanght die hier bij mij berusten, ende die ick uyt ul nach huys hebbe bekome

3539 2981 2467 130 die sullen mij dienen tot dat van ul satisfactie sal hebben over het

3533 3044 2430 123 geene ul mij stuldigh is, ende kan ul probeeren dat ick geen £40 moet

3543 3028 2513 214 hebben ofte daer ontrent, soo sal ul seer gouw sijn, maer ick kope dat ick

3540 3142 2475 155 daer over beter oock hebbe gehouden als ul, maer alsoo ick verstaen1 dat

3552 3218 2470 141 ul niet kort soude overkomen soo verwachte ul rek ter contrarie, terwijlen

3553 3273 2445 165 dat deroode lakens niet verkoop baer oft leverbaer sijn, soo wille de selve

3565 3333 2420 160 oock voor mijne rek niet hebben, ende dat die door ul voor ul lyge rek

3559 3438 2462 107 opden tol sijn aengegeven, kanick genoch saem broberen, soo dat het

3549 3481 2429 147 beeste van all waer dat ul mij satisfactie gaf, ende ick sul met de

3565 3562 2466 148 lakens volgen d'ordre van mr canes is datt dan ul mij dat soo ordonneert

3563 3632 2403 133 want anders sal ul verre te kort comen, daerom hebbe wij lanck

3500 3649 2540 195 maeden geweest laet ons noch vrinden blijven a voldoet mij waermede

5517 3753 418 113 20 ditto 1681

5365 3791 80 80 d

3444 3812 773 98 London michiel peeters

3573 3801 2459 160 mon. den 10 deser was aen ul mijnen leeften adviserende dat mons teniers

3559 3880 2463 114 ul broeder Anthrnio tot schell had gearresteert, nu soo heeft ul moeder

3564 3918 2474 146 daer voor verobligeert geweest borge te blijve, soo dat hij nu wederom lossis

3584 3982 2460 156 middellotijt soo moeten sijn sulderijen hier sijn, in 3 maende, oft ul

3572 4080 2465 147 moederdie ten uijtterste geaffliceert is daer voor ƒ5000:- betalen &intrest

3572 4155 2394 127 hebbe dar over bij haer tot brussel geweest, doch de sake was algedaen

3582 4241 2459 131 soo dat sij mij seer heeft versoecht ul het selve oock teadviseeren op dat

3589 4300 2396 115 ul alle mogelijke debvooren doen soude de schilder eijn te lowen mij

3596 4348 2325 125 dunckt dat devrinden die wel mogen laten volgen & dat sij evenwet
