<?xml version="1.0" encoding="UTF-8"?>
<alto xmlns:xsi="http://www.w3.org/2001/XMLSchema-instance"
      xmlns="http://www.loc.gov/standards/alto/ns-v4#"
      xmlns:page="http://schema.primaresearch.org/PAGE/gts/pagecontent/2013-07-15"
      xsi:schemaLocation="http://www.loc.gov/standards/alto/ns-v4# https://www.loc.gov/standards/alto/v4/alto.xsd">
   <Description>
      <MeasurementUnit>pixel</MeasurementUnit>
      <OCRProcessing ID="IdOcr">
         <ocrProcessingStep>
            <processingDateTime>2022-02-04T12:07:55.784+01:00</processingDateTime>
            <processingSoftware>
               <softwareCreator>READ COOP</softwareCreator>
               <softwareName>Transkribus</softwareName>
            </processingSoftware>
         </ocrProcessingStep>
      </OCRProcessing>
   </Description>
   <Layout>
      <Page ID="Page1" PHYSICAL_IMG_NR="1" HEIGHT="4615" WIDTH="8549">
         <TopMargin HEIGHT="0" WIDTH="8549" VPOS="0" HPOS="0"/>
         <LeftMargin HEIGHT="4615" WIDTH="0" VPOS="0" HPOS="0"/>
         <RightMargin HEIGHT="4615" WIDTH="0" VPOS="0" HPOS="8549"/>
         <BottomMargin HEIGHT="0" WIDTH="8549" VPOS="4615" HPOS="0"/>
         <PrintSpace HEIGHT="4615" WIDTH="8549" VPOS="0" HPOS="0">
            <TextBlock ID="region_1638957062110_5346"
                       HEIGHT="3908"
                       WIDTH="2592"
                       VPOS="143"
                       HPOS="805">
               <Shape>
                  <Polygon POINTS="805,143 3397,143 3397,4051 805,4051"/>
               </Shape>
               <TextLine ID="region_1638957062110_5346l1"
                         BASELINE="2640,270 2666,270 2692,270 2718,270 2744,270 2770,270 2796,270 2822,270 2848,270 2874,270 2900,270 2926,270 2952,270 2978,268 3004,268 3030,268 3056,267 3082,266 3108,266"
                         HEIGHT="139"
                         WIDTH="500"
                         VPOS="201"
                         HPOS="2624">
                  <String ID="string_region_1638957062110_5346l1"
                          HEIGHT="139"
                          WIDTH="500"
                          VPOS="201"
                          HPOS="2624"
                          CONTENT="22 april 1682"/>
               </TextLine>
               <TextLine ID="region_1638957062110_5346l2"
                         BASELINE="888,298 934,298 980,298 1026,298 1073,298 1119,298 1165,298 1212,298 1258,298 1304,298 1351,298 1397,299 1443,300 1489,300 1536,300 1582,300 1628,300 1675,302 1721,302 1767,302 1814,302"
                         HEIGHT="151"
                         WIDTH="955"
                         VPOS="212"
                         HPOS="874">
                  <String ID="string_region_1638957062110_5346l2"
                          HEIGHT="151"
                          WIDTH="955"
                          VPOS="212"
                          HPOS="874"
                          CONTENT="Brussel m Jan de Febure"/>
               </TextLine>
               <TextLine ID="region_1638957062110_5346l3"
                         BASELINE="1138,408 1249,414 1360,418 1471,422 1582,425 1694,426 1805,428 1916,428 2027,428 2138,426 2250,424 2361,422 2472,420 2583,418 2694,416 2806,414 2917,412 3028,410 3139,408 3250,406 3362,406"
                         HEIGHT="187"
                         WIDTH="2256"
                         VPOS="280"
                         HPOS="1121">
                  <String ID="string_region_1638957062110_5346l3"
                          HEIGHT="187"
                          WIDTH="2256"
                          VPOS="280"
                          HPOS="1121"
                          CONTENT="In antw. aen den ul seynde hier beneffens 3 staelen met de prijsen ul vande"/>
               </TextLine>
               <TextLine ID="region_1638957062110_5346l4"
                         BASELINE="1142,502 1251,506 1360,510 1470,512 1579,514 1689,515 1798,516 1907,516 2017,516 2126,516 2236,514 2345,512 2454,510 2564,508 2673,506 2783,502 2892,498 3001,495 3111,490 3220,485 3330,482"
                         HEIGHT="148"
                         WIDTH="2219"
                         VPOS="428"
                         HPOS="1127">
                  <String ID="string_region_1638957062110_5346l4"
                          HEIGHT="148"
                          WIDTH="2219"
                          VPOS="428"
                          HPOS="1127"
                          CONTENT="selve sigh connende bedienen gelieft te comand.. de naeste weeke verwagten"/>
               </TextLine>
               <TextLine ID="region_1638957062110_5346l5"
                         BASELINE="1162,602 1272,602 1382,602 1492,604 1602,604 1712,604 1822,606 1932,606 2042,606 2152,606 2262,606 2372,606 2482,606 2592,606 2702,604 2812,602 2922,601 3032,598 3142,596 3252,592 3362,588"
                         HEIGHT="155"
                         WIDTH="2231"
                         VPOS="508"
                         HPOS="1145">
                  <String ID="string_region_1638957062110_5346l5"
                          HEIGHT="155"
                          WIDTH="2231"
                          VPOS="508"
                          HPOS="1145"
                          CONTENT="ontrent 5on beneffens seer veel ander goet daer onder bruyne genoegh sijn"/>
               </TextLine>
               <TextLine ID="region_1638957062110_5346l6"
                         BASELINE="1156,696 1267,698 1378,698 1489,700 1600,700 1712,700 1823,700 1934,700 2045,700 2156,700 2268,698 2379,698 2490,698 2601,698 2712,698 2824,699 2935,700 3046,700 3157,702 3268,703 3380,704"
                         HEIGHT="111"
                         WIDTH="2256"
                         VPOS="642"
                         HPOS="1139">
                  <String ID="string_region_1638957062110_5346l6"
                          HEIGHT="111"
                          WIDTH="2256"
                          VPOS="642"
                          HPOS="1139"
                          CONTENT="volgens ul stael van differente prijsen, oock super fijne van ƒ5 a5. 1e stellen"/>
               </TextLine>
               <TextLine ID="region_1638957062110_5346l7"
                         BASELINE="1164,802 1225,802 1287,801 1349,800 1411,800 1473,798 1534,798 1596,796 1658,796 1720,794 1782,794 1843,794 1905,792 1967,792 2029,792 2091,792 2152,790 2214,790 2276,790 2338,790 2400,790"
                         HEIGHT="158"
                         WIDTH="1267"
                         VPOS="706"
                         HPOS="1148">
                  <String ID="string_region_1638957062110_5346l7"
                          HEIGHT="158"
                          WIDTH="1267"
                          VPOS="706"
                          HPOS="1148"
                          CONTENT="ul comende dienen gelieft te comand"/>
               </TextLine>
               <TextLine ID="region_1638957062110_5346l8"
                         BASELINE="2782,890 2808,888 2834,887 2860,886 2887,885 2913,882 2939,881 2966,878"
                         HEIGHT="115"
                         WIDTH="221"
                         VPOS="806"
                         HPOS="2762">
                  <String ID="string_region_1638957062110_5346l8"
                          HEIGHT="115"
                          WIDTH="221"
                          VPOS="806"
                          HPOS="2762"
                          CONTENT="C22d"/>
               </TextLine>
               <TextLine ID="region_1638957062110_5346l9"
                         BASELINE="902,900 947,898 992,894 1037,894 1082,892 1127,892 1172,892 1217,892 1262,892 1307,894 1353,894 1398,896 1443,896 1488,898 1533,898 1578,900 1623,900 1668,900 1713,900 1758,898 1804,898"
                         HEIGHT="159"
                         WIDTH="934"
                         VPOS="806"
                         HPOS="887">
                  <String ID="string_region_1638957062110_5346l9"
                          HEIGHT="159"
                          WIDTH="934"
                          VPOS="806"
                          HPOS="887"
                          CONTENT="Brussel mr. Joseph Sabberton"/>
               </TextLine>
               <TextLine ID="region_1638957062110_5346l10"
                         BASELINE="1136,996 1243,996 1351,996 1459,994 1566,994 1674,994 1782,996 1889,996 1997,996 2105,996 2213,996 2320,996 2428,996 2536,996 2643,996 2751,996 2859,994 2966,994 3074,992 3182,988 3290,986"
                         HEIGHT="111"
                         WIDTH="2185"
                         VPOS="927"
                         HPOS="1120">
                  <String ID="string_region_1638957062110_5346l10"
                          HEIGHT="111"
                          WIDTH="2185"
                          VPOS="927"
                          HPOS="1120"
                          CONTENT="In answer toyd of yeasterday de beleave John valer bustijnen to bese contrieed "/>
               </TextLine>
               <TextLine ID="region_1638957062110_5346l11"
                         BASELINE="1158,1084 1267,1084 1376,1084 1486,1084 1595,1084 1705,1086 1814,1086 1923,1087 2033,1088 2142,1088 2252,1088 2361,1090 2470,1090 2580,1088 2689,1088 2799,1086 2908,1084 3017,1082 3127,1078 3236,1074 3346,1070"
                         HEIGHT="114"
                         WIDTH="2219"
                         VPOS="992"
                         HPOS="1143">
                  <String ID="string_region_1638957062110_5346l11"
                          HEIGHT="114"
                          WIDTH="2219"
                          VPOS="992"
                          HPOS="1143"
                          CONTENT="that hble enongs will be roffered to the creditors, I am ven sorry for m. Henny"/>
               </TextLine>
               <TextLine ID="region_1638957062110_5346l12"
                         BASELINE="1154,1176 1263,1174 1373,1172 1483,1172 1593,1172 1703,1174 1812,1174 1922,1176 2032,1178 2142,1180 2252,1180 2361,1182 2471,1184 2581,1184 2691,1184 2801,1184 2910,1182 3020,1180 3130,1176 3240,1172 3350,1166"
                         HEIGHT="113"
                         WIDTH="2225"
                         VPOS="1113"
                         HPOS="1140">
                  <String ID="string_region_1638957062110_5346l12"
                          HEIGHT="113"
                          WIDTH="2225"
                          VPOS="1113"
                          HPOS="1140"
                          CONTENT="coller maiynard, who I doubt is no less then £1200  engaged as for m. Beny"/>
               </TextLine>
               <TextLine ID="region_1638957062110_5346l13"
                         BASELINE="1166,1264 1275,1262 1385,1260 1495,1260 1604,1260 1714,1260 1824,1262 1933,1262 2043,1264 2153,1266 2263,1268 2372,1270 2482,1271 2592,1272 2701,1274 2811,1274 2921,1274 3030,1274 3140,1274 3250,1272 3360,1270"
                         HEIGHT="110"
                         WIDTH="2225"
                         VPOS="1219"
                         HPOS="1152">
                  <String ID="string_region_1638957062110_5346l13"
                          HEIGHT="110"
                          WIDTH="2225"
                          VPOS="1219"
                          HPOS="1152"
                          CONTENT="collier inclosed you gave m. Sonthells Goever in blanco from sard Colliers you "/>
               </TextLine>
               <TextLine ID="region_1638957062110_5346l14"
                         BASELINE="1172,1354 1281,1352 1390,1354 1499,1354 1608,1354 1717,1356 1826,1358 1935,1360 2044,1362 2153,1364 2262,1366 2371,1368 2480,1370 2589,1370 2698,1370 2807,1370 2916,1368 3025,1366 3134,1364 3243,1358 3352,1354"
                         HEIGHT="107"
                         WIDTH="2213"
                         VPOS="1294"
                         HPOS="1156">
                  <String ID="string_region_1638957062110_5346l14"
                          HEIGHT="107"
                          WIDTH="2213"
                          VPOS="1294"
                          HPOS="1156"
                          CONTENT="would do well to saite upen all the cloathes that are sealed with the marck"/>
               </TextLine>
               <TextLine ID="region_1638957062110_5346l15"
                         BASELINE="1170,1450 1280,1445 1390,1442 1500,1440 1611,1440 1721,1441 1831,1442 1942,1444 2052,1447 2162,1450 2273,1452 2383,1456 2493,1458 2603,1460 2714,1461 2824,1462 2934,1460 3045,1460 3155,1456 3265,1451 3376,1444"
                         HEIGHT="141"
                         WIDTH="2237"
                         VPOS="1354"
                         HPOS="1155">
                  <String ID="string_region_1638957062110_5346l15"
                          HEIGHT="141"
                          WIDTH="2237"
                          VPOS="1354"
                          HPOS="1155"
                          CONTENT="of H.C. which is  for them he hath sent him to sell in cond., I shall"/>
               </TextLine>
               <TextLine ID="region_1638957062110_5346l16"
                         BASELINE="1166,1544 1275,1538 1384,1534 1493,1531 1602,1530 1711,1530 1820,1530 1929,1532 2038,1534 2147,1536 2256,1540 2365,1542 2474,1546 2583,1548 2692,1550 2801,1552 2910,1552 3019,1552 3128,1550 3237,1548 3346,1544"
                         HEIGHT="95"
                         WIDTH="2210"
                         VPOS="1470"
                         HPOS="1151">
                  <String ID="string_region_1638957062110_5346l16"
                          HEIGHT="95"
                          WIDTH="2210"
                          VPOS="1470"
                          HPOS="1151"
                          CONTENT="creditt you for the 7p p for the cope of the declaration wich shall be sont "/>
               </TextLine>
               <TextLine ID="region_1638957062110_5346l17"
                         BASELINE="1156,1640 1265,1638 1374,1636 1483,1636 1592,1634 1702,1634 1811,1634 1920,1634 2029,1636 2138,1636 2248,1636 2357,1638 2466,1638 2575,1638 2684,1640 2794,1638 2903,1638 3012,1638 3121,1636 3230,1632 3340,1630"
                         HEIGHT="145"
                         WIDTH="2216"
                         VPOS="1562"
                         HPOS="1140">
                  <String ID="string_region_1638957062110_5346l17"
                          HEIGHT="145"
                          WIDTH="2216"
                          VPOS="1562"
                          HPOS="1140"
                          CONTENT="for England, In the meane while would you take an advise with oneor "/>
               </TextLine>
               <TextLine ID="region_1638957062110_5346l18"
                         BASELINE="1156,1742 1263,1738 1370,1736 1478,1732 1585,1732 1693,1730 1800,1730 1907,1730 2015,1730 2122,1732 2230,1732 2337,1734 2444,1734 2552,1736 2659,1736 2767,1736 2874,1738 2981,1738 3089,1736 3196,1736 3304,1734"
                         HEIGHT="137"
                         WIDTH="2178"
                         VPOS="1648"
                         HPOS="1141">
                  <String ID="string_region_1638957062110_5346l18"
                          HEIGHT="137"
                          WIDTH="2178"
                          VPOS="1648"
                          HPOS="1141"
                          CONTENT="or 2 lavers about the intrest of H.C. itt shall be restoned you with"/>
               </TextLine>
               <TextLine ID="region_1638957062110_5346l19"
                         BASELINE="1172,1832 1281,1830 1390,1830 1499,1830 1609,1828 1718,1828 1827,1828 1937,1826 2046,1826 2155,1826 2265,1826 2374,1824 2483,1824 2592,1824 2702,1824 2811,1824 2920,1824 3030,1824 3139,1822 3248,1822 3358,1822"
                         HEIGHT="144"
                         WIDTH="2215"
                         VPOS="1749"
                         HPOS="1157">
                  <String ID="string_region_1638957062110_5346l19"
                          HEIGHT="144"
                          WIDTH="2215"
                          VPOS="1749"
                          HPOS="1157"
                          CONTENT="sanckes, &amp; see if you could any way secure him, so please to keep allthe"/>
               </TextLine>
               <TextLine ID="region_1638957062110_5346l20"
                         BASELINE="1154,1924 1222,1924 1290,1924 1358,1924 1426,1924 1494,1924 1562,1924 1630,1924 1698,1924 1766,1924 1835,1924 1903,1924 1971,1924 2039,1924 2107,1924 2175,1924 2243,1924 2311,1924 2379,1924 2447,1922 2516,1922"
                         HEIGHT="169"
                         WIDTH="1393"
                         VPOS="1820"
                         HPOS="1138">
                  <String ID="string_region_1638957062110_5346l20"
                          HEIGHT="169"
                          WIDTH="1393"
                          VPOS="1820"
                          HPOS="1138"
                          CONTENT="papers by you, &amp; advise mee what passes "/>
               </TextLine>
               <TextLine ID="region_1638957062110_5346l21"
                         BASELINE="2818,2004 2844,2007 2870,2011 2896,2012 2922,2012 2948,2012 2974,2012 3000,2011 3026,2010 3052,2009 3078,2008 3104,2007 3130,2006"
                         HEIGHT="121"
                         WIDTH="342"
                         VPOS="1919"
                         HPOS="2802">
                  <String ID="string_region_1638957062110_5346l21"
                          HEIGHT="121"
                          WIDTH="342"
                          VPOS="1919"
                          HPOS="2802"
                          CONTENT=" a 22d."/>
               </TextLine>
               <TextLine ID="region_1638957062110_5346l22"
                         BASELINE="888,2016 934,2014 980,2010 1026,2008 1072,2008 1119,2006 1165,2006 1211,2006 1257,2008 1303,2008 1350,2008 1396,2010 1442,2010 1488,2012 1534,2012 1581,2013 1627,2014 1673,2014 1719,2012 1765,2012 1812,2010"
                         HEIGHT="204"
                         WIDTH="955"
                         VPOS="1881"
                         HPOS="873">
                  <String ID="string_region_1638957062110_5346l22"
                          HEIGHT="204"
                          WIDTH="955"
                          VPOS="1881"
                          HPOS="873"
                          CONTENT="Leuven m. Jan de Goede"/>
               </TextLine>
               <TextLine ID="region_1638957062110_5346l23"
                         BASELINE="1160,2140 1270,2138 1380,2136 1490,2134 1600,2132 1711,2130 1821,2129 1931,2128 2041,2126 2151,2124 2262,2124 2372,2122 2482,2122 2592,2122 2702,2120 2813,2120 2923,2120 3033,2120 3143,2120 3253,2120 3364,2120"
                         HEIGHT="127"
                         WIDTH="2234"
                         VPOS="2061"
                         HPOS="1144">
                  <String ID="string_region_1638957062110_5346l23"
                          HEIGHT="127"
                          WIDTH="2234"
                          VPOS="2061"
                          HPOS="1144"
                          CONTENT="door veele eenpatien is den ul van 17 deser wederom verneghgeert "/>
               </TextLine>
               <TextLine ID="region_1638957062110_5346l24"
                         BASELINE="1156,2232 1265,2228 1374,2225 1483,2223 1592,2220 1702,2220 1811,2218 1920,2218 2029,2218 2138,2218 2248,2218 2357,2218 2466,2218 2575,2218 2684,2218 2794,2218 2903,2218 3012,2216 3121,2216 3230,2214 3340,2214"
                         HEIGHT="95"
                         WIDTH="2213"
                         VPOS="2167"
                         HPOS="1141">
                  <String ID="string_region_1638957062110_5346l24"
                          HEIGHT="95"
                          WIDTH="2213"
                          VPOS="2167"
                          HPOS="1141"
                          CONTENT="te beantwoorden, ingesloten een stael van een bay wit pack laecken"/>
               </TextLine>
               <TextLine ID="region_1638957062110_5346l25"
                         BASELINE="1180,2318 1288,2318 1396,2316 1504,2316 1612,2316 1720,2316 1828,2317 1936,2318 2044,2318 2152,2318 2260,2318 2368,2318 2476,2316 2584,2316 2692,2315 2800,2314 2908,2312 3016,2308 3124,2305 3232,2302 3340,2296"
                         HEIGHT="128"
                         WIDTH="2192"
                         VPOS="2247"
                         HPOS="1163">
                  <String ID="string_region_1638957062110_5346l25"
                          HEIGHT="128"
                          WIDTH="2192"
                          VPOS="2247"
                          HPOS="1163"
                          CONTENT="van 9 ƒ:a ul 't selve ofte ijets anders gelievende hebt maer te "/>
               </TextLine>
               <TextLine ID="region_1638957062110_5346l26"
                         BASELINE="1172,2420 1198,2417 1225,2416 1252,2416 1279,2416 1306,2416 1333,2416 1359,2415 1386,2413 1413,2410 1440,2405 1467,2400 1494,2390"
                         HEIGHT="109"
                         WIDTH="358"
                         VPOS="2342"
                         HPOS="1154">
                  <String ID="string_region_1638957062110_5346l26"
                          HEIGHT="109"
                          WIDTH="358"
                          VPOS="2342"
                          HPOS="1154"
                          CONTENT="comand"/>
               </TextLine>
               <TextLine ID="region_1638957062110_5346l27"
                         BASELINE="2742,2490 2768,2481 2794,2477 2820,2473 2846,2473 2872,2475 2898,2476 2924,2477 2950,2478 2976,2477 3002,2474"
                         HEIGHT="169"
                         WIDTH="292"
                         VPOS="2356"
                         HPOS="2725">
                  <String ID="string_region_1638957062110_5346l27"
                          HEIGHT="169"
                          WIDTH="292"
                          VPOS="2356"
                          HPOS="2725"
                          CONTENT="CC 22d."/>
               </TextLine>
               <TextLine ID="region_1638957062110_5346l28"
                         BASELINE="912,2512 956,2509 1001,2508 1046,2506 1091,2506 1136,2506 1180,2506 1225,2506 1270,2506 1315,2507 1360,2508 1404,2508 1449,2508 1494,2508 1539,2506 1584,2506 1628,2504 1673,2501 1718,2497 1763,2492 1808,2488"
                         HEIGHT="206"
                         WIDTH="929"
                         VPOS="2367"
                         HPOS="895">
                  <String ID="string_region_1638957062110_5346l28"
                          HEIGHT="206"
                          WIDTH="929"
                          VPOS="2367"
                          HPOS="895"
                          CONTENT="leven m Jn. le sebre"/>
               </TextLine>
               <TextLine ID="region_1638957062110_5346l29"
                         BASELINE="1142,2622 1252,2616 1363,2611 1474,2608 1585,2604 1696,2601 1806,2599 1917,2598 2028,2596 2139,2596 2250,2596 2360,2594 2471,2596 2582,2596 2693,2596 2804,2596 2914,2598 3025,2598 3136,2600 3247,2600 3358,2602"
                         HEIGHT="161"
                         WIDTH="2246"
                         VPOS="2502"
                         HPOS="1126">
                  <String ID="string_region_1638957062110_5346l29"
                          HEIGHT="161"
                          WIDTH="2246"
                          VPOS="2502"
                          HPOS="1126"
                          CONTENT="nu bevinde Icq wel dat met u niet te doen is als a rigeur &amp; dat moght"/>
               </TextLine>
               <TextLine ID="region_1638957062110_5346l30"
                         BASELINE="1160,2710 1270,2703 1380,2698 1490,2694 1600,2690 1711,2688 1821,2686 1931,2686 2041,2686 2151,2686 2262,2686 2372,2686 2482,2686 2592,2688 2702,2688 2813,2690 2923,2690 3033,2690 3143,2690 3253,2689 3364,2688"
                         HEIGHT="96"
                         WIDTH="2234"
                         VPOS="2651"
                         HPOS="1145">
                  <String ID="string_region_1638957062110_5346l30"
                          HEIGHT="96"
                          WIDTH="2234"
                          VPOS="2651"
                          HPOS="1145"
                          CONTENT="u woorden nogh te u schrijven te betroen is, gij doet schoreels comen om"/>
               </TextLine>
               <TextLine ID="region_1638957062110_5346l31"
                         BASELINE="1156,2800 1264,2796 1372,2791 1481,2788 1589,2785 1698,2782 1806,2780 1914,2780 2023,2778 2131,2778 2240,2778 2348,2778 2456,2778 2565,2780 2673,2780 2782,2780 2890,2782 2998,2782 3107,2782 3215,2784 3324,2784"
                         HEIGHT="149"
                         WIDTH="2200"
                         VPOS="2688"
                         HPOS="1140">
                  <String ID="string_region_1638957062110_5346l31"
                          HEIGHT="149"
                          WIDTH="2200"
                          VPOS="2688"
                          HPOS="1140"
                          CONTENT="aen mij te bet dan wederom seght ul aen hem dat geaen geleyusen voor"/>
               </TextLine>
               <TextLine ID="region_1638957062110_5346l32"
                         BASELINE="1160,2900 1269,2894 1379,2888 1488,2884 1598,2880 1707,2878 1817,2876 1926,2874 2036,2874 2145,2874 2255,2874 2364,2876 2474,2876 2583,2877 2693,2878 2802,2878 2912,2878 3021,2880 3131,2878 3240,2878 3350,2876"
                         HEIGHT="143"
                         WIDTH="2222"
                         VPOS="2797"
                         HPOS="1145">
                  <String ID="string_region_1638957062110_5346l32"
                          HEIGHT="143"
                          WIDTH="2222"
                          VPOS="2797"
                          HPOS="1145"
                          CONTENT="mij hebt best &amp; geen van beyde brengen ijtts mede, ul comt hier te"/>
               </TextLine>
               <TextLine ID="region_1638957062110_5346l33"
                         BASELINE="1168,2996 1277,2988 1387,2982 1497,2978 1607,2974 1717,2970 1826,2968 1936,2968 2046,2966 2156,2966 2266,2966 2375,2966 2485,2966 2595,2964 2705,2964 2815,2964 2924,2962 3034,2960 3144,2956 3254,2952 3364,2948"
                         HEIGHT="151"
                         WIDTH="2228"
                         VPOS="2878"
                         HPOS="1151">
                  <String ID="string_region_1638957062110_5346l33"
                          HEIGHT="151"
                          WIDTH="2228"
                          VPOS="2878"
                          HPOS="1151"
                          CONTENT="stadt &amp; en present. niet een duyt, in selfs comt niet eene naer, ul"/>
               </TextLine>
               <TextLine ID="region_1638957062110_5346l34"
                         BASELINE="1136,3084 1247,3078 1358,3073 1469,3070 1580,3066 1691,3064 1802,3062 1913,3060 2024,3060 2135,3058 2246,3058 2357,3058 2468,3058 2579,3056 2690,3056 2801,3056 2912,3054 3023,3052 3134,3050 3245,3048 3356,3044"
                         HEIGHT="167"
                         WIDTH="2252"
                         VPOS="2968"
                         HPOS="1120">
                  <String ID="string_region_1638957062110_5346l34"
                          HEIGHT="167"
                          WIDTH="2252"
                          VPOS="2968"
                          HPOS="1120"
                          CONTENT="seght wel dat ge mijn schrijven niet en cont verteeren, is evenwel soo en prevei"/>
               </TextLine>
               <TextLine ID="region_1638957062110_5346l35"
                         BASELINE="1140,3184 1251,3178 1363,3172 1475,3167 1587,3162 1699,3159 1810,3156 1922,3154 2034,3152 2146,3150 2258,3148 2369,3148 2481,3148 2593,3146 2705,3146 2817,3146 2928,3146 3040,3146 3152,3146 3264,3144 3376,3144"
                         HEIGHT="123"
                         WIDTH="2268"
                         VPOS="3068"
                         HPOS="1125">
                  <String ID="string_region_1638957062110_5346l35"
                          HEIGHT="123"
                          WIDTH="2268"
                          VPOS="3068"
                          HPOS="1125"
                          CONTENT="ul het selve niet, oversulckx seggen ul geensints daer mede wille te doen hebbe"/>
               </TextLine>
               <TextLine ID="region_1638957062110_5346l36"
                         BASELINE="1152,3274 1262,3270 1373,3264 1483,3262 1594,3258 1705,3255 1815,3252 1926,3250 2036,3248 2147,3246 2258,3244 2368,3244 2479,3242 2589,3240 2700,3240 2811,3238 2921,3238 3032,3236 3142,3234 3253,3233 3364,3232"
                         HEIGHT="146"
                         WIDTH="2243"
                         VPOS="3159"
                         HPOS="1137">
                  <String ID="string_region_1638957062110_5346l36"
                          HEIGHT="146"
                          WIDTH="2243"
                          VPOS="3159"
                          HPOS="1137"
                          CONTENT="maer mijn gelt verstaen te hebben, &amp; soo wanneer het ul niet gelieft te"/>
               </TextLine>
               <TextLine ID="region_1638957062110_5346l37"
                         BASELINE="1160,3362 1269,3360 1379,3358 1489,3356 1599,3354 1709,3350 1819,3348 1929,3346 2039,3344 2149,3340 2259,3338 2368,3336 2478,3336 2588,3334 2698,3332 2808,3332 2918,3332 3028,3332 3138,3332 3248,3334 3358,3336"
                         HEIGHT="130"
                         WIDTH="2231"
                         VPOS="3272"
                         HPOS="1142">
                  <String ID="string_region_1638957062110_5346l37"
                          HEIGHT="130"
                          WIDTH="2231"
                          VPOS="3272"
                          HPOS="1142"
                          CONTENT="bet. sal middel souken om bet. te becomen, want icq met geene woorden"/>
               </TextLine>
               <TextLine ID="region_1638957062110_5346l38"
                         BASELINE="1164,3458 1271,3456 1378,3452 1485,3450 1593,3448 1700,3444 1807,3442 1915,3440 2022,3436 2129,3434 2237,3432 2344,3430 2451,3428 2558,3426 2666,3425 2773,3424 2880,3424 2988,3424 3095,3424 3202,3424 3310,3426"
                         HEIGHT="148"
                         WIDTH="2175"
                         VPOS="3352"
                         HPOS="1149">
                  <String ID="string_region_1638957062110_5346l38"
                          HEIGHT="148"
                          WIDTH="2175"
                          VPOS="3352"
                          HPOS="1149"
                          CONTENT="mijne schulden bet can, soo gelieft sigh naer advenante te reguleeren"/>
               </TextLine>
               <TextLine ID="region_1638957062110_5346l39"
                         BASELINE="2854,3534 2880,3536 2906,3540 2932,3542 2958,3543 2985,3544 3011,3544 3037,3540 3063,3537 3090,3530"
                         HEIGHT="163"
                         WIDTH="268"
                         VPOS="3431"
                         HPOS="2837">
                  <String ID="string_region_1638957062110_5346l39"
                          HEIGHT="163"
                          WIDTH="268"
                          VPOS="3431"
                          HPOS="2837"
                          CONTENT="@ 22d"/>
               </TextLine>
               <TextLine ID="region_1638957062110_5346l40"
                         BASELINE="912,3558 954,3558 997,3556 1040,3556 1083,3556 1126,3556 1169,3556 1212,3556 1255,3556 1298,3558 1341,3558 1383,3558 1426,3559 1469,3560 1512,3560 1555,3560 1598,3560 1641,3560 1684,3560 1727,3560 1770,3558"
                         HEIGHT="150"
                         WIDTH="891"
                         VPOS="3463"
                         HPOS="896">
                  <String ID="string_region_1638957062110_5346l40"
                          HEIGHT="150"
                          WIDTH="891"
                          VPOS="3463"
                          HPOS="896"
                          CONTENT="Leuven mr. Jan le febvre"/>
               </TextLine>
               <TextLine ID="region_1638957062110_5346l41"
                         BASELINE="1146,3682 1253,3676 1360,3672 1467,3668 1575,3665 1682,3662 1789,3660 1897,3657 2004,3656 2111,3654 2219,3652 2326,3650 2433,3649 2540,3648 2648,3646 2755,3644 2862,3642 2970,3640 3077,3638 3184,3636 3292,3634"
                         HEIGHT="174"
                         WIDTH="2176"
                         VPOS="3555"
                         HPOS="1130">
                  <String ID="string_region_1638957062110_5346l41"
                          HEIGHT="174"
                          WIDTH="2176"
                          VPOS="3555"
                          HPOS="1130"
                          CONTENT="desen alleen tot versouk dat ul mijn reste gelieft te seijnden alsoo icq"/>
               </TextLine>
               <TextLine ID="region_1638957062110_5346l42"
                         BASELINE="1156,3796 1264,3789 1372,3782 1480,3775 1588,3770 1697,3764 1805,3759 1913,3754 2021,3750 2129,3746 2238,3744 2346,3740 2454,3738 2562,3736 2670,3732 2779,3731 2887,3730 2995,3728 3103,3726 3211,3724 3320,3724"
                         HEIGHT="150"
                         WIDTH="2193"
                         VPOS="3673"
                         HPOS="1140">
                  <String ID="string_region_1638957062110_5346l42"
                          HEIGHT="150"
                          WIDTH="2193"
                          VPOS="3673"
                          HPOS="1140"
                          CONTENT="seer ben verlegen om gelt &amp; ul present mij daer mede can dinst doen"/>
               </TextLine>
               <TextLine ID="region_1638957062110_5346l43"
                         BASELINE="1162,3882 1264,3880 1366,3876 1468,3873 1570,3870 1672,3867 1774,3864 1876,3860 1978,3856 2080,3852 2183,3849 2285,3846 2387,3842 2489,3838 2591,3836 2693,3832 2795,3830 2897,3826 2999,3824 3101,3822 3204,3820"
                         HEIGHT="177"
                         WIDTH="2075"
                         VPOS="3738"
                         HPOS="1144">
                  <String ID="string_region_1638957062110_5346l43"
                          HEIGHT="177"
                          WIDTH="2075"
                          VPOS="3738"
                          HPOS="1144"
                          CONTENT="alsoo veel hebbe te bet, can icq ul in iett anders oocq accomod. "/>
               </TextLine>
               <TextLine ID="region_1638957062110_5346l44"
                         BASELINE="1168,3976 1193,3975 1218,3973 1243,3972 1269,3971 1294,3970 1319,3968 1345,3968 1370,3966 1395,3965 1420,3964 1446,3964 1471,3964 1496,3962 1522,3961 1547,3960 1572,3960 1598,3958"
                         HEIGHT="147"
                         WIDTH="463"
                         VPOS="3891"
                         HPOS="1151">
                  <String ID="string_region_1638957062110_5346l44"
                          HEIGHT="147"
                          WIDTH="463"
                          VPOS="3891"
                          HPOS="1151"
                          CONTENT="doen het geerne"/>
               </TextLine>
            </TextBlock>
            <TextBlock ID="region_1638957065950_5349"
                       HEIGHT="3969"
                       WIDTH="2631"
                       VPOS="158"
                       HPOS="3443">
               <Shape>
                  <Polygon POINTS="3443,158 6074,158 6074,4127 3443,4127"/>
               </Shape>
               <TextLine ID="region_1638957065950_5349l1"
                         BASELINE="5196,270 5221,270 5247,270 5273,270 5299,269 5325,267 5350,266 5376,265 5402,263 5428,261 5454,259 5479,258 5505,256 5531,256 5557,254 5583,254 5608,255 5634,256 5660,257 5686,260 5712,262"
                         HEIGHT="145"
                         WIDTH="548"
                         VPOS="196"
                         HPOS="5180">
                  <String ID="string_region_1638957065950_5349l1"
                          HEIGHT="145"
                          WIDTH="548"
                          VPOS="196"
                          HPOS="5180"
                          CONTENT="C 23 april. 1682"/>
               </TextLine>
               <TextLine ID="region_1638957065950_5349l2"
                         BASELINE="5884,270 5910,266 5936,266 5963,267 5989,268 6016,262"
                         HEIGHT="94"
                         WIDTH="162"
                         VPOS="209"
                         HPOS="5869">
                  <String ID="string_region_1638957065950_5349l2"
                          HEIGHT="94"
                          WIDTH="162"
                          VPOS="209"
                          HPOS="5869"
                          CONTENT="197"/>
               </TextLine>
               <TextLine ID="region_1638957065950_5349l3"
                         BASELINE="3468,292 3502,287 3536,284 3570,282 3604,280 3638,277 3672,274 3706,272 3740,272 3774,270 3809,270 3843,270 3877,270 3911,270 3945,270 3979,270 4013,271 4047,272 4081,272 4115,274 4150,274"
                         HEIGHT="139"
                         WIDTH="716"
                         VPOS="186"
                         HPOS="3451">
                  <String ID="string_region_1638957065950_5349l3"
                          HEIGHT="139"
                          WIDTH="716"
                          VPOS="186"
                          HPOS="3451"
                          CONTENT="Am M Samuel de Hulter"/>
               </TextLine>
               <TextLine ID="region_1638957065950_5349l4"
                         BASELINE="3570,378 3691,378 3813,376 3935,376 4056,376 4178,376 4300,376 4421,378 4543,378 4665,380 4787,380 4908,382 5030,382 5152,382 5273,382 5395,382 5517,380 5638,378 5760,376 5882,372 6004,368"
                         HEIGHT="117"
                         WIDTH="2465"
                         VPOS="315"
                         HPOS="3556">
                  <String ID="string_region_1638957065950_5349l4"
                          HEIGHT="117"
                          WIDTH="2465"
                          VPOS="315"
                          HPOS="3556"
                          CONTENT="In antw. aen den ul van 20 deser hebbe ul voor ƒ1115.3- geered, &amp; de factura selfs sanderto de"/>
               </TextLine>
               <TextLine ID="region_1638957065950_5349l5"
                         BASELINE="3590,466 3710,460 3831,457 3951,454 4072,452 4193,452 4313,452 4434,452 4554,452 4675,454 4796,454 4916,456 5037,456 5157,458 5278,458 5399,458 5519,456 5640,455 5760,452 5881,449 6002,444"
                         HEIGHT="137"
                         WIDTH="2443"
                         VPOS="381"
                         HPOS="3575">
                  <String ID="string_region_1638957065950_5349l5"
                          HEIGHT="137"
                          WIDTH="2443"
                          VPOS="381"
                          HPOS="3575"
                          CONTENT="6 balen wolle aen mij lest gesonden hebbe heden ontf. de welcke uyt wendigh eenighsins het contem"/>
               </TextLine>
               <TextLine ID="region_1638957065950_5349l6"
                         BASELINE="3574,558 3695,552 3816,548 3937,546 4058,544 4180,542 4301,540 4422,540 4543,540 4664,540 4786,540 4907,540 5028,540 5149,540 5270,540 5392,538 5513,537 5634,534 5755,532 5876,527 5998,522"
                         HEIGHT="125"
                         WIDTH="2456"
                         VPOS="489"
                         HPOS="3557">
                  <String ID="string_region_1638957065950_5349l6"
                          HEIGHT="125"
                          WIDTH="2456"
                          VPOS="489"
                          HPOS="3557"
                          CONTENT="geeven, soo hope de selve soo sal bevallen in het verwaxchten, dogh de voorgaende is sleghts, ende"/>
               </TextLine>
               <TextLine ID="region_1638957065950_5349l7"
                         BASELINE="3578,644 3700,640 3822,634 3945,630 4067,628 4190,626 4312,624 4434,624 4557,624 4679,624 4802,624 4924,624 5046,624 5169,624 5291,624 5414,622 5536,622 5658,620 5781,616 5903,612 6026,608"
                         HEIGHT="129"
                         WIDTH="2480"
                         VPOS="552"
                         HPOS="3561">
                  <String ID="string_region_1638957065950_5349l7"
                          HEIGHT="129"
                          WIDTH="2480"
                          VPOS="552"
                          HPOS="3561"
                          CONTENT="om met redelijcheijt des wegens te adiust sal deselve behouden 'ts alleenelijk N.6 wederom seijnden"/>
               </TextLine>
               <TextLine ID="region_1638957065950_5349l8"
                         BASELINE="3578,726 3699,724 3820,722 3941,720 4062,718 4183,718 4304,716 4425,716 4546,716 4667,714 4788,714 4909,714 5030,712 5151,712 5272,710 5393,708 5514,706 5635,704 5756,702 5877,698 5998,694"
                         HEIGHT="115"
                         WIDTH="2450"
                         VPOS="619"
                         HPOS="3563">
                  <String ID="string_region_1638957065950_5349l8"
                          HEIGHT="115"
                          WIDTH="2450"
                          VPOS="619"
                          HPOS="3563"
                          CONTENT="want die geensins can vergeleeken woorden aen d'andere, ofte ul gelieft p de larre te vragen oft hij ted"/>
               </TextLine>
               <TextLine ID="region_1638957065950_5349l9"
                         BASELINE="3570,818 3690,816 3811,814 3932,812 4053,810 4174,808 4294,806 4415,806 4536,804 4657,804 4778,802 4898,801 5019,800 5140,798 5261,797 5382,796 5502,794 5623,792 5744,790 5865,786 5986,784"
                         HEIGHT="102"
                         WIDTH="2447"
                         VPOS="739"
                         HPOS="3553">
                  <String ID="string_region_1638957065950_5349l9"
                          HEIGHT="102"
                          WIDTH="2447"
                          VPOS="739"
                          HPOS="3553"
                          CONTENT="vreden is dat icq de selve soo veel refacxie sal hebben als 2 getwooren wol worcken keurders de"/>
               </TextLine>
               <TextLine ID="region_1638957065950_5349l10"
                         BASELINE="3568,912 3687,908 3807,904 3927,902 4046,900 4166,898 4286,896 4405,896 4525,896 4645,894 4765,894 4884,894 5004,892 5124,892 5243,890 5363,888 5483,886 5602,884 5722,880 5842,876 5962,870"
                         HEIGHT="150"
                         WIDTH="2426"
                         VPOS="801"
                         HPOS="3551">
                  <String ID="string_region_1638957065950_5349l10"
                          HEIGHT="150"
                          WIDTH="2426"
                          VPOS="801"
                          HPOS="3551"
                          CONTENT="verstaende sullen ordeelen, die minder weerdigh te wesen &amp; ad. asn dese leste gesonden, ondertussen"/>
               </TextLine>
               <TextLine ID="region_1638957065950_5349l11"
                         BASELINE="3576,1008 3697,1001 3819,996 3941,992 4063,988 4185,986 4306,986 4428,986 4550,986 4672,986 4794,987 4915,988 5037,988 5159,988 5281,988 5403,986 5524,984 5646,980 5768,976 5890,969 6012,962"
                         HEIGHT="181"
                         WIDTH="2468"
                         VPOS="877"
                         HPOS="3559">
                  <String ID="string_region_1638957065950_5349l11"
                          HEIGHT="181"
                          WIDTH="2468"
                          VPOS="877"
                          HPOS="3559"
                          CONTENT="gelieft nogh 2 a 3 balen van de s segovische te doen uijt soecken &amp; aen mij seijnden, ten waere"/>
               </TextLine>
               <TextLine ID="region_1638957065950_5349l12"
                         BASELINE="3562,1094 3684,1090 3807,1088 3929,1086 4052,1084 4175,1082 4297,1081 4420,1080 4542,1079 4665,1078 4788,1078 4910,1078 5033,1076 5155,1076 5278,1076 5401,1076 5523,1076 5646,1074 5768,1074 5891,1074 6014,1072"
                         HEIGHT="143"
                         WIDTH="2480"
                         VPOS="994"
                         HPOS="3548">
                  <String ID="string_region_1638957065950_5349l12"
                          HEIGHT="143"
                          WIDTH="2480"
                          VPOS="994"
                          HPOS="3548"
                          CONTENT="ul bij ymant anders deselve soorte voor minder gelt conde becomen ofte dat die beeter was"/>
               </TextLine>
               <TextLine ID="region_1638957065950_5349l13"
                         BASELINE="3560,1184 3680,1179 3801,1176 3921,1172 4042,1170 4162,1170 4283,1168 4403,1168 4524,1168 4644,1168 4765,1168 4885,1168 5006,1168 5126,1167 5247,1166 5367,1166 5488,1164 5608,1162 5729,1158 5849,1154 5970,1150"
                         HEIGHT="121"
                         WIDTH="2441"
                         VPOS="1077"
                         HPOS="3544">
                  <String ID="string_region_1638957065950_5349l13"
                          HEIGHT="121"
                          WIDTH="2441"
                          VPOS="1077"
                          HPOS="3544"
                          CONTENT="soo sal dat aen ul referreeren om mij continueelijcq daer sowel te bedienen. hebbe ul voor"/>
               </TextLine>
               <TextLine ID="region_1638957065950_5349l14"
                         BASELINE="3554,1264 3677,1262 3800,1260 3923,1259 4046,1258 4169,1256 4292,1256 4415,1256 4538,1254 4661,1254 4785,1254 4908,1252 5031,1252 5154,1252 5277,1251 5400,1250 5523,1249 5646,1248 5769,1246 5892,1244 6016,1242"
                         HEIGHT="127"
                         WIDTH="2496"
                         VPOS="1176"
                         HPOS="3537">
                  <String ID="string_region_1638957065950_5349l14"
                          HEIGHT="127"
                          WIDTH="2496"
                          VPOS="1176"
                          HPOS="3537"
                          CONTENT="deremises gedelitt. volgens ul dat heft genot. ingesloten mijne tratta op ul &amp; cam voor "/>
               </TextLine>
               <TextLine ID="region_1638957065950_5349l15"
                         BASELINE="3566,1344 3686,1344 3807,1346 3928,1346 4048,1348 4169,1348 4290,1346 4410,1346 4531,1346 4652,1344 4773,1344 4893,1342 5014,1340 5135,1340 5255,1338 5376,1338 5497,1338 5617,1338 5738,1338 5859,1338 5980,1340"
                         HEIGHT="111"
                         WIDTH="2447"
                         VPOS="1270"
                         HPOS="3549">
                  <String ID="string_region_1638957065950_5349l15"
                          HEIGHT="111"
                          WIDTH="2447"
                          VPOS="1270"
                          HPOS="3549"
                          CONTENT="recq van m. lumm sijnde ƒ 348.16 deser gelde a 4 ¾ pr is ƒ 365.7 waer over ul advijs"/>
               </TextLine>
               <TextLine ID="region_1638957065950_5349l16"
                         BASELINE="3562,1426 3682,1426 3803,1428 3924,1428 4045,1428 4166,1428 4286,1428 4407,1428 4528,1428 4649,1428 4770,1428 4890,1428 5011,1428 5132,1428 5253,1428 5374,1428 5494,1428 5615,1428 5736,1428 5857,1427 5978,1426"
                         HEIGHT="129"
                         WIDTH="2447"
                         VPOS="1338"
                         HPOS="3546">
                  <String ID="string_region_1638957065950_5349l16"
                          HEIGHT="129"
                          WIDTH="2447"
                          VPOS="1338"
                          HPOS="3546"
                          CONTENT="tegemoedt sien alsoo de partije niet minder can valen of soude m lumms ord. niet"/>
               </TextLine>
               <TextLine ID="region_1638957065950_5349l17"
                         BASELINE="3578,1514 3698,1514 3819,1514 3940,1516 4061,1516 4182,1516 4303,1516 4424,1518 4545,1518 4666,1518 4787,1520 4907,1520 5028,1520 5149,1520 5270,1520 5391,1520 5512,1520 5633,1520 5754,1520 5875,1520 5996,1518"
                         HEIGHT="144"
                         WIDTH="2447"
                         VPOS="1446"
                         HPOS="3564">
                  <String ID="string_region_1638957065950_5349l17"
                          HEIGHT="144"
                          WIDTH="2447"
                          VPOS="1446"
                          HPOS="3564"
                          CONTENT="hebbe connen volbrengen. praesten sal de rest remitt oft aen mede voor dese nu gend balen"/>
               </TextLine>
               <TextLine ID="region_1638957065950_5349l18"
                         BASELINE="3592,1600 3618,1597 3644,1595 3670,1594 3696,1596"
                         HEIGHT="82"
                         WIDTH="135"
                         VPOS="1561"
                         HPOS="3576">
                  <String ID="string_region_1638957065950_5349l18"
                          HEIGHT="82"
                          WIDTH="135"
                          VPOS="1561"
                          HPOS="3576"
                          CONTENT=""/>
               </TextLine>
               <TextLine ID="region_1638957065950_5349l19"
                         BASELINE="5402,1650 5430,1652 5458,1652 5486,1651 5514,1650 5542,1648 5570,1645 5598,1642"
                         HEIGHT="129"
                         WIDTH="230"
                         VPOS="1560"
                         HPOS="5383">
                  <String ID="string_region_1638957065950_5349l19"
                          HEIGHT="129"
                          WIDTH="230"
                          VPOS="1560"
                          HPOS="5383"
                          CONTENT="a 23d"/>
               </TextLine>
               <TextLine ID="region_1638957065950_5349l20"
                         BASELINE="3468,1710 3500,1705 3532,1703 3565,1700 3597,1698 3630,1696 3662,1696 3694,1696 3727,1694 3759,1695 3792,1696 3824,1696 3856,1696 3889,1696 3921,1696 3954,1696 3986,1694 4018,1693 4051,1692 4083,1689 4116,1686"
                         HEIGHT="192"
                         WIDTH="680"
                         VPOS="1577"
                         HPOS="3452">
                  <String ID="string_region_1638957065950_5349l20"
                          HEIGHT="192"
                          WIDTH="680"
                          VPOS="1577"
                          HPOS="3452"
                          CONTENT="Rijssel m. Richerd Southell"/>
               </TextLine>
               <TextLine ID="region_1638957065950_5349l21"
                         BASELINE="3578,1790 3694,1790 3811,1790 3928,1790 4044,1788 4161,1788 4278,1788 4394,1788 4511,1786 4628,1786 4745,1786 4861,1786 4978,1786 5095,1784 5211,1784 5328,1784 5445,1784 5561,1786 5678,1786 5795,1786 5912,1786"
                         HEIGHT="174"
                         WIDTH="2364"
                         VPOS="1666"
                         HPOS="3563">
                  <String ID="string_region_1638957065950_5349l21"
                          HEIGHT="174"
                          WIDTH="2364"
                          VPOS="1666"
                          HPOS="3563"
                          CONTENT="mij last to you was on the 21 curtt. sence non from you, now am sorry to toll you that "/>
               </TextLine>
               <TextLine ID="region_1638957065950_5349l22"
                         BASELINE="3572,1890 3693,1886 3815,1882 3937,1880 4059,1877 4181,1876 4303,1874 4425,1874 4547,1874 4669,1872 4791,1872 4912,1872 5034,1872 5156,1872 5278,1872 5400,1870 5522,1870 5644,1868 5766,1865 5888,1862 6010,1858"
                         HEIGHT="150"
                         WIDTH="2468"
                         VPOS="1789"
                         HPOS="3556">
                  <String ID="string_region_1638957065950_5349l22"
                          HEIGHT="150"
                          WIDTH="2468"
                          VPOS="1789"
                          HPOS="3556"
                          CONTENT="John vale is broake, &amp; I doubt he will prove a great lhave, haveing tansported all hin"/>
               </TextLine>
               <TextLine ID="region_1638957065950_5349l23"
                         BASELINE="3552,1980 3674,1975 3797,1970 3920,1966 4043,1964 4166,1962 4289,1962 4412,1960 4535,1960 4658,1960 4781,1960 4903,1960 5026,1960 5149,1960 5272,1958 5395,1956 5518,1953 5641,1950 5764,1944 5887,1938 6010,1930"
                         HEIGHT="150"
                         WIDTH="2490"
                         VPOS="1874"
                         HPOS="3537">
                  <String ID="string_region_1638957065950_5349l23"
                          HEIGHT="150"
                          WIDTH="2490"
                          VPOS="1874"
                          HPOS="3537"
                          CONTENT="goods &amp; debts, so that I feare there will be vere little tobe ricovered from him, pray to wmise "/>
               </TextLine>
               <TextLine ID="region_1638957065950_5349l24"
                         BASELINE="3560,2068 3683,2064 3806,2060 3929,2058 4052,2056 4176,2054 4299,2052 4422,2052 4545,2051 4668,2050 4792,2050 4915,2050 5038,2050 5161,2050 5284,2048 5408,2048 5531,2046 5654,2046 5777,2044 5900,2042 6024,2038"
                         HEIGHT="121"
                         WIDTH="2496"
                         VPOS="1958"
                         HPOS="3545">
                  <String ID="string_region_1638957065950_5349l24"
                          HEIGHT="121"
                          WIDTH="2496"
                          VPOS="1958"
                          HPOS="3545"
                          CONTENT="this 4 yd nept to H.C. least mne should tarry longer, I have the coppy of his transport"/>
               </TextLine>
               <TextLine ID="region_1638957065950_5349l25"
                         BASELINE="3562,2164 3685,2162 3808,2159 3931,2156 4054,2154 4178,2152 4301,2150 4424,2148 4547,2147 4670,2146 4794,2144 4917,2144 5040,2142 5163,2142 5286,2142 5410,2140 5533,2140 5656,2140 5779,2139 5902,2138 6026,2138"
                         HEIGHT="112"
                         WIDTH="2496"
                         VPOS="2075"
                         HPOS="3546">
                  <String ID="string_region_1638957065950_5349l25"
                          HEIGHT="112"
                          WIDTH="2496"
                          VPOS="2075"
                          HPOS="3546"
                          CONTENT="s obligatons, which will be sent to england, butt I supose yd advise will come soones "/>
               </TextLine>
               <TextLine ID="region_1638957065950_5349l26"
                         BASELINE="3556,2262 3679,2260 3802,2259 3925,2256 4048,2254 4172,2252 4295,2250 4418,2248 4541,2245 4664,2242 4788,2241 4911,2240 5034,2238 5157,2238 5280,2236 5404,2236 5527,2236 5650,2238 5773,2239 5896,2241 6020,2244"
                         HEIGHT="147"
                         WIDTH="2493"
                         VPOS="2147"
                         HPOS="3542">
                  <String ID="string_region_1638957065950_5349l26"
                          HEIGHT="147"
                          WIDTH="2493"
                          VPOS="2147"
                          HPOS="3542"
                          CONTENT="t. must come over, for I can not help hm, &amp; TN.11 exceimbed &amp; nothing to be "/>
               </TextLine>
               <TextLine ID="region_1638957065950_5349l27"
                         BASELINE="3568,2348 3648,2346 3728,2346 3808,2345 3889,2344 3969,2344 4049,2344 4130,2344 4210,2344 4290,2344 4371,2344 4451,2344 4531,2344 4611,2342 4692,2342 4772,2342 4852,2340 4933,2339 5013,2336 5093,2334 5174,2332"
                         HEIGHT="115"
                         WIDTH="1636"
                         VPOS="2289"
                         HPOS="3553">
                  <String ID="string_region_1638957065950_5349l27"
                          HEIGHT="115"
                          WIDTH="1636"
                          VPOS="2289"
                          HPOS="3553"
                          CONTENT="foiund so f doube poore N.C. will be att a de adloos, "/>
               </TextLine>
               <TextLine ID="region_1638957065950_5349l28"
                         BASELINE="5530,2438 5555,2438 5580,2438 5606,2437 5631,2435 5656,2434 5682,2432 5707,2430 5732,2429 5758,2426"
                         HEIGHT="128"
                         WIDTH="267"
                         VPOS="2345"
                         HPOS="5509">
                  <String ID="string_region_1638957065950_5349l28"
                          HEIGHT="128"
                          WIDTH="267"
                          VPOS="2345"
                          HPOS="5509"
                          CONTENT="C 24d"/>
               </TextLine>
               <TextLine ID="region_1638957065950_5349l29"
                         BASELINE="3476,2468 3510,2468 3545,2466 3579,2466 3614,2466 3648,2466 3683,2466 3717,2464 3752,2464 3786,2464 3821,2464 3855,2464 3890,2464 3924,2464 3959,2464 3993,2464 4028,2464 4062,2463 4097,2462 4131,2462 4166,2462"
                         HEIGHT="147"
                         WIDTH="722"
                         VPOS="2382"
                         HPOS="3459">
                  <String ID="string_region_1638957065950_5349l29"
                          HEIGHT="147"
                          WIDTH="722"
                          VPOS="2382"
                          HPOS="3459"
                          CONTENT="niupoorte mr. Michiel de Valleg"/>
               </TextLine>
               <TextLine ID="region_1638957065950_5349l30"
                         BASELINE="3584,2570 3704,2563 3825,2557 3945,2552 4066,2548 4187,2544 4307,2542 4428,2540 4548,2538 4669,2538 4790,2536 4910,2536 5031,2536 5151,2534 5272,2534 5393,2534 5513,2534 5634,2532 5754,2531 5875,2529 5996,2526"
                         HEIGHT="150"
                         WIDTH="2444"
                         VPOS="2444"
                         HPOS="3568">
                  <String ID="string_region_1638957065950_5349l30"
                          HEIGHT="150"
                          WIDTH="2444"
                          VPOS="2444"
                          HPOS="3568"
                          CONTENT="20 deser heb aen ul gesonden een packettien &amp; N.0. voor m Edund warner, t'sedert den ul"/>
               </TextLine>
               <TextLine ID="region_1638957065950_5349l31"
                         BASELINE="3584,2646 3705,2641 3826,2638 3947,2634 4068,2631 4190,2628 4311,2626 4432,2624 4553,2622 4674,2620 4796,2620 4917,2618 5038,2618 5159,2618 5280,2618 5402,2618 5523,2618 5644,2618 5765,2618 5886,2619 6008,2620"
                         HEIGHT="135"
                         WIDTH="2456"
                         VPOS="2535"
                         HPOS="3569">
                  <String ID="string_region_1638957065950_5349l31"
                          HEIGHT="135"
                          WIDTH="2456"
                          VPOS="2535"
                          HPOS="3569"
                          CONTENT="van 20d. becomen, heden sende aen ul p bode een packettien &amp;W n°. 22 voor m Ed. warner, om"/>
               </TextLine>
               <TextLine ID="region_1638957065950_5349l32"
                         BASELINE="3580,2732 3633,2730 3687,2725 3740,2724 3794,2722 3848,2720 3901,2718 3955,2716 4008,2716 4062,2714 4116,2714 4169,2712 4223,2712 4276,2711 4330,2710 4384,2710 4437,2708 4491,2708 4544,2708 4598,2706 4652,2706"
                         HEIGHT="138"
                         WIDTH="1104"
                         VPOS="2626"
                         HPOS="3563">
                  <String ID="string_region_1638957065950_5349l32"
                          HEIGHT="138"
                          WIDTH="1104"
                          VPOS="2626"
                          HPOS="3563"
                          CONTENT="naer ontfanck 't selve ven hem t 'exsped"/>
               </TextLine>
               <TextLine ID="region_1638957065950_5349l33"
                         BASELINE="5624,2790 5650,2795 5677,2799 5704,2800 5731,2800 5758,2799 5784,2798 5811,2796 5838,2796 5865,2796 5892,2798"
                         HEIGHT="157"
                         WIDTH="299"
                         VPOS="2702"
                         HPOS="5610">
                  <String ID="string_region_1638957065950_5349l33"
                          HEIGHT="157"
                          WIDTH="299"
                          VPOS="2702"
                          HPOS="5610"
                          CONTENT="6 24d."/>
               </TextLine>
               <TextLine ID="region_1638957065950_5349l34"
                         BASELINE="3482,2850 3510,2846 3539,2843 3568,2840 3597,2838 3626,2836 3655,2836 3684,2834 3713,2834 3742,2834 3771,2834 3799,2834 3828,2835 3857,2836 3886,2836 3915,2836 3944,2836 3973,2836 4002,2835 4031,2834 4060,2832"
                         HEIGHT="170"
                         WIDTH="612"
                         VPOS="2728"
                         HPOS="3465">
                  <String ID="string_region_1638957065950_5349l34"
                          HEIGHT="170"
                          WIDTH="612"
                          VPOS="2728"
                          HPOS="3465"
                          CONTENT="Brussel Raphael Coots"/>
               </TextLine>
               <TextLine ID="region_1638957065950_5349l35"
                         BASELINE="3562,2930 3682,2928 3803,2928 3923,2927 4044,2926 4165,2924 4285,2922 4406,2920 4526,2918 4647,2918 4768,2916 4888,2914 5009,2912 5129,2910 5250,2910 5371,2908 5491,2908 5612,2908 5732,2908 5853,2908 5974,2908"
                         HEIGHT="109"
                         WIDTH="2443"
                         VPOS="2854"
                         HPOS="3547">
                  <String ID="string_region_1638957065950_5349l35"
                          HEIGHT="109"
                          WIDTH="2443"
                          VPOS="2854"
                          HPOS="3547"
                          CONTENT="22 deser was aen ul mijnen lesten waer aen referreere t'sedert dan ul van 21. becomen"/>
               </TextLine>
               <TextLine ID="region_1638957065950_5349l36"
                         BASELINE="3572,3016 3693,3014 3814,3012 3935,3010 4056,3008 4178,3006 4299,3004 4420,3002 4541,3000 4662,2998 4784,2996 4905,2995 5026,2994 5147,2992 5268,2992 5390,2992 5511,2992 5632,2992 5753,2992 5874,2994 5996,2996"
                         HEIGHT="152"
                         WIDTH="2456"
                         VPOS="2924"
                         HPOS="3556">
                  <String ID="string_region_1638957065950_5349l36"
                          HEIGHT="152"
                          WIDTH="2456"
                          VPOS="2924"
                          HPOS="3556"
                          CONTENT="geerne het arrivem. van aulaeson verstaen, hope om dan voor nu oocq salvo is 't suces sien"/>
               </TextLine>
               <TextLine ID="region_1638957065950_5349l37"
                         BASELINE="3576,3108 3696,3105 3816,3102 3936,3098 4056,3096 4177,3093 4297,3090 4417,3088 4537,3086 4657,3084 4778,3082 4898,3080 5018,3078 5138,3078 5258,3076 5379,3076 5499,3076 5619,3076 5739,3076 5859,3076 5980,3078"
                         HEIGHT="159"
                         WIDTH="2434"
                         VPOS="2998"
                         HPOS="3561">
                  <String ID="string_region_1638957065950_5349l37"
                          HEIGHT="159"
                          WIDTH="2434"
                          VPOS="2998"
                          HPOS="3561"
                          CONTENT="te gemoet, ul andermael d'ex alle mogelijcke expeditie recomand, waerop mij verlaete"/>
               </TextLine>
               <TextLine ID="region_1638957065950_5349l38"
                         BASELINE="3580,3198 3701,3194 3823,3192 3944,3188 4066,3186 4188,3182 4309,3180 4431,3178 4552,3176 4674,3174 4796,3172 4917,3172 5039,3170 5160,3170 5282,3168 5404,3168 5525,3168 5647,3168 5768,3168 5890,3169 6012,3170"
                         HEIGHT="142"
                         WIDTH="2462"
                         VPOS="3085"
                         HPOS="3566">
                  <String ID="string_region_1638957065950_5349l38"
                          HEIGHT="142"
                          WIDTH="2462"
                          VPOS="3085"
                          HPOS="3566"
                          CONTENT="alsoo om alle de giedens verleegen ben. Jan vale is getroocken het scheynt dat hij voor Jan"/>
               </TextLine>
               <TextLine ID="region_1638957065950_5349l39"
                         BASELINE="3562,3286 3682,3284 3802,3282 3922,3279 4042,3276 4162,3274 4282,3272 4402,3270 4522,3268 4642,3266 4762,3264 4882,3262 5002,3262 5122,3260 5242,3260 5362,3260 5482,3261 5602,3262 5722,3264 5842,3266 5962,3270"
                         HEIGHT="139"
                         WIDTH="2432"
                         VPOS="3191"
                         HPOS="3546">
                  <String ID="string_region_1638957065950_5349l39"
                          HEIGHT="139"
                          WIDTH="2432"
                          VPOS="3191"
                          HPOS="3546"
                          CONTENT="Jacobs heeft in come gedient, &amp; sijn cred. niet veel sal geeven goet vertroefte de verliesens"/>
               </TextLine>
               <TextLine ID="region_1638957065950_5349l40"
                         BASELINE="3482,3404 3510,3404 3538,3404 3567,3404 3595,3404 3624,3406 3652,3406 3680,3408 3709,3408 3737,3410 3766,3410 3794,3412 3822,3412 3851,3414 3879,3414 3908,3414 3936,3414 3964,3414 3993,3414 4021,3414 4050,3412"
                         HEIGHT="155"
                         WIDTH="603"
                         VPOS="3315"
                         HPOS="3465">
                  <String ID="string_region_1638957065950_5349l40"
                          HEIGHT="155"
                          WIDTH="603"
                          VPOS="3315"
                          HPOS="3465"
                          CONTENT="Lille mr. Richard Southell"/>
               </TextLine>
               <TextLine ID="region_1638957065950_5349l41"
                         BASELINE="5506,3430 5532,3430 5559,3428 5586,3426 5612,3425 5639,3423 5666,3421 5692,3420 5719,3419 5746,3418"
                         HEIGHT="113"
                         WIDTH="277"
                         VPOS="3340"
                         HPOS="5486">
                  <String ID="string_region_1638957065950_5349l41"
                          HEIGHT="113"
                          WIDTH="277"
                          VPOS="3340"
                          HPOS="5486"
                          CONTENT="624d"/>
               </TextLine>
               <TextLine ID="region_1638957065950_5349l42"
                         BASELINE="3594,3510 3714,3511 3834,3512 3954,3514 4075,3516 4195,3516 4315,3518 4436,3518 4556,3518 4676,3520 4797,3520 4917,3520 5037,3522 5157,3522 5278,3524 5398,3524 5518,3526 5639,3526 5759,3528 5879,3530 6000,3530"
                         HEIGHT="186"
                         WIDTH="2439"
                         VPOS="3406"
                         HPOS="3577">
                  <String ID="string_region_1638957065950_5349l42"
                          HEIGHT="186"
                          WIDTH="2439"
                          VPOS="3406"
                          HPOS="3577"
                          CONTENT="yeasterday rott you the needfull, sence recd. yd of 22h as I told you I doube I rno vale will rove "/>
               </TextLine>
               <TextLine ID="region_1638957065950_5349l43"
                         BASELINE="3582,3612 3701,3610 3821,3608 3941,3608 4061,3608 4181,3608 4301,3608 4421,3610 4541,3610 4661,3612 4781,3614 4900,3616 5020,3618 5140,3619 5260,3620 5380,3622 5500,3624 5620,3625 5740,3626 5860,3626 5980,3626"
                         HEIGHT="116"
                         WIDTH="2432"
                         VPOS="3541"
                         HPOS="3565">
                  <String ID="string_region_1638957065950_5349l43"
                          HEIGHT="116"
                          WIDTH="2432"
                          VPOS="3541"
                          HPOS="3565"
                          CONTENT="a greas enave. I have from the vere first imployed mr. Sabbarton, from which I have "/>
               </TextLine>
               <TextLine ID="region_1638957065950_5349l44"
                         BASELINE="3572,3706 3692,3704 3813,3704 3933,3704 4054,3704 4175,3704 4295,3706 4416,3707 4536,3708 4657,3710 4778,3712 4898,3714 5019,3716 5139,3716 5260,3718 5381,3718 5501,3720 5622,3718 5742,3718 5863,3716 5984,3714"
                         HEIGHT="126"
                         WIDTH="2444"
                         VPOS="3636"
                         HPOS="3555">
                  <String ID="string_region_1638957065950_5349l44"
                          HEIGHT="126"
                          WIDTH="2444"
                          VPOS="3636"
                          HPOS="3555"
                          CONTENT="a letter of yeasterday &amp; ne sayes that the peocuration you sent mee which I have sent "/>
               </TextLine>
               <TextLine ID="region_1638957065950_5349l45"
                         BASELINE="3554,3796 3674,3796 3794,3797 3914,3798 4035,3800 4155,3800 4275,3802 4396,3804 4516,3806 4636,3808 4757,3810 4877,3812 4997,3814 5117,3816 5238,3818 5358,3820 5478,3824 5599,3826 5719,3828 5839,3830 5960,3832"
                         HEIGHT="145"
                         WIDTH="2439"
                         VPOS="3742"
                         HPOS="3538">
                  <String ID="string_region_1638957065950_5349l45"
                          HEIGHT="145"
                          WIDTH="2439"
                          VPOS="3742"
                          HPOS="3538"
                          CONTENT="hury is not susticient, butt muse have a new one fram H.C. wish boath the one, &amp;"/>
               </TextLine>
               <TextLine ID="region_1638957065950_5349l46"
                         BASELINE="3566,3888 3688,3888 3810,3888 3932,3889 4054,3890 4177,3892 4299,3893 4421,3895 4543,3898 4665,3900 4788,3903 4910,3906 5032,3910 5154,3914 5276,3918 5399,3921 5521,3924 5643,3928 5765,3932 5887,3936 6010,3940"
                         HEIGHT="127"
                         WIDTH="2474"
                         VPOS="3834"
                         HPOS="3551">
                  <String ID="string_region_1638957065950_5349l46"
                          HEIGHT="127"
                          WIDTH="2474"
                          VPOS="3834"
                          HPOS="3551"
                          CONTENT="other acctt. he proiises my to do all what lyes in his pover to sicure H.C., whilst I can "/>
               </TextLine>
               <TextLine ID="region_1638957065950_5349l47"
                         BASELINE="3570,3984 3691,3982 3812,3982 3933,3982 4054,3982 4176,3984 4297,3986 4418,3988 4539,3990 4660,3992 4782,3996 4903,3998 5024,4001 5145,4004 5266,4007 5388,4010 5509,4012 5630,4014 5751,4017 5872,4018 5994,4020"
                         HEIGHT="125"
                         WIDTH="2457"
                         VPOS="3917"
                         HPOS="3554">
                  <String ID="string_region_1638957065950_5349l47"
                          HEIGHT="125"
                          WIDTH="2457"
                          VPOS="3917"
                          HPOS="3554"
                          CONTENT="not go the athe before the middle or latter end of neyt week, I shall informe my"/>
               </TextLine>
               <TextLine ID="region_1638957065950_5349l48"
                         BASELINE="3562,4078 3623,4080 3684,4080 3745,4080 3807,4082 3868,4082 3929,4082 3991,4082 4052,4082 4113,4082 4175,4082 4236,4082 4297,4082 4358,4082 4420,4084 4481,4084 4542,4086 4604,4086 4665,4088 4726,4090 4788,4092"
                         HEIGHT="136"
                         WIDTH="1257"
                         VPOS="4009"
                         HPOS="3547">
                  <String ID="string_region_1638957065950_5349l48"
                          HEIGHT="136"
                          WIDTH="1257"
                          VPOS="4009"
                          HPOS="3547"
                          CONTENT="self of che other bills of H.C. a advise you "/>
               </TextLine>
            </TextBlock>
         </PrintSpace>
      </Page>
   </Layout>
</alto>
