8528 4608
2470 216 623 132 Antw aN. 7 gb 1681

850 258 844 129 Nieuwporte m Michel Ballego

1090 313 2160 162 In antw. den ul van 3 deser is mij wel gewoorden, hope het paecken  n. 4

1135 424 2096 147 haest tot londen sal wesen. heden hebbe gesonden p bode nogh een van 't selve

1113 524 2142 158 merck n5, waer voors port gelieft te bet als het voorgaende, & stellen op reeg

1118 647 2108 124 aen m Edmund Warner, aen he welcken het selve met alle spoet gelieft te

1118 742 2107 113 depecheeren. hebbe alnogh gesonden t packet bestaende van 3 bleyne om daer

1121 803 2133 170 mede te volgen d'ord. van m Antonij Bosseau van Brussel, ul is gewent die sorte

1106 899 2119 175 te bet., soo hebbe met den bode niet geaccordeert, als alleen dat hy te mede is te

1107 1006 2169 111 ontf. gelijck de boden van brussel voor de selve hebben tot costi daer is voorder nogh

1110 1096 2159 130 1 packet gemerckt M.S.P. N°5 van mr. Jan Ba Baudier volgens den advis brief

1110 1170 2142 159 daer beneffens sijnde, is het saecken dat ul voor de selve gewoon is de port te

1108 1280 2172 136 bet soo gelieft het te doen all'ordinaire, soo niet sal op ul advijs de selve hier

1106 1396 2139 117 beye mits het groot is, vraeghde den bode 2 pattaconse oversulckx sal deswegens

2684 1467 577 155 Antw: 79681

1109 1486 1146 143 ¼ gen. js gepartt. ul advijs afwaghten &

796 1578 881 151 T la r Richard Southell

1108 1667 2098 137 In answer to yo of 20 curr, I am glad you have had good sales all a long

1118 1793 2138 99 his summer, though goods be deare, where there is good sall there musth be good

1118 1866 2176 109 proffitt, yett by yo. I supose the contrary because you finde butt little incorridgne

1103 1984 2150 120 do in large yo trade: what sower you do in my behalfe shall be well don

1111 2057 2095 142 whilst neversheless att this yeares end I hope to finde yo. acctt. to content

1102 2156 2144 132 noth withostanding the news of prolongation of the king of frenck demands

1092 2241 2101 114 wee are still allarmed, &our contray people, hath no inclisnation to buy,

1109 2334 2080 124 goods, much less to pait of their mony which is confirmed by the daylys

1097 2445 2148 116 marching of souldiens, which draw toghether from all parts, what their

1094 2540 2175 98 intention is, God knows, the hollanders are with 8000 in march to, so that

1107 2636 2215 111 wee hope to maintaine our aight by force, whilst wee are in the meanetinae

1103 2720 2151 127 in a rewpoore condition of trade. I should have drawne on you this day beett

1106 2789 2171 144 could do ne less then 14  loss for 21so, which I am loast to do, though my

1093 2908 1880 135 occasion is miglhtie vrgent, to shall de lay as long as scan strive

1071 2990 2113 133 The 4ld chicolatte is on itts way with father egant packett, yd ledder is

1128 3090 2076 119 delivered him, & when I know what remiss have shall now you bonth, this

1103 3162 2123 125 chocolatte cost 4ostivers a found 7 at for S. scamand I hope so recover most

1098 3259 2145 156 part or all, I have inderstood the tie is gon to see his facher in hopes to

1111 3352 2160 114 have mony from him to pay lus dibt, & so to returne to England of tewad

1091 3471 2163 124 whit honouw Iwhandes what you lay of m Collius, he payd 19 ƒ for the

1102 3524 2172 161 cronicle & whould have nothing of mee for ytt, for aferrwards whire I whoubd

1119 3639 2107 125 allowitt him apon acctt. he whald he would not, for he disburst the silk hese

1101 3740 2166 114 & some hotts, & otked, small baggatells for which I gave his sacher cred. in the

1110 3831 2154 140 while, why would he have mee pay itt noow, which I so lough sence have

1084 3927 2206 146 estemeed a giss. I made pasf the £19:10- for laces to his packer pray tell

1085 4030 2160 125 hun that he must not rember agist, brutt lett mee remeiber itt to neward

1116 4117 948 152 which I then promised to do

3398 211 721 116 London Michiel peeters

4945 210 1049 110 Antwerpen 5 gb 1681 103

3527 277 2406 88 mons. op 28 passato was aen ul mijnen lesten, sedert geene van ul. ten langhen

3512 351 2424 91 leften, nae dat ulrweder alveele dagen hier in stadt heeft geweest, sonder

3511 371 2468 142 bij mij te comen hebben wij de Rek corant gesloten, volgens de selve hier in geleyt

3527 476 2436 118 aen ul sende, waer onderstaet sijn dischargee nu tot u satisfactie, ende onser

3525 527 2412 102 bejde gerustigheyt sende die aen ul, op dat ul deselve gelieft te approbeeren

3536 579 2415 112 ende de betaling te ordonneeren aen mr. slanghter ul gelieft het op dese

3528 635 2412 115 medegaende Reke te doen doen not arialijk, in presentie van getuygen inder

3536 666 2467 150 manieren als hier ingeleyt apart gescreven, ts ende aen mij terugge senden

3523 752 2409 150 ul kan daer een copie van houden ick doen u goet £20: voor ul hebft

3527 778 2474 172 inde bekennde gastos seere tos 1679 ende £86: 13:4 voor £50: st a 34: 8 dewel

3526 880 2485 136 het eenigh erreur oft omittering is geweest in alle de voorgaende Rek. soo dat

3525 939 2456 137 ul mach vrijelijk gerust sijn oock moet ul verlekert sijn dat ick mijn

3526 1008 2431 162 consiente voor een hants vol gelt niet wille beswaert late, ende dat ick

3541 1080 2415 123 iets wiste anders het geirne soude vergoeden: nu omtedoonen dat het

3528 1103 2465 167 aen mij niets gemanckert en heeft ul dienste te doen, soo sal ick m. chought

3523 1176 2429 139 voldoen als ul bijden ingesloten kan lesen nochtans daer sijn noch wel

3524 1278 2470 128 ƒ9 a ƒ5000 uytstaende sulden maerten sij ick in alles manieren & dischargee

3530 1295 2455 164 ben niet hebbe, bij provisie 12 lakens heden afgesonden volgens de facture

3529 1369 2440 149 oock ingesloten, de welke same met den brief aen mr. slanghter gelieft ter

3525 1444 2372 140 handt de stellen ende pr naeste van alles advies tegeven, want de lakens

3536 1489 2450 171 tot brugge aen mijn ordre sullen blijven liggen, tot u antwoort ick wenste

3522 1581 2417 139 wel dat m slanghter teverden was met de volgende presentatie, oock soo

3535 1660 2402 107 haest bij mijn presentatie aen nemt, soo moet hij u van alles ontlasten

3530 1710 2437 118 en alle arresten te niet doen op dat destilderijen en andere konnen, daer

3510 1797 2416 105 het moet wesen, geimployeert worden waer toe u broeder mij seer heeft

3529 1836 2455 135 versoeht d'welk diene ul tot advies van u broeder heeft noch 4 lakens doen

5259 1903 719 145 @ 8 ditto 1681

3518 1951 1372 119 hien blijven daerom sende maer 12

3389 1980 814 142 london paris slaughter

3542 2003 2456 179 Sr. I supose, that you do much wonder, where the cloathes of m. peeters are detained

3525 2103 2432 174 so come now to give you an acctt. of what hetherto I have don, as well in yd as

3507 2172 2461 143 their behalfe in the first I have fomd that itt was impossible for them

3510 2235 2468 136 to pay yd rest sooner neither can they do itt yett, except by my assistance

3529 2305 2319 142 & disbourse which I am willing to do, to make an end to that affaire

3521 2341 2440 154 though there is much instanding out debts, for I have sold some of the

3539 2430 2366 136 cloathes & what elee I have hadd for them to sell, except 12 peeces of

5504 2492 438 152 theij are

3529 2534 1612 118 which incloled is the invoyce, amonting to £

3515 2619 2390 90 vere good goods for their prijses, andam sure the like goodness would yeald

3528 2675 2322 94 now with you is  more considdered by what I duyly receave from

3524 2715 2475 124 England, so that itt is onely the cullour that is amis on them, which doubths

3526 2785 2354 149 you will be able to putt off for other countreys, att this rate, if att in

3527 2855 2395 128 bringiny them from englandhither, & sence so long time unsold & now

3525 2902 2424 148 againe to returne them att their charge, where fore & finde itt apr of

3526 2981 2449 110 conscience to abate any thing on the frirst cost & desire you to take them

3518 3048 2476 118 att those prijses as they cost & desice you toetane t

3533 3116 2427 137 are noted yn the inclosed invoyce they beeng sent forward this day to bruges

3536 3214 2415 113 in a bale M: this I must intreal you to do from yd defire side which in case

3518 3266 2455 158 son condeseend to then Ell remitt you the rest in mony which is as much

3531 3335 2434 140 as you, or they can exspect from afreind & do not exspett yd refuse

3539 3385 2474 147 because j iudge that there can ben loss up on the goods & thoughthere should

3523 3467 2483 120 be any, itt will bevere little for each of the interresved & much tond neeters I which

3539 3512 2481 143 do vere little much complaine, that all a long you have secured yd self in lond

3537 3614 2405 123 of their Effects there as well as here they haveing suffered much there by

3535 3678 2415 134 so you must then discharge yds arrest yett upndondition that m

3529 3732 2467 112 michiell t peeters signes & approves mi att, as well as his brother Antori

3524 3801 2467 127 hath don which I leave to you to see performed, because what I do love to be

3528 3879 2486 117 to be approve off as well don, & principplly now & in this bussynes, where

3528 3946 2492 115 part from them. I have no more to inlarge butt to assure you that

3537 3999 2476 131 what I write you is really minded & because of intercession of freind

3541 4085 2418 137 shall be performed, so that I exspect yd acceptance so first, for if itt

3499 4190 1999 124 awere for my owne self, I could do no more & so remaine
