8576 4663
2695 211 515 138 C 11 aphi 1682

880 227 722 157 Brussel in Jan vale

1132 290 2256 164 alhoewel ul mij niet antword, soo heb noghtans mij selven niet anders

1124 443 2207 138 ingebelt, oft ul soude sijn wont gepresteert hebben voor de leste £100st

1115 545 2227 155 geprovid, de welcke seg alsoo de lieden niet mitse en wilde waghten naer

1115 618 2235 193 vale mreyten nogh hebbe bes. 't gene mij ten uytersten ongelegen comt

1133 731 2227 152 daer en tussen en kont in holleet niet op om mij Resouthell van Rijsel

1126 849 2251 160 bij naer teforren ul te comen besoecken, om te sien wat satisfactie ofte

1113 949 2305 186 acuriteijt ul voor hem gelieft te geeven om als dan ul meerdere glegertheyt

1128 1037 2242 192 af te waghten, Icq ben daer toe seer ongenegen om ul tot reght te ramen, &

1122 1128 2228 227 mij dunckt het beste waer dat ul dat onder ons geliefte te propen, waer

1135 1253 2208 168 toe hebbe verseght mr. sabbaton de goetheyt sende willen hebben met ul te

1133 1345 2262 187 sprecken, wat gelt ul gerest heeft voor reeq van de selve brieven ul hem

1118 1455 2263 152 soude gelieven te bet. nemende van hem quitantie van t gene ul betaet

1121 1556 2272 173 voor reeq van de geprotesteerde brieven door mij vereert, waes op mij verlaete

1119 1674 2259 135 want anders genootsaecht soude sijn selfs over te comen 't gene hoye ul

1135 1771 1784 153 sal prevenieeren, ter wijlen ul antw & sueees verwaghte

2804 1923 323 126 a 13 apl

897 1894 841 159 Brugge dHr. Raphael Coots

1145 1989 2237 130 t' sedert den mijnen van 10 deser, den ul van den selven date becomen waer door ul seght

1129 2059 2252 146 voorde aen te comene goederen het noodighe sal prod., wegens de salempores naer gerards

1132 2160 2039 113 volgens mijne propositie sult ageeren, 't welck dan alles confls uyt waght

1119 2223 2271 141 hadde gehoopt dat Clarcq & Dindar souden gearriv. hebben geweest, alsoo met spa

1137 2353 2237 117 naer sommige goederen waghte, maer nu met dese N.O. winden, vreese de selve

1119 2398 2248 150 soo haest niet sullen te voorschijn comen, wat deswegens passeert, gelieft ulijden post

1119 2534 877 135 dagh aen mij te laeten weeten

2793 2537 512 170 13 ap 1681

885 2597 1120 160 Ninwpoorts Rickel de Vallego

1168 2654 2179 149 Mons. desen alleen tot advies dat heden aen ue soude een pakett

1140 2776 2116 88 TW N 21 voor mons Bunind varner van Londen aen de

1131 2846 2181 142 welken tselve gelieft te expedieren & onkosten op syn rek te stellen

903 2947 799 152 dorte not robert kertelij

2310 2939 739 136 den 13 april 1682

1158 3043 2265 138 mon in antwort aen den ul van 7 deser sijn my het gesonden bayen en hin

1150 3153 2271 116 geworden dogh het selve animeren niet om de rest te ordonneren & staltken van de 6

1148 3258 2280 111 neu moet geperste sijn wat te vael met root, gemengelt ofte niet claer geenogh volgens

1147 3328 2257 101 die geerne idde oock 28s voor de selve te besteden is te veel soude daer mijn gelt

1136 3401 2284 99 niet van connen maecken soo seijnde de selve te rugge want ick die maer 4 a 45

1138 3461 2214 171 stuijvers alle weendigh ordeele ul daer ijete voor commende doen gelieft te laeten

1135 3538 2250 164 wachten sal eerste daege ul remmitteren op Ant 't gene aen ul schildigh ben waer

2898 3653 233 108 C13d.

1142 3680 771 130 mts groetenisse blijve

948 3700 773 204 am. mr. Samuel de Sulter

1136 3767 2240 210 bij den ul van 10 deser bevinden mijne nimesten waeren ontf, waer voor ul dan blijft gedelbt.

1124 3875 2237 182 Incok ƒ 1516.2- ul heeft 6 balen spaensche wolle voor mij gecoght, de welcke hope ten

1140 3938 2284 197 arrivem. contentem. sullen geeven, bevinde in de rab. vande 4 b van pr. de lare gaogh

1135 4066 2256 135 het nab. van  te wesen ƒ 108.6, daer ul voor nott. ƒ 106.12, soo dan ƒ1.14 tot mijne

1121 4114 2254 215 prequid, 't welck ul soo bevinden gelieft te nott in gevolge den medegaende

1123 4240 2254 167 remitteeren ul een parteschen in t briefkens, te weeten ƒ 89- a 125 pp £46.7.1 ten laste

3639 239 2431 117 clandis louys de furmont in and 8 deser vervallen, waes voor de best ten arrivem, gelieft te

3634 291 2402 127 besorgen, als mede voors £60- uls, tot laste Theodoor de Broy op sight, het welck al is dat

3637 401 2434 117 heden op de borse op corten tijt hebbe connen vinden, want alhoe wel b genoegh waeren, noghtans

3643 468 2397 146 geene op corten tijt, soo gelieft de rest raesten af te waghten, & ondertussen het precipitantste

3646 545 2415 149 met desse voldoen. dan voorgaende partije naer den beloofden tijt was voldaen, io geschiet

3639 674 2387 121 door oorsaeck van 't sluijten den bancq, dogh as icq amge vrinden dien, & dat de verkoopers

3637 770 2281 136 soo geprescieert sijn, vinde lightelijcq oc om den beloofden tijt prompt waer te nemen

3631 849 2439 138 ul hadde vernemen mijn tratta van ƒ300 ten behoeve van Maxmis wolf, waer vooren oocq

3638 922 414 148 sal pcoirdeeren

3511 1008 718 164 Brussel mr. Stephanus Kints

5478 1045 515 154 @ 13 aplr 1682

3641 1137 2417 149 volgens den ul van gisteren, soo seijnde hier beneffens de 4 quitantien aen ul terugh, want icq

3622 1239 2424 120 In geender hande manieren de selve in mijnen eijgen nam wil aennemen, soo magh ul

3634 1360 2374 133 daer mede doen wat ul gelieft, het bewijs op knoeet moet den 18 deser best. sijn, als

3617 1444 2402 133 wanneer soo het dan niet voldaen woort aen ul sal wederom seijnden, waer naer

3602 1510 731 153 ul sigh gelieft te gae

3521 1589 887 187 Brussel mr. Judocus de Sadeleir

5551 1641 234 124 C 13d

3637 1707 2419 178 desen alleen om ul te laeten weeten als dat het gewolckt laken, nu gemaeckt is

3629 1850 2391 161 soo dat alleenlijcq mancq. gerolt & beneijt te woorden, 't en meijne niet, datten

3631 1962 2423 153 oyt ijlts giolief, & rayder gemaeckt is geweest, & wenschte selfs wel, dat het gereet was

3617 2085 2456 135 ul toe te moge seijnden. de groen lakens tardeeren nogh, tot mijne groote verwonderinge

3617 2149 2424 146 dogh den gedurigen NO wint is daer van de reeden, de selve arriveerende woordat ul

3622 2269 396 120 toegesonden

3501 2329 658 147 Brussel mr. Joseph Sabbeerton

5520 2407 214 107 a 14d

3606 2474 2429 137 I can nott butt wonder that you dave not reed mine of the 6 cor. according you advise

3613 2570 2420 120 mee in yd. of yeasterday, seeng that day wrott severall letters to other freints att Brussels

3600 2662 2421 123 which all an pancspaly de livered I should be forry that itt should not come to you

3606 2738 2420 151 seeng itt contained yd. anticles signed, as also yd onginall, I shall exspect to know to

3604 2830 2418 159 marroe if they are not come to handes sence as also yd spinow about the contents

3599 2918 2441 152 mentioned in the inclosed, which s kopt up for some reasens, hopeing to have had remises

3597 3052 2426 154 fran s. D. yett I do exspect, that he will pay you some mony for mee so pray escorse

3597 3160 2432 149 with hun before you draw on mee, butt if you have drawne already yd. bill shall

3594 3214 2399 136 be diely discharged. I have given you credit for the laces sent, & want a good

3604 3370 2419 124 parcell of which the direckon in answer of yd. whilst I desire you to provide some

3608 3416 1391 157 suped ground crawas 3 & custs & of 16 & thumbs &

5507 3506 260 118 13d.

3487 3533 527 162 Brussel mr Jan vale

3598 3622 2413 149 desen hebbe aen ul ges onder Gevert van m Sabberton, sedert eevenwel geene van ul dogh advys

3606 3731 2405 96 becomen over Rijssel van S.C. als dat icq soude voor de geprotesteerde brieven pramen, & naer

3586 3806 2443 143 ul dillay van beloften niet tardeeren, 't welck mij inder daet seer moijelijcq maeckt, soo bidde ul

3591 3908 2476 164 andermael aen m. Sabberton gelieft te bet 't gene ul mogelijcq is, nemende van hem quitantie

3602 3984 2437 197 voor mijne Op ofte voorbp van de brieven, soo ul laste in mijne handen, daeren vooren

3595 4090 2419 164 soo maer de £103- tn van m Collur op mij acs hertrecken te vervallen, soo gelieft voor

3598 4170 2408 191 t eenen 't ander te sorgen ofte mij niet te wijten soo eenige disgratie geschiet, wan t

3596 4260 1027 132 Icq ben hier door seer verleegen
