8569 4581
2667 215 486 144 a18 feb: 1682

834 226 861 154 London m Henry Maynand

1088 313 2276 170 mij last to you was on the 14 curr. to which referre you sence rec. yd of 27  30

1096 479 2258 94 past, which bring mee the good news of yd safe arrival in london, for which am

1096 556 2216 105 vere gladd, as also that cloth is falles & more plentifull, besides better conditioned

1096 636 2255 97 as last yeare which I hope to finde so, whes y goods in ordered are here, in

1098 740 2217 113 themeane while one fathers resints want the a 1 selver mancks, before caster

1102 802 2231 143 there fore pray governe yd self accordingly, I hope them will fall as also other

1098 898 2234 136 pack whites, which I sould be gladd to know, wee have hadd these  a fill

1096 1002 2244 117 frost, so that all rivers here are innaigable, which will keep our sent time

1105 1091 2237 128 backward a give us butt in considecable sale before caster, whoever please to

1108 1196 2247 132 procied with all possible care in the desired goods, of which do expect yd. advise

1089 1279 2250 144 from time to time, as for the wessenre bustiynes I'll delay that yett for some

1118 1373 2207 117 time, or nather few months to cleare the better what is depending on some

1098 1452 2204 129 other acctt. I have discoursed some freinds about heary goods, of which my

1106 1556 2216 94 vere good freind mr. Daniel Busschop told mee he would make atry all

1103 1636 2219 112 to baew, which I I hath not already writte you, will write  next, though I told

1109 1753 2232 121 hhm, you & I would have come to seesm had time permitted, so itt would not

1085 1858 2239 109 be a miss, would you waite him a letter in dutch or french, he is avere able, &

1108 1907 2238 136 good man & exfrwamly obliging to him that serves him to content mr. John

1109 1997 2195 99 merten elhus hath been & is hes great freind, as also good honeft pancius

1104 2097 2047 127 miller to yd gov, what I can do in yd behalf shall be don befallibly

1111 2205 2217 114 I must pay some monyes for m. Warnes thes week, I supose I do itt safely

1084 2297 2252 119 so shall remitt you the valeu prext, & hope to roewd, to bring all to yd content

1109 2391 2234 129 though as yett there is no mny sturring. I have a small commission from

1090 2481 2237 139 mr. Will. sealy from exon, whoo is recommanded domee by m. Gardnes & Comp

1075 2581 2225 129 by advise of yd self to sard gardnes, m sealy beeng innell uncanowne

1089 2642 1675 149 to mee pray betwipt ns give mee yd. opinnon I first

2733 2764 232 128 a 18 d

855 2742 805 146 Londen mr. Henry Collier

1087 2823 2238 187 mij last to you was on the 11 cur to which refenre you, sence recd. yd of 30 past

1094 2949 2246 163 & 3 cur the prodigions Imindations every where here abouts will breake many ones

1096 3073 2228 85 heart, the citter of Hulst is al most daiver avay, for the water came in one gate

1074 3164 2247 152 & did nun out the other & drove, or toth with itt boath housed, & the gates itt self

1098 3256 2198 92 & most past of the fortifications, & made al most ariver in the midst of the towne,

1092 3363 2256 104 for 4 sorts of sea fish is cought upon the mankest there, itt is not to be disenbed as

1087 3430 2202 138 itt is. John Button complaines heavely, yett I supese he is houest, for I trust

1076 3521 2239 133 hun now & then for a small matter which he comes shont, & he doth his ende avoir

1099 3631 2193 117 to pay in good termes, & sayes opentley, that itt is half his mine, butt that he will

1096 3731 2219 120 satissies every boddy, sence the smimdations he hath payd yd. bill besides £32- for my

1105 3821 2222 116 acctt. so that I hope you will not loose by hum & could wish IH. was as able, or

1080 3912 2228 131 willing to satisfie you, yd bill of £130- must accept, seeng itt will be the last for

1073 3989 2274 149 centaine as for laces I am not accquainted with black or couloured, butt onely

1069 4097 2244 143 white, I thinck black comes from about lille, butt cullond I know not, behoever

1068 4184 2264 117 I could butt daye with a little, for I am altoghethes to serve freinds, where in soever

1071 4299 2195 136 if I can butt do itt I sanck you for yd favour in my behalfe by m. warner

3596 199 2442 111 as for mathers I am gladd you have 20 bales, butt in constience I could wish you hadd

3596 282 2412 123 200- & then I would not advise you to sell for £5 st so you may vere well make

3598 353 2415 116 the most of the 20 you have for I doubt I shall not be able to help you to any more

3606 468 2382 127 the letters came butt last night, so do not know if I shall be able to see John

3600 553 2406 109 Buttor before to marrow, hen is 2 bales in towne butt non of the best I mught

3607 639 2380 130 have them for  32- d there is mathers att hille, & about srambbourgh, where

3611 712 2337 109 there hath been also mundation butt whoever there might come some franthence

3598 826 2391 122 sheard one say this day, that mathers were sold the crabb att ƒ80- butt that a

3606 921 2388 130 parcell comme from hambrough made them fall to ƒ60- a god, what I can do

3624 988 707 139 for you shall be don

5517 1044 448 162 a 18 febo 1682

3478 1094 655 128 London mr. Edmund Warner

3603 1171 2403 122 mj last to you was on the 11 cur. sence recd. yd. of 30 past, inclosed you have nroyce

3590 1299 2419 136 foo 4 packetts of laces, which is all I have provided & bought for yd. acctt most past

3599 1358 2440 149 is halfe for nothing, so that god sending them well, I hope they will prove to good content

3583 1487 2421 126 Ill send forward with every nosfanger one, for newport, where N.16. must be arrived

3609 1576 2379 112 yeasterday: I hope n. 11.12. 13 & 14 with you by this thime, please to examin

3606 1627 2418 166 these envoyces & finding right give mee credit for £255„19„4 flemish, I thought ex. would

3606 1764 2406 117 ise, butt itt is sehely to fall, so shall endeavour to dispose to the valew to yd most

3600 1875 2415 123 advantage & do my utt most to serve you to content in all: laces continew yett cheap

3613 1942 2412 133 much against everj ones exspectation, so shall ende avour to pick up now & then a

3604 2064 2401 141 penny worth assorted as the dayly orders I receave from london, whilst you please

3615 2161 2349 98 to examin all, & give mee yd. opinion, that I might be able to serve you well

5448 2258 279 141 a 16d

3474 2203 671 185 London m. Will: Sebb

3476 2348 636 146 Leyen mr Will: Sealy

3618 2464 2401 139 I finde my self heonoud with yd of 28 past, where by you desire I hinw ho sondred

3624 2543 2358 167 waight of the beste new cloter grace seed, if to be had att 3 a 34  butt att 3½

3609 2656 2392 156 ½ onely swentw ho findred & if good old seed for about 2 J, I hope shall be

3604 2731 2413 187 able to send you of boath, though itt is some what issen of late, itt is boughs

3585 2857 2371 149 on the pays de waes from whinee wee bring itt to Gant & shom thenme to Bruges,

3606 2928 2383 170 where speedly a vessel from yd parts with serges is exspected, the charges are

3594 3052 2404 149 vere irconsiderable, for itt payeses no duties outward, so that the way of ostend

3619 3164 2367 132 or Bruges is the best or cheapese, for itt miust pay charges in holland of coming

3616 3237 2376 121 fort going out, so to my advise shall dispatch itt by way of ostend if i can meet

3616 3354 2110 130 with the parell to content, of which you shall have the needfull advise

3486 3417 1311 154 mnsterdam de hulter en van hopimerigh

5421 3424 421 166 19 feb 1682

3624 3562 2395 111 mens sedert dat ick aen u.l sijn rekeninghe courant hebbe

3637 3653 2385 141 gesonden geen van ul vernomen echter verhopen de selve

3625 3717 2391 133 ul is gevoorden ende daer over het accort sult hebben gevonden

3631 3767 2244 174 desen pripalijck om ul te adviseren dat alle sorten van

3662 3902 2314 121 boter present in groete demande sijn soo waerhet sacks de

3655 3952 2289 147 u tot brugh& niet en was verkocht, ofte dat uu bbe costi

3652 4029 2368 163 eenighe bij hadde een goede maert voor de selve soude

3656 4172 2223 93 connen becomen sijn de van differete des wegens

3648 4226 2369 173 aengepocht met een letter aentwwrt sal u verobligeren
