7934 4595
531 169 682 112 London George Cole-

2124 157 889 104 In Antwerp 7 Janu 1681

741 176 2324 167 Sin answer to yd of 24 past I observe m. Holroid draws on mee £200

746 262 2215 131 so much sow him & consequently past so much to the creditt side of my

744 338 2352 125 sterling accompt of mr Joseph Vivians, with the £50: you now order ee

733 435 2351 81 to charge mr. Abram Vivians with all so what there shall be due to you

749 429 2347 127 by the ea s ame acctt. shall be remitted you pr very first with what monyes

747 490 2355 158 siam graspe toghether upon the other accts. I shall be contented with what you

748 565 2333 128 conclude with mr. Holroid concerning overrating & provision of or tis

742 635 2355 145 yd owne intrest: butt that I should allow him intrest & charges for non

723 699 2328 151 paying his bill that I do not understand because itt unreasonable

742 748 2346 134 to demand mony where he was in debted: for he knew that I did in compt

739 885 2316 82 with Ju. deseased accompts are now made us, so want butt time to

745 892 2355 144 draw y. out, which I hope to performe speedly as for p. of light wee sell

1333 992 50 53 m

746 1001 2331 110 them here, or gett yr. coynett in pattacoones, I have had those that gained &

738 1066 2360 117 some that lost almost oft iuera p: for they are no more currant here,

736 1128 2378 112 they come directly from Spaine or the indies they will gaine tire opportuni

730 1187 2366 101 wel have from Ostend if secure by ships & when juse to send gold for Bruges

738 1285 2363 95 I do ordinary send itt with the messang & the £300: flemish or there about cost

750 1353 2366 86 acrowne to bring itt thether & the passage I Rekon secure: my freind beeng

732 1440 2384 101 mr. Raphael Coots att bruges of which m. maynard can give you more satisfactua

736 1484 2277 126 I haveing sent him of late 2 parcels of gold where in I can serve you

744 1574 2233 125 freely command him that wish you an happy new year & remamer

2124 1635 919 138 In Antwerp 7 January 1681

496 1615 888 172 London Abram vivians

2810 1688 128 79 2j

1652 1685 71 95 th

745 1720 2358 122 Sr my last to you was on the 4 curitt with a bill for £150: on mr. Will Sampson

1310 1816 101 49 h

739 1798 2333 102 in London due 13. curitt for my acctt. this I hope shall become to yd handes

740 1875 2272 119 sence recd in good time yd of 24 past, because I am now a makeing up

751 1931 2203 117 of the laces, which will be ordered according to yds instructions & a fine

746 1991 2324 110 assortment sent p. next fridays post to new port with the acctt a saturday

756 2063 2328 104 hopeing they will come to yd handes in a good condition what passes about

741 2134 2342 88 our goods in the north please to advise I have then att least made you

688 2175 2376 130 debter for the £50 you recd. from mr. Cole & that mony which I pay so long

743 2275 2301 95 ago attributed in payment of Holvoides bill which I have now from him

746 2341 2174 104 & answered mr. Cole the need full yd linnen shall be bought with all

731 2410 2343 109 maginable care & expedition I hope the formar is well come to handes as

743 2477 2313 124 also the picture for a keen I could wish itt did prove to content in case you

744 2536 2342 128 can delay a while, shall endeavour to send you an other remise for yd acctt

732 2635 1582 101 & mine & so with very kinde saluts remaine

757 2696 2307 109 I could wish you would not take itt to remember the £80: bill to discours

743 2749 2362 141 I.Cole of as I desired when you here  In Antwerpen 8 Januarj 1681

486 2782 673 142 Hulft John button

732 2853 2351 150 Monsr. volgens ul. ordre heb aen ul gesonden den deser p bode blommaert

745 2965 1057 119 op Een gerost 2 witte kersijen vin

2632 2978 229 151 ƒ22„

743 2982 1730 162 „1 a 22 geirde root leijst het best dat ick hadde a ƒƒ22-

2626 3080 311 94 „ 33:10

730 3095 604 117 „ 30 Geirden ditto

2640 3131 348 115 ƒ 63710-

748 3176 2237 139 soo eenigh van diergelijck ul aenstaen hebt maer te commandeeren deken

742 3262 2265 121 wout gegint te genesen & heeft mij heden belooft in weijnigh daghe de Rek

726 3325 2337 92 te geven vant geene aen ul schuldigh is, soo sal aen houden & debvoor doen voor

747 3412 1155 129 ul. als voor eijgen terwijlen blijve

2099 3435 1004 142 In Antwerpen 10 june

802 3489 153 88 P. P

459 3407 280 210 Bruss

695 3496 638 161 konnecroy

834 3584 2206 104 &. den ul van 6 deser ontfang gesien wat ul van toillete schrijft

723 3636 2381 114 ul. kan dat met gaete koopen van 4:6 a 8 a lanck & bedinght het soor

750 3717 2352 128 naw alst mogelijck is doch soo het geene fradj. patroone is soude selve

741 3793 2333 86 niet begeeren boven dien kan ul met occasie een a 2 ander op setten te

743 3866 2378 88 weten een trailie, & I met gatten van ontrent ƒ14 a 18: a opdat

742 3946 2363 123 moght gereet wesen binnen 3 weken, segge voor Lick mits als wan

729 4002 2378 128 schicke bij ul te sijn & p avonture noch wat meer sal koopen

735 4081 2365 159 soo ul fraij goet gereet heeft, waer mede ne groet byd

5004 170 900 93 In Antwerpen 10 gamil

3244 161 947 118 Brugge Raphael Coots

3556 181 2375 153 Mons d ul aengenamen van 8 deser verstaen dat de 2 packen tijken

3564 277 2372 113 N.8„9 P onlander van Adriaen block op london stonde te vertrek

3556 393 2337 97 godt sende de selve salvo, gesien dat een cluock met den winter sijn

3536 404 2383 140 huys bewaert, en sijn schip tot grave fande lagh ick ben vegoon

3565 462 2350 133 dat daer de hievere noch nanigable is, eghter wensche hij gearrive

3548 533 2346 146 was mijn Rek van onkoste als mede e corant sient gemoet, om

3572 598 2303 160 soo het voorleden jaer totsluten ul trato wert promt vol

3558 666 2369 153 daen de certificatie voor 3 packen lijn waert, gaet hier benefere

3537 777 2398 113 recommande ul deselve wel mogen versorght worden, als mede

3560 787 2366 126 de packen met pindaer gearriveert op maeldagh weert ul toe

3563 844 2364 174 gesonden een paxken AV.N7 met canten om t' selve n aeondr

3569 920 2321 138 te senden aen meester Abram vivians pr eenigh golde ofte secure

3556 979 2307 140 occasie soo deselve soo voorvalt ander sal daer van 6 nieuwe

3552 1046 2291 177 poort disponeere, terwijlen dat met den selve bede voor af

3555 1127 2326 153 gaet divectelijck Noch een N6: waer mede nae groetenise

4939 1208 966 167 In Antwerpen 11 Janu 1681

3263 1208 895 165 Dublin Elnathan Lumme

4561 1254 198 116 th th

3572 1284 2325 169 Sr. sence I have wrott to you on the 5: & 16 gber last non from you in answer

3543 1340 2382 186 of them, thought I have in due time recd. 2 from you of 30 8  & 2 gb past

3556 1411 2372 169 as I have advised you and according to the accts. sent you, is the chocolatie

3552 1490 2376 155 att Amsterdam with mr. De Hulter & van Homright, the sending forward

3564 1564 2343 189 of the same I doubt is hindred because of the continuall frost wee had ever

3575 1638 2303 157 sence: intrim I have a makeing a parcell of guild leather & bought

3554 1713 2264 141 2 parcell of tapstey by order mr. De Hulter & van Homright, which I

3560 1766 2306 205 supose is for you they will be ready by that the riviers shall be

3559 1854 2271 151 navigable. when I have yd. order for the pistolles & fuses itt shall be

3555 1921 2364 162 accomplished with all possible care in case you intended to have some

3530 2039 2360 126 laces & that you had the conveniency of bringing in, itt is now

3533 2070 2375 173 the best time to buy that com. I haveing brought a month

3550 2180 2354 130 sence a good round parcell for freindes of London & to my minde

3556 2227 2299 149 50 St. cheaper then any other time of the yeare where in

3551 2297 2359 176 I can further serve you freely command wishing you an happynesw

3550 2370 2361 211 yeare accompanied with as many felicities as you desire Remand

4862 2449 1024 156 In Antwerp 11 janua. 1681

3309 2499 1059 162 Topsam Thomas Ledyingham

3556 2542 2327 191 S sence you wrott to mee on the 1/3 gd last have recd. the 2 bales of

3552 2638 2335 166 white perpetuanios you sent to mr. Anneslay truely I had expected

3556 2706 2268 161 them much better, for I found the 12 p. 1 ½ ijds white infervor

3543 2778 2344 148 to the frift you sent mee, and the ells whites hardely vendable

3552 2861 2275 190 for such sorts I must asseure you I have been better furnished

3551 2950 2353 181 from tineston: whoever wee shall want a new suply towards bring

3537 3017 2359 150 where fore pray lett mee have yd advise here into, how that com

3545 3096 2380 174 sells att present hopeing to understand that they be fallen & more plont

4905 3198 837 152 In Antwerp 11 Janu 81

3265 3207 764 142 London Abram Vivians

3542 3291 2331 140 S. I wrott to you the 7: curitt what then was needfull now, you have herd

5413 3367 51 33 A

3542 3362 2304 140 inclosed an accompt of what I bought for you till : xb last which

3537 3436 2325 131 is made up in 3 packetts assorted as itt is noted in the same accts att

3541 3493 2354 121 one side N. 6 will come pr the packett boatt itt cont the finest sorts

3556 3599 2318 124 which I doubt not butt will prove to content the packetts N. 7& 8

3530 3660 2387 121 shall be keept by mr. Raphael Coots till you have recd. N. 6, or that

3546 3740 2325 133 any secure opportunitie happers to by shipt for London directly, so

3538 3812 2348 137 you have butt to send yd. orders I bought yeasterday one broad lace of 3 of an

3545 3916 2233 110 ell: trailles butt a curous great shew & there is 2 others a mackeing one

3542 3995 2363 105 without .. an an other trailles, which as soone as don shall be

3548 4076 2325 112 sent by the packett boatt in N.9: I have yett for about £60: flemish

3531 4134 2321 120 lace brought this month besides the broad laces & incon that 2

3542 4227 2278 142 months hence they shall not be hadd for that price by 10 a 12 Pa 8
