8542 4622
2681 210 447 125 C 25 apld 1683

865 209 942 156 Thaunton mr. Thomas Ledgingham

1090 306 2244 162 Ihough this long sence, that I have hatch non from you, occasioned because the last

1104 394 2233 172 goods die not prove to exspectation, yett am resolved to make an other try all, where

1113 486 2228 149 fore desire you to gett made for mee, 12 blewlists white perpetuanees, of 1½ youd full

1123 588 2221 149 broad, & no lest then 24 yd long, pure good, & heary goods, ray lett them be made to

1113 693 2251 130 purpose & I'll racher come to the price, & allow some p. more then formerly, for then

1109 766 2240 111 could not serve my turne, & must have vere good, Inbstantial goods, I will not his

1113 875 2200 142 you the payce nor time, so desire to have them wish all these qualikes menroned

1117 932 2228 149 which tryall in case proves well will cause many to be ordered, so once againe le

1108 1042 2215 128 mee intreat you to assrs mee there in, & you will oblige mee, & I'ill see you

1119 1148 2209 140 duely satissied, they an to be made up in one bale, & to be shipped of att

1112 1225 1129 140 on Thopsam, pray a word of answer

2751 1276 310 133 C 25d

870 1307 854 168 Londen m. Henry Maynard

1122 1347 2207 207 mij last to you was on the 27 cor. sence non from you. Bon: clarck & Baulatso

1116 1483 2197 144 are well arriveed, for which sod be thancked, butt reae nothing yett Pindar

1125 1574 2203 150 I hope the G.W. slver marchs are ships, for I am vere much prested fortle

1100 1695 2259 137 same, besides the pack whites Insended by the same desire you an oth pack

1117 1770 2240 137 to be bought of 5 of each sort, wish 5 of a lower rate as desined in my som

1125 1864 2218 163 I exspect the reds shipt as also yd advise how woll will iule there is

1124 1978 2224 151 report here, that spaim will prohibitt the sending of woll to ings, as also all

1123 2051 2234 175 English manifacturijes in any of dis domimons, oneles the king of Eugland wild

1117 2173 2252 155 declare against france, so that itt is all upon ware againe. in the meane while

1117 2292 2233 140 please to send yd. oader in the north to make 50 white kerties of 1½ lenght

1123 2367 2175 136 all red iys and about a geard broad, of a good woll, made to the purpose as

1119 2451 2249 132 thick as the 22 yd, them to be dispatched, att least ½ the quantitie to come wich smcl

1116 2566 2206 134 there by one bale to containe do white tertyes 22 yd and 20 of 30 yd all good

1125 2664 2239 162 goods, for the best sell best also one bale to containe to red kerties 22 yd

1111 2783 2261 135 and 10 red kersies 30 yd. every bale to be wrapped with 3 or 4 white manchester

1123 2897 2191 120 bayes of 40 p & more ordres prept with remises accordingly. now come to a

1124 2954 2236 149 sorry news that John vale is broake, & I doubt he will not srove so henese as

1207 3041 1193 82 wogelen thoughe hyn  be which partely you will see

1121 3039 2243 160 the inclosed notes which I tought god to send you witt tre or iudge by the

1097 3130 1821 153 inclosed notes, which I thought good to send you, to yd god &

2742 3223 273 140 25d.

870 3239 864 150 Londen mr. Edmund Waner

1124 3294 2208 232 mij last to you was on the 18 curtt. sence non from you, the packett n 22 went

1114 3419 2207 197 from Gence butt y casterday, inclosed the invoyce of ns 23 which goedh forward

1128 3520 2215 141 a minday nept, for the valew please to give mee credit, to n°423 is of the goods

1101 3575 2258 162 boughs for marly & of the good cheap the rest, & what elce I shall send is at prce

1113 3680 1997 171 curtt, for never in this world was haces demanded as now itt is to yd sord

1097 3801 2266 132 indeed I am not able to accomplish orders as I could desire, wholver be confident

1105 3848 2227 178 that I take as much care as pou can be smagined, to promote yd. Intrest by the

1099 3929 2227 170 inclosed note of the stelen goods you will finde 3 p of laces more them by the

1118 4038 1992 182 formar acut sent, which sence recovered, I have ne ma to inlarge

1113 4156 963 167 the most part for n. 24 is ready

5286 218 760 143 a 25 apl 1682  433

3452 191 661 165 London mr. Heny Collusr

3620 307 2447 167 mij last to you was on the p curtt sence non from you, this to my great gref for advise

3619 472 2428 82 that John vale is broake & by the inclosed note you will be able touidge, that itt

3616 537 2449 111 is much seared, that he will prove a great krave, I have given the needfull oarden fo

3611 603 2437 128 bieuring you, yett I can not go shearkes before midle of nept wick, I mett wish m

3631 722 2377 118 of yd bills protested butt one of £20- s for Pickerings, which I have payd, you

3612 824 2404 107 must send over yd. som, or come yd self, as well for this as for T.H., whois this

3637 887 2413 107 weck exciuted, by sentence, & yett nour hew one pemue to be iccovaed, so

3607 958 2431 165 Iam mucl concerned to see you thus afsleted in every side, whilst I could

3637 1053 504 124 wish itt other wil

4785 1071 1264 177 Mons Andries Artsens 26 apr

3443 1130 722 169 Brussel Andrien Artsens

5838 1197 214 100 632

3626 1267 2425 130 Mons volegens haer ul heb gescreven soo heb gisteren aen ul gesonden g

3643 1347 2327 175 beurtschip het grijs laeken in 3 lange breeenkersijen gerolt te weten

3639 1452 1121 203 N. 93: a 43 9 a 57 ½ a 54

5331 1470 424 216 £15:5:5

3625 1617 2188 176 3 lange breenkersyen a 30 ½ gekoght a ££31: sunk

5432 1692 526 144 samen p 2

3630 1705 2365 232 af 4  ces rabat 14:3:5 - 3 lange breen kersijen a 30 ½ & gekocht

3618 1899 2385 132 ul hebbe geen kersijen voor minder prijs konnen becomen 3 wellens en

3601 1991 2453 203 hede geen en seght die noyt onder de £32: heeft verkoght maer wel een sorte

3630 2100 2409 185 van 26: geeirden a £129 soo ul eeigen voorderen dinst kan doen gelieften

3614 2156 2425 226 mu liberlijck te commanderen hope dese weke ul mondelinge te spre

3629 2334 2343 132 ten waere ul verder gelieft heer te komen sal in alle ochasten mijn

3631 2414 2069 172 miterste best doen ul wel de te dienen nitt blijve

3463 2473 132 123 brussel

3729 2476 1516 210 den 20 aprie 1682 ioffrou Anna maride vos

5536 2525 509 168 26 ap 1681

3623 2599 2432 228 Meniss pr laetste Sonderdaghs beurtschip hebben ue gesonden een pac

3643 2744 2360 168 gemerckt ½ segge £08405 noor mons francoijs de verarues tot

3635 2845 2260 205 beregen hene gouwe dwelck hope ul wel sal hebbe ontfange ul

3612 2997 2424 115 hertelijck recommanderende het selve sonder tijt verlies aen hem te

3628 3091 2347 149 expiediere stellude donkosten op sijn rek wille niet twijfelen

3632 3177 1916 161 oft hij sal ul daer over gesproken hebben blijve

3477 3229 820 179 Brussel Francois ansillion

5231 3253 759 200 26 au. 16881

3588 3385 2424 123 ie neveu pas douster ponar pu vous ave bienreceu les

3635 3489 2363 150 2 de sirsetter bever les drap bleur lesquilles ie voors eiy

3638 3566 1179 126 is n le 18m a scavor

3754 3641 1324 151 2 itelten N. 90 4 „ 66 verg a 88

5131 3657 912 212 a 171 a 12- ƒ 102:12

4122 3703 1005 158 N. 90 3„ 62 ½ —„ 83

3685 3810 2322 176 aem drap prs blun N. 480 a 47 a 623 a 48 „150

5097 3896 967 180 enpmble ƒ 252:

3596 4026 2425 132 s ie vous peu servire dan quilqu aulties los commande

3631 4141 2403 83 onrestorement, iespde chis voire dendredie pachai

3610 4219 661 118 eivoe gyler
