8146 4574
916 214 2177 126 zo and end yett Iam not att all in corridged to remore my habitation

939 267 2224 126 much less to medele with any of their correspondents most past of

942 347 2217 145 of namier & there abouts denants venle reulemond weert a lest tath

923 434 2137 158 Andernaere & ofall which I finde a xact accompts my brother

948 473 2215 195 in Law beeng executeur of the orphants of the widdow, so that cbyhis

935 561 2190 176 meanes I could have her ware house butt wee all dispose itt I amentred

927 666 1965 171 for £400: sts ap in the stiff trade with in Ast as you

2448 718 704 144 In Antwerp 13 maij 1681

688 775 750 160 London Iparis slaughter

967 797 2263 192 Sr. I have recd. in due time yd of 15: past which I have also then accquainted to mr maynard

949 907 2253 146 whilst I delayd to answer you my self till I had discoursed John peeters att brussels

965 968 2302 156 where I have been last saturday, and after all I could prevaile boath with him

952 1028 2287 146 & mj assistance, is concluded that I could returne you for £200 A in resting

966 1109 2242 157 cloathes and the rest in mony this I could advise you to accept, and orders

956 1132 2318 194 the 2 bills to be delivered to mee with yd full discharge itt may be you will

963 1206 2291 194 not be so will iny to accept of the goods, butt mee thinks itt is not umreasonch

958 1282 2232 210 you should receave them because they are worth the valew now with yd

955 1378 2299 189 of their first cost, & you will be able to make their price for them where

968 1441 2186 193 as here they (principally & onely the yeallow cullours) can not be sold

978 1492 2293 217 so must intreat you to assist them here in & the sooner the better, for if

964 1591 2258 220 John Peeters should dye which is vere likely to be I doubt I should finde

967 1646 2282 222 more troubles & persecutions of other of his creditors, so this is all I can

2620 1750 465 122 13 di 1681

979 1806 1266 125 say as to that att present & remaine

1986 1863 76 100 th

701 1872 750 172 London Henry Collier

987 1825 2276 238 S. I have before mee yd of 18 & 29 past I delay answering because I finde solittee

964 1923 2250 206 hopes to recover any thingh from T.H. who doth yet worse then one that

966 1968 2292 262 is broake, for he hath lest house keeping here & what soever didin any regand

964 2086 2274 199 concerne him transported to his som & wise, besides wee have sent to him

979 2160 2194 216 to insimiates the sentence against him & wee never can finde, him the

970 2224 2227 207 answer beeng alwyes that he is out of towne, the lace hath allowed all

981 2281 2290 233 what wee can not finde the man, or non of his effects wee have had severall

989 2351 2238 215 consults with lawers about said bussynes, & all to litthe purpose, could wee butt

991 2428 2207 232 once arrest him I should be in hopes to recover some thingh m. Herrence

980 2525 2241 199 hath promised to keep care in the bussynes in which I could wish you was

987 2593 2258 200 more happy, then hetherto you have been thought you wonder that how

993 2652 2254 221 he could have spent all what he owes I do not in the least

983 2719 2285 231 now considdering what life he lived sence I knewhim, I am well informed

995 2804 2262 227 that he hath been sich to bed att least a month, butt now a rcovering: in case

997 2898 2216 170 yon be accquainted with one m. t puchle now come to london with

972 2982 2266 220 the saght of capt fasebyte, he will be able to give you afull acctt. of his concernes

1006 3062 2189 196 yd bill for £100 I have accepted: as also that which you have mended & beeng

977 3141 2199 182 trgighned, have been obliged to serve mee of £63„5ƒ  which this day

986 3189 2267 237 have drawne on you att 1½ uso att 35:7 payable to mr. Will sham brooke

1001 3307 2210 214 for the valew of mr. lauwereys pauwels which please to accept & passt

997 3371 2146 242 yd acctt. I have examined the pattarnes of the 12 cloathes you bought

995 3461 2132 239 in case they prove well hope to sell them well to which be sare

992 3552 2112 238 of my endeavour butt you do not mention in what ship

993 3647 2181 243 you have shipper them and if any wrappers about the pack

1023 3780 2032 225 which I exspett to know pr first, which I remaine

1021 3959 705 161 with kinde saluto

3330 185 921 136 London Henry Maynard

4909 212 1020 131 In Antwarp 13 maij 168156

3615 241 2363 190 S. my last to you was on the 4: curitt sence non from you so this serve pertes

3611 378 2362 115 to covert of the inclosed letter to mr. slaughter, whom I could advise to accept

3626 435 2357 141 thementione preposition & desire yd assistance here in because I foind John peeters

3628 543 2298 99 in an ill condition, besides I would faine becleared of that concerne, for in case

3630 608 2304 88 he should due I might be troubled of others where as shall not in case I have

3634 665 2315 133 an adiustement sooner: I receaved this day our 5 bales by willard, butt this

3620 755 2333 111 impudent hath op ened some bales off ottons, and itt zeens as if the packers

3623 820 2347 91 that made them up againe betrayd as the 250p. of callicoes are lest behinde

3615 915 2331 116 & couts is gon thether, what he will be able to do I know nott, I have more

3636 991 2238 99 often wrott you that you should exspres in the bills of loading not to open any

3622 1070 2357 112 goods whcch when they do, causes a great preiudice as by all apearence the callioes

3631 1138 2298 106 should have passed, butt m. Scawen goeth onto furious, to many bales of one

3608 1225 2354 109 sort in one vessel, so that is now att anend for the cherchers will visitt thecottons

3624 1286 2289 132 hence for ward very close: you had order to send mee 2 blews lighter the the

3626 1360 2334 158 first sent & you sent mee 2 asneare them that I can not distinguishany differ

3636 1444 2296 128 rence boter wixt the 4 intheir cullour, in somick that they can not serve my

3635 1511 2299 160 turne, inclosed the first accepted bill on mr. sanuel shepeard of whiel

3630 1603 2323 140 have send you the second: next post you shall the acctt. of sale of last month

3624 1664 2341 139 as also some remises. the exccutours of the widdow bouwens estate would fame sell

3638 1782 2219 95 all their goods to one, which I could wish they did, that so they dous no

3626 1810 2333 176 preiudice by selling by the candle to every one for besides that sall doth decrease

3630 1887 2278 147 very much, itt would then be att a stand haveing no more to in large remainer

3639 1966 2316 167 I finde yd bayes vrappers extrourdimary deare, & not worth their prijses so that I

3621 2070 2298 133 I could advise you to take ⅓ of spanish cloathes to each pack now a providing

3643 2166 846 106 & wrapp them there wath

4894 2143 939 166 In Antwerp 13 maij 1681

3313 2191 981 159 London Abram vivian

4508 2248 149 83 th 5

3638 2241 2246 150 S. my last to you was on the 7„ curitt, sence receaved yd of the 22 passato by

3635 2321 2297 138 which I observe that the bayes a revery deare thought not so deare as they

3625 2406 2296 123 have been, so hope you will finde our parcell to content, that sort of 1.C and

3629 2443 2284 179 RK which in. Holroide wasused to send, is the very best I yett hadd & in

3634 2509 2304 185 yd last parcell there was non, so hope you will send of themnow & that they

3631 2591 2255 165 be shipped by this time, for pindar is longsence arrived & thomas smith a

3636 2644 2320 194 loading att Hull bij sr which I exspect that some our in ordered cloathes

3625 2754 2278 151 mais come as well as the bayes, of which exspect yd advise, as also patt

3626 2837 2240 123 as soone as come to yd hand for my governo yd bill I have accepted & past

3637 2945 2190 100 to yd acctt. & now shall hence for ward be a remitting as much I can

3632 2991 2269 134 as to the laces sent you in N. 14 I hope will prove to yd contents for they

3626 3076 2325 137 are all good chep inclosed is the invoyce for then which finding wright please

3634 3173 2301 126 to note accordingly I do not know how &N13 should tarry so long by the way I hope

3626 3252 2319 133 itt is now safe in yd custody: in case you finde any thingh cemonghst the laces

3643 3313 2307 145 sent that will not sell you may returne itt & Ill putt itt off here for I have

3616 3389 2327 108 been att brussell 3 dayes sence & they tell mee that open ground, or Holes are

3626 3505 2258 121 still the most demandee for france, though plaine & lupeed ground by also

3622 3586 2261 107 in faskion: I am no more engaged for one penny in laces haveing recd all

3612 3666 2322 111 I had be spoaken & added what I tought should fitt the pariell, so in case

3615 3710 2351 162 hence forward you want any more lett mee have yd ample & full instructions

3624 3815 2320 154 beeng now in theway to buy all sorts & ascheap as can be afforded, for I buy

3628 3890 2246 172 with ready mony upon thenaile & the best spetia wee have I ofserve

3623 4027 2220 90 you had firinge againe in towne thought itt was over come, itt

3629 4130 2267 130 zeems London is much menacced with fire, from which god preserve

3638 4212 265 112 in all
