8535 4656
1035 273 2205 108 what there is to be donfin thad trade, I am of opinion thatt stt should

1039 332 2178 133 be wrth yo whil, for there are here that de great bustijnes with the yarne both

1021 423 2184 114 in selling for mony & banter as for tykes, I have sew or non on hand now, butt

1037 502 2202 162 expeect a parcell compleaded within  which I sall make up, & send you the

1018 584 2199 125 note of itt, that in case you finde them to content you might order itt to be sent

1021 669 2242 152 you, where in I can be servicable freely command mee, returing you thancker

1024 764 2227 165 for yd finde of er which I do not refuse frits may be wee shall in large

1042 883 2201 108 our correspondency also in london whilst now I remaine with kinde sal

3124 920 133 65 168

2642 926 463 79 @ 23 oct ob

763 966 735 123 Leuven Joan de Goede

1043 954 2243 184 mons. in antwoort aenden ul van 20 deser, hebbe heden het wit pack laken

1041 1031 2267 149 WW Roy marck aen ul gesonden per den bode Bernaerd scorels, den lerclate

1034 1123 2219 135 ul wel gen ontfangen, Ick hebbe ul daer voor £23 gedebiteert, ick sal de

1015 1180 2219 157 toine bier met occasie tegemoet sien, wenschente wel het van ul

1045 1291 2266 138 ejgen gebrouw was, evenwel hope wat goets sal sijn ommede als ul

1032 1305 2262 171 overcomt met eeren te mogen beschenken gett anders tot we diust gelieft

1058 1446 1177 151 te commandeeren die nae groet

2720 1456 217 100 6 23d.

801 1540 761 141 Dort mr. Smas goodenough

1054 1553 2205 190 S. this onely de be informed if you of you can provide mee with some white kerties 22

1047 1664 2188 211 yd, & ¼ of yd & 2 a 3 enche broad, of good wooll, & white ware, att what price you

1051 1741 2236 194 will deliver them face aboard for ready mony, I expect yo advise towards saturday

2693 1826 411 169 @ 24 ditto

1067 1905 1171 129 to god., mj selfs accordingly whilst I am

807 1979 718 152 Brugge Raphael coots

1072 1964 2173 196 mijnheer in antwoort, aenden ul van 57 deser denche ul het gepasseerde

1068 2061 2202 190 vande tijken aen m. scuwen sal hebbe geadviseert. 3iu onnoodigh dat ul mij ben

1056 2135 2195 197 Ingeboordntheyt van klagen toe schrijft, daer ick bevinde dat de 2 halve frisaerden maer

1071 2256 2187 125 een segel aen en hebben  alsoo meerder staen te comen, wenschte die voor een conde passconen

1079 2316 2194 156 alsoo die niat connen dragen, eghter blijft alles aen ul geresteareerto behalven het gement

1069 2410 2210 162 is voor mij geladen aen boort Richd SHanletson 1 paexken MC N. 49 met  gemengelde lakens

1074 2497 2168 151 de welcke soo haest arriveeren op '2 alder spoedighste wagens mij gelieft toe te seijnden

1078 2576 2127 218 ger lange seer naer 't arrivenm. van Rich. Pindar. men discoreert niet andrs as

1086 2672 2156 155 van den franschen Inval in vlaenderen, 't welck geschiedende, de passagie voor ense goedenen

1075 2789 2152 179 parijchelcus sal maecken, in soo dangen gevallen, magh ul mijne goederen cost bevann

1102 2883 2131 143 ofte als vooreijgen besorgen mijn swaghenine de wed. van laes uytter stadt sijnde

1072 2952 2160 174 versoeckt op haer niet gelieft te trecken, alsoo sij de naeste weeke hier staet te wesen

1086 3065 1324 148 aen ul sal remis, wat passeert verneme geerne

2749 3123 233 126 a 24 d.

840 3175 630 164 Aulst mr. John Button

1088 3253 2180 166 In antw. aen den ul van 23 deser ben goot lof weder beeter te passe, sal morgen het gelt

1091 3326 2168 152 van den wisselbrief aen de coninck af voorderen, ende hem den brief niet quitantie ter hant

1082 3419 2179 146 stellen. gesien wat ul vande franschen schrijft, als ul hier was heb aen ul geseyt 't gene

1077 3480 2194 177 ick van geloofweerdige lieden, hadde verstaen, oock en gelooft me niet dat de franschen eenige

1102 3588 2175 168 hosteliteyt sullen doen, want sij verbieden allomme, dat naer de lantlieden hun niet sullen hebben

1098 3681 2162 141 te beemoveeren, & dat hun geen schaede, & sal geschieden, evenwel ul can sigh altijt

1092 3794 2179 125 incorten tijt versecheren tot stulstn ick en can geen goet wedernemen want alsoo sckyder

1095 3869 2131 126 maent, de reeg van verkoop op maecke, soo soude dat niet connen geschieden, & oocq geen

1109 3946 2125 190 gebruyck en is, dat ul soude moeten vlughten in soodanen gevalle hebbe altijt gplaette

1117 4086 2097 134 voor de vrinden, om meubelen ofte andersits te bargen, can ul de ƒ420- bett, mij sal

2089 4158 899 149 2

1099 4166 611 147 chmtschap geschirden

5797 193 185 119 2

5144 230 542 125 a 24 oct 16814

3383 255 492 162 Mons. Jan b. Masson

3530 329 2406 160 En responce alle en. qe vous dinay que j'attend de sous a l'aultre un grande parke

3530 448 2446 118 de baies d'Engleterre, esperant de les avoir la semaine que iene, quand je vous envoyeres

3543 513 2407 157 quelque chose de beau & de bon, & bon marche, ausi les carisees, & bees deventer selon

3529 600 2449 160 eschantillion, sur ce que vous vous pouvez asseurer, puis que je seray bien ayse de vous rendre

3541 711 2409 161 qlque service, pour les draps noir de bat paix, je ne les ay pour a prisent, mais en eu

3559 799 2413 133 de temps sseles auray austi, car je faict faire de tous sortis a present estent fort

3547 875 2425 134 dien porvu de coleurs alla mode, en tous occasions que vous plaira mander de temoite

5047 973 772 125 Antwerp 25 otobet 1681

3385 963 760 151 Brusel Laureijs Kak

3546 1031 2400 153 mr. laet het coleur ten eerste afmaken volgens aen ul heb geordonneert

3550 1095 2428 139 vande bael wolle gesonden, ende de rest sal ul tot het volmalen van de witte

3546 1187 2412 110 imployeeren, en soo haest dat het coleur hier is sal voorder adviseeren

3538 1228 2371 129 want liaer coleur als witte hadde, en van alle die ul gemaekt heeft

5371 1299 621 124 @ 25 ditto 1681

3538 1308 1499 116 is noch niet een gereet waermede blijve

3394 1372 714 132 London Lucy Knightley

3551 1361 2446 207 Sr. ½is long sence I wrott to you for want of occasion, in the meane while I hope

3536 1448 2431 198 you be in good health, with all yd good fannly the greatest reason of this, to

3533 1525 2420 160 advise you that remembring you noted yd korsies att 54 st a p: I can do

3540 1591 2407 155 no good up on themafter that rate, the more because that sort is & moch

3547 1638 2440 175 uu knowne here, yett of they cost less & that you can aford theim cheaper

3546 1713 2377 170 please to advise mee, or what I shall do with them in what occasions

3539 1738 2459 220 I can further serve you freely command mee that an with kinde sulve

5384 1829 589 126 b 25 ditt J

4632 1887 134 85 th

3390 1882 752 141 Londont bram vivian

3555 1870 2378 194 Sr. my last to you was on the 18: curitt sence recd yd of 7: ditto with patt

3563 1974 2369 141 of an other bale of dozins, whict is well thought I knouw not that I gave

3556 2021 2410 166 order for the same, because I finde all my orders complented: beeng resolued

3542 2083 2465 168 to in order no more till you advise mee that itt shall be good teime forlents

3548 2132 2404 193 provision for I have nought for the present sale wanting most bayes beeng

3554 2205 2391 134 sorry that rindar doth not come yett, I hone you shall have I made

3552 2250 2460 217 shieft with yd urgent occasions that nobt month I may be able to contnid

3539 2309 2438 215 in remises inclostd £ 222:23 att 52 ¾ is £48:13:1  for my acctt du

3553 2372 2469 214 the firstt g on Daniel porten, for which please to procured  the needfull

5357 2460 586 127 @ 25 ditto 1681

3542 2481 1764 161 tis all I could spare att present & the need full from

3412 2591 781 152 London Henry Maynard

3560 2559 2438 224 Sr. my last to you was on the 22: curitt sence recd yd of 9 ditto I shall want

3550 2642 2390 187 nolow prijses spanish cloathes beengte much stufft up with bad good

3566 2693 2387 206 which shall endeavour to putt off first in hopes to want good store to -

3549 2747 2442 241 wards seat I could nish I had the GN silver marck stuck cloathes hen

3568 2820 2438 255 for my customers are impatient of my continuall delayes I hope the

3545 2899 2434 240 packcloathes will come lover I have no great haste for them, butt

3534 2984 2388 215 do you finde itt good & when you do approve of their buying I want 5

3558 3023 2464 214 of each sorts which I could wish were packed a sunderviz the 5WWN

3543 3111 2396 201 5  each bij them selves the: contrary vind doch keep all vessels in

3565 3149 2455 252 England, so that no goods arrive which I could wish in our ware house for

3565 3267 2479 184 wee feare the french in vasion every house. as for the frises, mak

3572 3335 2425 201 the amend in the now last in ordered parcell, you have drawne on the heires

3576 3413 2435 169 of mad bouwens £85:-:- which are butt indebted £29:19:9 according

3566 3515 2365 120 to their acctt you haveing omitted a bill of £54:15:3- so that they

3561 3599 2425 119 shall not bay yd bill whoch I shall honour for you whith you may pass

3562 3668 2419 136 to my accttt & send yd order comee to receave the ballance of them

3547 3733 2444 128 in closed also £100:- on John Helst att uso for my acctt. for which

3565 3828 2275 110 te procure the needfull & note according which

5440 3893 548 121 Ad 27 ditto 1681

3413 3899 822 122 Brussel Antonio Rosseauw

3563 3964 2367 113 mons. silon ma promisse celle ay vous servirat pour vous former queles

3554 4035 2455 73 guire dores payent dans tre un sHolland avc touts frais toilles &on provision

3569 4101 2428 121 de dechaler au fort Lillo Lnuran 8 Prc de la vailaur que vous declare

3569 4173 2364 112 das holleynde Estant un peu smisatifie touthant la valeur et pas

3569 4271 2428 106 si degeheur que nostre commisse la rest voteur de ya Amsterdam

3584 4332 2434 107 est inconsiderable pourles bits de spanie il paye rien  seulement quelle

3559 4380 2458 88 toilles iay ce queft in cousiderable, si vous envoye quelle e dentelles pouriss
