8481 4629
1009 240 2285 108 that you shall want larger assortments, so consequently more mony:

1056 306 2243 113 where in I shall be able to serve you, you may depend on m. peetercleynkens

1056 406 2175 59 one of our shopheeeers here is gon for Lille to bring his soim ther to

1056 419 2240 129 studdy, I have given hem few lines to you, so if he comes please to do

1039 471 2277 131 him what service you com &assest with some mony in case hedid

1021 560 2270 135 desire, itt though he told mee he hadd no accasion for itt: I have no

1069 660 1393 91 more to in llarge butt that tram

2528 634 735 174 Antwarp 20 gber

762 698 996 135 N senporte michiel de vallego

1031 747 2198 126 Mons. gisteren heb aen ul gesonden een paxken p N3 omt selve op t

1050 853 2265 126 versekerste te versenden nae london aen . William seuwen stellende

1016 938 2285 115 Den onkost op mijne Rek., hebbe het selve gefranqueert sedert hebbe

1046 1032 2240 106 den ul van 18 deser bekomen, waer door verstaen als dat packettie

1042 1082 2252 121 R.V.N.19 ul was ter handt gekomen doch sonder advies brief: waer

1041 1210 2178 84 over mij verwondere alsoo den selven daer bij hebbe gedaen het is

1052 1215 2191 166 voor inr Abram vivian van London, aenden welke hope het selve

1038 1336 2263 99 al is versonden het is oock francq tot costijwl onkost op rek van

1034 1412 2265 143 mr. vivian te stellen hebbe het in twee delen verdeylt, soo dat het

1041 1483 2253 130 tot Dover can open gedaen worden en ider dee lapart versonden

2763 1560 515 134 @ 20 ditto

1061 1577 1729 105 wat passeirt verneume geirne & nae groet blijve

772 1616 925 150 London wit Scawen

2082 1672 117 85 th

1057 1670 2170 160 31 my last to you was on the 9 curitt to which please to be referred because

1062 1776 2281 137 sece non from you, intrim I have of late found laces soche op that I come

1044 1852 2243 130 to trouble you with a small comission againe haveury sent yeasterday

1053 1930 2246 134 to newnort to mr. vallego to be forwarded so you one small packett N.3

1070 2006 2208 121 according to the inclosed invoyce which I rekon are as cheap & well

1062 2072 2172 156 bought as any man can procure, I hope you will be so hinde to receave

1065 2161 2249 167 & sell them for my acctt. & do the best with them as for yd owne I shall

1070 2228 2198 141 end 2 packetts more or 3, so please to advise mee of the receipt & &how

1059 2293 2254 193 you finde them for laces are vere cheapnow, if I can serve you n

1075 2443 1458 104 any thing freely command mee that am

2771 2446 500 124 @ 20 ditto

777 2478 1035 139 London Henry Maynard

1086 2561 2173 149 Br my last to you was on the 17: curitt with 2 bills viz £100: on henrij bealing

1067 2630 2211 132 att 35:4 & £123: 15 att 35:3½ on Jeave Sampson bobe for yd acctt. which

1062 2701 2212 175 I hope are come to handes, haveing non sence from you do referre

1078 2776 2225 150 you to the same thes beeng for advise that stephen warmer is as

1073 2840 2243 137 well arrived as John simons, butt the waters about Bruges beengleet

1087 2927 2219 142 off wee can not have the goods these 8 a 10 dayes intrim I desire you

1073 2997 2176 172 to dispatche the bayes from the north that they may come with

1075 3076 2209 188 pindar, on which I do depend, because have non by mee: I notedly

1063 3163 2195 151 my last of 20s 3 blew cloathes which please to provide, as also 2 morks

1095 3260 2194 138 of 4:6„ 2 of 5 s & owne of about 6 p ayard apenny more or lest

1082 3341 2213 118 according you finde them in goodness, butt they must be good for them

1073 3415 2185 159 prijses, or non them 5 peeces & 3 blews will make up a pack of

1086 3543 1813 92 what passes exspect yd advise with kinde saluts remaine

2609 3546 672 150 a 20 ditto 1o81

797 3563 864 148 London Abram vivian

1103 3633 2189 126 S. my last to you was on the 17 curitt to which please to be referred the packetts N.19

1095 3698 2142 132 are att dover by this time according to what mr. vallego wrott mee, I hope itt

1097 3761 2153 133 will be quickley with you & prove to content I have sold our bale of bayes

1090 3817 2230 166 so faile not to gett itt schipped aboard pinder, as also the others I in ordered beside

1084 3921 2226 147 please to provide 20 bayes more of 40 leweight with 10 a 12 of 33 a 34 et to be

1083 4014 2165 111 an othed bale & dispatched as soone as possible for have non to sell now must

1078 4074 2262 123 trouble you for £100:- because to day amto pay yd bill of ⅓ july & have no mony

1099 4186 2194 79 to spare to remitt mr. Cole, for itt must go that way, & he is vere urgent for

1116 4192 2171 143 yd brothers de sea sed rest so please to accept my bill of this day 2 uso ton

1103 4281 2210 106 Cole or order att 35 & note according to yd acctt when itt faills due you

1094 4347 2243 93 may redraw itt for I must even that concerne with him though I have yott

1104 4400 2133 93 Leverall tanding out, inorim hope to see you here faddamss whish

4976 229 1040 82 Antwarp 20 sber 1681104

3380 216 680 121 London George Cole

4392 242 117 87 th

3595 242 2392 136 S. in answer to yd of 58: past. sence here inclosed my bill for £100: att

3573 368 2385 94 2 uso att the charge of m. Abram vivian att 35:5 which please to

3575 429 2410 88 note according I should have remitted itt in an other bill, butt must pay

3574 497 2398 101 thisday yd of  July for yd acctt. & so could not pass itt I do not doubt

3596 544 2401 127 butt that in 2 months heme all will be receaved so I shall not faile

3586 616 2391 114 to remitt you the rest for I do my atmost endeavour tocleare that

3575 669 2430 137 acctt., I desire that the £80:- on mr. Daiel vvian be advested, & that

3578 741 2424 106 the soonert the better, for if possible I shall make saddanly an end fothe

3597 809 2336 100 rest, whilst I am well informed that m. Depeyster had never order

3590 843 2382 158 to signe the composition, nor did, if he did, lett itt be seen & aspeare

3581 944 2382 110 that wee may have what is due depend on you discretion remaind

3366 1010 2615 131 london what you have drawn & draw more for acess. of A8 shall  acc

5060 1059 884 124 Antwarp 20 sber 85

3588 1085 754 118 Arthar Anneslay

4519 1130 98 83 th

3592 1126 2298 146 Sr. mj last to you was on the 9: curitt sence non from you so this onely to

3581 1166 2428 151 accquaint you that John errinos is well arrived from Exon att ostend where he

3582 1267 2428 131 is de lanned for want of water in the canael tot rruges yett wee exspect

3576 1341 2410 126 the goods here in 10 a 12 dayes a gouverno - I have some mony for yd acctt.

3583 1437 2417 96 in cash which I could not remitt. this day pacting no bills to my minde

3598 1500 2366 105 butt shall send itt pr. next, on whoch you may depend whilst I remaine withe

5474 1509 471 123 20 gber

3396 1530 918 133 Audenard Joan frans bis

3594 1573 2366 146 mons. in antwoort aenden ul van 18 deser, als ul gelieft over te komen

3586 1671 2381 101 ul sal seer wilkom wesen  ick ben noch al versien van Engelsche goederen

3576 1767 2401 52 soo wel laken als sergien in groote acquantitert, maer geen saye ofte

3580 1783 2396 131 cassetten, staelen aen ul te sende soude voorseher confusie moete wegen want

3581 1848 2331 148 desuantiteijt te groot is & niet weten wat best u soude dienen soo dat de

3584 1937 2352 150 oogh daer bij moet wesen, hebbe geene lakens soo aen ul stael als het

3581 1995 2395 143 medegaende d'welk soo ul belieft op ul ordre sende sal a ƒ3:60 &: da

3595 2084 1945 113 waet over ul antwoort citto verwaght & nae groet blijve

5398 2117 551 107 a 20 gb 1681

3379 2162 925 130 Meggelen Cornelis van Aken

3595 2190 2388 148 mons. heden hebbe sceep be stelt beneffens het goet van mr dunnewalt aen ul

3599 2257 2383 139 het sroot laken 4 kersijen en 3 catoene lijnwaten in een paxken gemerckt

3591 2347 1481 129 EV.A waervande facture hier volght onderdato

3852 2382 2098 161 17 gb 1 dobbel Root N. 658a 41 ½ a 55¼ a 49  ƒ 130„7¼

5196 2496 651 118 a ƒ 25. „ 100„

4115 2499 960 123 4 Roy kersyen a 22 geirden

4111 2558 1809 134 13 geverfde cattoene lijnwaten a ƒ7:15 „ 23„15

5173 2612 802 148 samen ƒ 254:2¼

3579 2722 2353 104 Ick wille niet twijffelen oft sal nae ul contentement sijn soo gelieft het

3606 2791 2356 120 vervolgens te notteren waer in ul verder dinst kan doen gelieft mijte command

5351 2860 530 115 a 20 gb 1681

3396 2866 804 151 Brussel Andries Artsens

3588 2915 2365 137 Mons. M tesloten sende de quitantie van Jan van bree oversjnen

3589 3028 2336 97 verdiende loo vande 2 bekenden bayen, hebbende eene gulde betaelt uytter

3597 3073 2398 106 handt voor op doen is samen ƒ 45: die ul mij daer toe heeft medegegeven

3605 3135 2379 124 soo iets voor valt waer in ul kan dienen gelieft liberlijk te commande

3436 3202 887 132 Brussel Judoius De sadelaer

5382 3217 559 121 @ 20 b 1681

3596 3237 2385 158 monsr. op 16 deser heb aen ul p. bode gesonden een modecoleur laken volgens

3597 3366 2294 74 dan heb geadviseert, dwelk hope tot contentement sal sijn op 18 deser hebbe

3603 3414 2278 108 geladen int beurtschip een paxken aen ul gemerckt 1B5 in houdende

4095 3479 921 113 Blouw N. 575„ 37 ¼ a 50½

4805 3468 1186 156 „ 26 ½ 3 a 76¼ a 63 . ƒ240„3½

4054 3546 621 103 ½ ditto N. 725„.

5634 3502 375 139 a 14:„ 9t

4575 3566 938 95 voor Rabat a 8 pr. cento

5223 3604 770 141 sonder hedat ƒ 221115-

5775 3694 218 77 69„12

3612 3648 1719 159 1 deventer bay Roy leyst N. 549 a 43 ½ a 58.. a 24 ƒp

5523 3743 466 79 „ 58„16

3610 3762 1616 84 1 ditto Blouw Leyft  N 544 „ 42— „56:a2

5451 3802 546 67 „50„—

3607 3797 1580 111 2 witte manssesters bayen a ƒ28: stuck

5358 3840 643 109 samen ƒ 40603-

3599 3884 2383 112 dwelk niet en twijffele oft ul in alles d'accort sal vinden, ick en houdegenand

3597 3951 2368 99 baijen senden, alsoo die al verkoght waren, doch verwaghte een goede pertije vers

3611 4030 2398 88 dan sal ul beter gerieven de super sijn sullen in 3 a 4 dagen hier sijn de welke

3600 4045 2407 135 ul oock worde gesonden soo de bayen van ƒ28: ul konnen dienen kan vande

3596 4115 2353 141 selve pertije senden a g overno  hebbe voorde vraght van ul pack

3588 4196 2264 99 be dongen 10 stuijvers ermoet ul niet betalen war mede

3579 4213 2369 177 Ick recommandeere ul mij bewijs lest tot Brussel sijnde gegeven aen m

3599 4339 1396 118 Jo seph sabberton prompt te voedoen
