<?xml version="1.0" encoding="UTF-8"?>
<alto xmlns:xsi="http://www.w3.org/2001/XMLSchema-instance"
      xmlns="http://www.loc.gov/standards/alto/ns-v4#"
      xmlns:page="http://schema.primaresearch.org/PAGE/gts/pagecontent/2013-07-15"
      xsi:schemaLocation="http://www.loc.gov/standards/alto/ns-v4# https://www.loc.gov/standards/alto/v4/alto.xsd">
   <Description>
      <MeasurementUnit>pixel</MeasurementUnit>
      <OCRProcessing ID="IdOcr">
         <ocrProcessingStep>
            <processingDateTime>2022-02-04T12:07:37.734+01:00</processingDateTime>
            <processingSoftware>
               <softwareCreator>READ COOP</softwareCreator>
               <softwareName>Transkribus</softwareName>
            </processingSoftware>
         </ocrProcessingStep>
      </OCRProcessing>
   </Description>
   <Layout>
      <Page ID="Page1" PHYSICAL_IMG_NR="1" HEIGHT="4581" WIDTH="7921">
         <TopMargin HEIGHT="0" WIDTH="7921" VPOS="0" HPOS="0"/>
         <LeftMargin HEIGHT="4581" WIDTH="0" VPOS="0" HPOS="0"/>
         <RightMargin HEIGHT="4581" WIDTH="0" VPOS="0" HPOS="7921"/>
         <BottomMargin HEIGHT="0" WIDTH="7921" VPOS="4581" HPOS="0"/>
         <PrintSpace HEIGHT="4581" WIDTH="7921" VPOS="0" HPOS="0">
            <TextBlock ID="region_1638879803357_1491"
                       HEIGHT="3925"
                       WIDTH="2757"
                       VPOS="123"
                       HPOS="359">
               <Shape>
                  <Polygon POINTS="359,123 3116,123 3116,4048 359,4048"/>
               </Shape>
               <TextLine ID="region_1638879803357_1491l1"
                         BASELINE="520,268 558,264 597,263 636,260 674,259 713,257 752,256 790,255 829,254 868,252 907,251 945,250 984,248 1023,248 1061,246 1100,245 1139,243 1177,241 1216,240 1255,236 1294,234"
                         HEIGHT="130"
                         WIDTH="807"
                         VPOS="176"
                         HPOS="504">
                  <String ID="string_region_1638879803357_1491l1"
                          HEIGHT="130"
                          WIDTH="807"
                          VPOS="176"
                          HPOS="504"
                          CONTENT="London Henry Collier"/>
               </TextLine>
               <TextLine ID="region_1638879803357_1491l2"
                         BASELINE="1974,258 2015,262 2056,264 2097,266 2138,268 2180,270 2221,270 2262,272 2303,272 2344,272 2386,274 2427,274 2468,274 2509,275 2550,276 2592,277 2633,278 2674,280 2715,283 2756,286 2798,290"
                         HEIGHT="156"
                         WIDTH="858"
                         VPOS="180"
                         HPOS="1958">
                  <String ID="string_region_1638879803357_1491l2"
                          HEIGHT="156"
                          WIDTH="858"
                          VPOS="180"
                          HPOS="1958"
                          CONTENT="In Antwarp 4 Janu 16916"/>
               </TextLine>
               <TextLine ID="region_1638879803357_1491l3"
                         BASELINE="756,354 870,348 985,344 1099,342 1214,342 1329,342 1443,344 1558,346 1672,348 1787,352 1902,354 2016,358 2131,360 2245,364 2360,366 2475,366 2589,368 2704,366 2818,364 2933,361 3048,356"
                         HEIGHT="152"
                         WIDTH="2324"
                         VPOS="260"
                         HPOS="741">
                  <String ID="string_region_1638879803357_1491l3"
                          HEIGHT="152"
                          WIDTH="2324"
                          VPOS="260"
                          HPOS="741"
                          CONTENT="S I have before mee yd of 17 past. then you send yd procuration hall be delierd"/>
               </TextLine>
               <TextLine ID="region_1638879803357_1491l4"
                         BASELINE="752,448 867,442 983,440 1098,438 1214,436 1330,434 1445,434 1561,434 1676,435 1792,436 1908,436 2023,436 2139,436 2254,436 2370,436 2486,434 2601,432 2717,429 2832,426 2948,420 3064,414"
                         HEIGHT="132"
                         WIDTH="2344"
                         VPOS="348"
                         HPOS="736">
                  <String ID="string_region_1638879803357_1491l4"
                          HEIGHT="132"
                          WIDTH="2344"
                          VPOS="348"
                          HPOS="736"
                          CONTENT="to mr. Herreyns, thought if you writt him directely itt would come well"/>
               </TextLine>
               <TextLine ID="region_1638879803357_1491l5"
                         BASELINE="764,530 880,526 996,524 1112,524 1228,522 1344,522 1460,520 1576,520 1692,520 1808,520 1924,520 2040,518 2156,518 2272,516 2388,512 2504,510 2620,504 2736,500 2852,492 2968,485 3084,474"
                         HEIGHT="137"
                         WIDTH="2352"
                         VPOS="429"
                         HPOS="748">
                  <String ID="string_region_1638879803357_1491l5"
                          HEIGHT="137"
                          WIDTH="2352"
                          VPOS="429"
                          HPOS="748"
                          CONTENT="to handes for I must avoid all suspitions or TH. for I do not like their manner"/>
               </TextLine>
               <TextLine ID="region_1638879803357_1491l6"
                         BASELINE="776,604 891,602 1006,602 1121,602 1236,602 1351,602 1466,604 1581,604 1696,604 1811,604 1926,604 2041,603 2156,602 2271,601 2386,599 2501,596 2616,593 2731,590 2846,585 2961,578 3076,572"
                         HEIGHT="120"
                         WIDTH="2331"
                         VPOS="535"
                         HPOS="760">
                  <String ID="string_region_1638879803357_1491l6"
                          HEIGHT="120"
                          WIDTH="2331"
                          VPOS="535"
                          HPOS="760"
                          CONTENT="of live, whoever do what you iudge conveient: I take not ice that Ben"/>
               </TextLine>
               <TextLine ID="region_1638879803357_1491l7"
                         BASELINE="772,690 887,684 1002,682 1118,679 1233,678 1349,676 1464,676 1579,676 1695,676 1810,676 1926,676 2041,676 2156,676 2272,676 2387,674 2503,672 2618,668 2733,664 2849,658 2964,652 3080,644"
                         HEIGHT="114"
                         WIDTH="2341"
                         VPOS="599"
                         HPOS="756">
                  <String ID="string_region_1638879803357_1491l7"
                          HEIGHT="114"
                          WIDTH="2341"
                          VPOS="599"
                          HPOS="756"
                          CONTENT="clarck is still att grancsand I hope him over by this time 3 bylanders bang"/>
               </TextLine>
               <TextLine ID="region_1638879803357_1491l8"
                         BASELINE="776,762 892,758 1008,756 1124,754 1240,754 1356,752 1472,753 1588,754 1704,754 1820,754 1936,756 2052,756 2168,756 2284,754 2400,752 2516,749 2632,744 2748,740 2864,731 2980,724 3096,712"
                         HEIGHT="97"
                         WIDTH="2352"
                         VPOS="685"
                         HPOS="760">
                  <String ID="string_region_1638879803357_1491l8"
                          HEIGHT="97"
                          WIDTH="2352"
                          VPOS="685"
                          HPOS="760"
                          CONTENT="butt of late arrived that letthim att, grancsinde: when over shall advise you"/>
               </TextLine>
               <TextLine ID="region_1638879803357_1491l9"
                         BASELINE="760,836 877,832 994,830 1111,826 1228,826 1346,824 1463,824 1580,822 1697,822 1814,822 1932,822 2049,822 2166,822 2283,820 2400,820 2518,818 2635,816 2752,812 2869,810 2986,804 3104,798"
                         HEIGHT="105"
                         WIDTH="2374"
                         VPOS="767"
                         HPOS="744">
                  <String ID="string_region_1638879803357_1491l9"
                          HEIGHT="105"
                          WIDTH="2374"
                          VPOS="767"
                          HPOS="744"
                          CONTENT="now you draw £100: againe I have accepted itt besides obliged to take in the"/>
               </TextLine>
               <TextLine ID="region_1638879803357_1491l10"
                         BASELINE="770,906 886,906 1003,906 1119,906 1236,904 1352,904 1469,902 1585,902 1702,900 1818,898 1935,896 2051,894 2168,892 2284,890 2401,887 2517,884 2634,881 2750,878 2867,875 2983,872 3100,868"
                         HEIGHT="127"
                         WIDTH="2362"
                         VPOS="809"
                         HPOS="754">
                  <String ID="string_region_1638879803357_1491l10"
                          HEIGHT="127"
                          WIDTH="2362"
                          VPOS="809"
                          HPOS="754"
                          CONTENT="inclosed bill of £150 st for I have been opently blamed for drawing &amp; redrawing "/>
               </TextLine>
               <TextLine ID="region_1638879803357_1491l11"
                         BASELINE="762,988 878,988 995,988 1111,986 1228,986 1345,984 1461,982 1578,980 1694,979 1811,976 1928,974 2044,972 2161,970 2277,966 2394,964 2511,962 2627,958 2744,954 2860,950 2977,948 3094,942"
                         HEIGHT="115"
                         WIDTH="2362"
                         VPOS="902"
                         HPOS="746">
                  <String ID="string_region_1638879803357_1491l11"
                          HEIGHT="115"
                          WIDTH="2362"
                          VPOS="902"
                          HPOS="746"
                          CONTENT="betwixt as so for feare that bill might have fullen in handes of any of them"/>
               </TextLine>
               <TextLine ID="region_1638879803357_1491l12"
                         BASELINE="1326,1026 1356,1025 1386,1022"
                         HEIGHT="62"
                         WIDTH="93"
                         VPOS="987"
                         HPOS="1308">
                  <String ID="string_region_1638879803357_1491l12"
                          HEIGHT="62"
                          WIDTH="93"
                          VPOS="987"
                          HPOS="1308"
                          CONTENT="r"/>
               </TextLine>
               <TextLine ID="region_1638879803357_1491l13"
                         BASELINE="776,1064 892,1064 1009,1062 1125,1062 1242,1060 1359,1060 1475,1058 1592,1058 1708,1056 1825,1056 1942,1054 2058,1052 2175,1052 2291,1050 2408,1048 2525,1046 2641,1045 2758,1043 2874,1041 2991,1039 3108,1036"
                         HEIGHT="134"
                         WIDTH="2362"
                         VPOS="960"
                         HPOS="760">
                  <String ID="string_region_1638879803357_1491l13"
                          HEIGHT="134"
                          WIDTH="2362"
                          VPOS="960"
                          HPOS="760"
                          CONTENT="have imploye m. Anneslayes mony for att present trade beeng att ostand"/>
               </TextLine>
               <TextLine ID="region_1638879803357_1491l14"
                         BASELINE="772,1136 886,1134 1001,1132 1116,1130 1231,1128 1346,1128 1461,1128 1576,1128 1691,1128 1806,1128 1921,1128 2035,1128 2150,1128 2265,1128 2380,1127 2495,1126 2610,1124 2725,1120 2840,1116 2955,1112 3070,1106"
                         HEIGHT="118"
                         WIDTH="2328"
                         VPOS="1059"
                         HPOS="757">
                  <String ID="string_region_1638879803357_1491l14"
                          HEIGHT="118"
                          WIDTH="2328"
                          VPOS="1059"
                          HPOS="757"
                          CONTENT="mony is extranagant scarey where fore have sent him my bill on you for "/>
               </TextLine>
               <TextLine ID="region_1638879803357_1491l15"
                         BASELINE="744,1220 861,1216 979,1213 1097,1210 1214,1208 1332,1206 1450,1206 1567,1204 1685,1204 1803,1204 1921,1204 2038,1204 2156,1204 2274,1204 2391,1202 2509,1202 2627,1200 2744,1198 2862,1195 2980,1192 3098,1188"
                         HEIGHT="131"
                         WIDTH="2385"
                         VPOS="1127"
                         HPOS="729">
                  <String ID="string_region_1638879803357_1491l15"
                          HEIGHT="131"
                          WIDTH="2385"
                          VPOS="1127"
                          HPOS="729"
                          CONTENT="£80 att 2 uso att 35:6 besides £50 t payable to m. Bickering &amp; Ropinson"/>
               </TextLine>
               <TextLine ID="region_1638879803357_1491l16"
                         BASELINE="768,1298 877,1294 986,1292 1095,1290 1205,1290 1314,1290 1423,1290 1533,1290 1642,1290 1751,1290 1861,1292 1970,1292 2079,1292 2188,1290 2298,1290 2407,1287 2516,1284 2626,1280 2735,1275 2844,1269 2954,1260"
                         HEIGHT="128"
                         WIDTH="2215"
                         VPOS="1216"
                         HPOS="754">
                  <String ID="string_region_1638879803357_1491l16"
                          HEIGHT="128"
                          WIDTH="2215"
                          VPOS="1216"
                          HPOS="754"
                          CONTENT="att the same price &amp; the above said £150: cost 35:9: so please to note al"/>
               </TextLine>
               <TextLine ID="region_1638879803357_1491l17"
                         BASELINE="768,1380 883,1376 998,1372 1113,1370 1228,1368 1344,1368 1459,1368 1574,1368 1689,1368 1804,1368 1920,1370 2035,1370 2150,1370 2265,1368 2380,1366 2496,1364 2611,1360 2726,1354 2841,1347 2956,1339 3072,1328"
                         HEIGHT="123"
                         WIDTH="2334"
                         VPOS="1282"
                         HPOS="753">
                  <String ID="string_region_1638879803357_1491l17"
                          HEIGHT="123"
                          WIDTH="2334"
                          VPOS="1282"
                          HPOS="753"
                          CONTENT="accordingly hopeing &amp; heartely wishing that you may raise so much mony"/>
               </TextLine>
               <TextLine ID="region_1638879803357_1491l18"
                         BASELINE="752,1468 869,1462 986,1457 1103,1454 1221,1452 1338,1450 1455,1448 1573,1448 1690,1448 1807,1448 1925,1448 2042,1448 2159,1448 2276,1448 2394,1448 2511,1446 2628,1444 2746,1440 2863,1435 2980,1429 3098,1420"
                         HEIGHT="125"
                         WIDTH="2376"
                         VPOS="1358"
                         HPOS="737">
                  <String ID="string_region_1638879803357_1491l18"
                          HEIGHT="125"
                          WIDTH="2376"
                          VPOS="1358"
                          HPOS="737"
                          CONTENT="to comply with those extranagant occasions that onee I might be macondito"/>
               </TextLine>
               <TextLine ID="region_1638879803357_1491l19"
                         BASELINE="762,1530 877,1528 992,1526 1107,1525 1222,1524 1337,1524 1452,1522 1567,1522 1682,1522 1797,1522 1913,1522 2028,1521 2143,1520 2258,1520 2373,1518 2488,1516 2603,1514 2718,1512 2833,1508 2948,1504 3064,1500"
                         HEIGHT="118"
                         WIDTH="2332"
                         VPOS="1447"
                         HPOS="747">
                  <String ID="string_region_1638879803357_1491l19"
                          HEIGHT="118"
                          WIDTH="2332"
                          VPOS="1447"
                          HPOS="747"
                          CONTENT="to remitt, or elce I can not in large that trade whilst, &amp; wish you &amp; al"/>
               </TextLine>
               <TextLine ID="region_1638879803357_1491l20"
                         BASELINE="768,1602 869,1599 971,1598 1073,1596 1175,1594 1277,1594 1378,1594 1480,1592 1582,1592 1684,1592 1786,1592 1887,1590 1989,1590 2091,1590 2193,1588 2295,1586 2396,1584 2498,1583 2600,1580 2702,1577 2804,1574"
                         HEIGHT="104"
                         WIDTH="2066"
                         VPOS="1522"
                         HPOS="753">
                  <String ID="string_region_1638879803357_1491l20"
                          HEIGHT="104"
                          WIDTH="2066"
                          VPOS="1522"
                          HPOS="753"
                          CONTENT="the good familig &amp; prosperons &amp; happy newfeare &amp; Remaine"/>
               </TextLine>
               <TextLine ID="region_1638879803357_1491l21"
                         BASELINE="1932,1652 1984,1652 2036,1652 2088,1652 2140,1652 2192,1652 2244,1652 2296,1652 2348,1650 2400,1650 2453,1648 2505,1646 2557,1644 2609,1642 2661,1639 2713,1636 2765,1633 2817,1628 2869,1623 2921,1619 2974,1612"
                         HEIGHT="134"
                         WIDTH="1074"
                         VPOS="1569"
                         HPOS="1917">
                  <String ID="string_region_1638879803357_1491l21"
                          HEIGHT="134"
                          WIDTH="1074"
                          VPOS="1569"
                          HPOS="1917"
                          CONTENT="In Antwerp 4 Januarij 1681"/>
               </TextLine>
               <TextLine ID="region_1638879803357_1491l22"
                         BASELINE="518,1676 566,1676 615,1675 664,1674 712,1674 761,1674 810,1672 858,1672 907,1672 956,1672 1005,1672 1053,1672 1102,1672 1151,1670 1199,1670 1248,1670 1297,1668 1345,1668 1394,1666 1443,1665 1492,1664"
                         HEIGHT="143"
                         WIDTH="1005"
                         VPOS="1584"
                         HPOS="503">
                  <String ID="string_region_1638879803357_1491l22"
                          HEIGHT="143"
                          WIDTH="1005"
                          VPOS="1584"
                          HPOS="503"
                          CONTENT="London Rikering &amp; Robinson"/>
               </TextLine>
               <TextLine ID="region_1638879803357_1491l23"
                         BASELINE="1624,1720 1650,1719 1677,1717 1704,1716"
                         HEIGHT="83"
                         WIDTH="114"
                         VPOS="1652"
                         HPOS="1606">
                  <String ID="string_region_1638879803357_1491l23"
                          HEIGHT="83"
                          WIDTH="114"
                          VPOS="1652"
                          HPOS="1606"
                          CONTENT="to"/>
               </TextLine>
               <TextLine ID="region_1638879803357_1491l24"
                         BASELINE="762,1746 876,1748 990,1750 1104,1752 1219,1754 1333,1756 1447,1756 1562,1756 1676,1756 1790,1754 1905,1754 2019,1752 2133,1750 2247,1746 2362,1743 2476,1740 2590,1736 2705,1730 2819,1725 2933,1718 3048,1712"
                         HEIGHT="130"
                         WIDTH="2318"
                         VPOS="1639"
                         HPOS="745">
                  <String ID="string_region_1638879803357_1491l24"
                          HEIGHT="130"
                          WIDTH="2318"
                          VPOS="1639"
                          HPOS="745"
                          CONTENT="mess. I have wel rec. yd of 17: past. inclosed you have my bill one mr. Henry"/>
               </TextLine>
               <TextLine ID="region_1638879803357_1491l25"
                         BASELINE="766,1822 882,1826 999,1828 1115,1830 1232,1832 1349,1834 1465,1834 1582,1834 1698,1834 1815,1834 1932,1834 2048,1832 2165,1832 2281,1830 2398,1828 2515,1826 2631,1824 2748,1820 2864,1818 2981,1815 3098,1812"
                         HEIGHT="110"
                         WIDTH="2362"
                         VPOS="1752"
                         HPOS="752">
                  <String ID="string_region_1638879803357_1491l25"
                          HEIGHT="110"
                          WIDTH="2362"
                          VPOS="1752"
                          HPOS="752"
                          CONTENT="Collier for £50: att 2 uso att 35:6 as also an accomp. of sule of our 2 bal"/>
               </TextLine>
               <TextLine ID="region_1638879803357_1491l26"
                         BASELINE="744,1896 861,1900 979,1902 1097,1904 1214,1906 1332,1908 1450,1908 1567,1908 1685,1910 1803,1910 1921,1910 2038,1910 2156,1909 2274,1908 2391,1908 2509,1908 2627,1906 2744,1906 2862,1906 2980,1906 3098,1904"
                         HEIGHT="131"
                         WIDTH="2382"
                         VPOS="1830"
                         HPOS="730">
                  <String ID="string_region_1638879803357_1491l26"
                          HEIGHT="131"
                          WIDTH="2382"
                          VPOS="1830"
                          HPOS="730"
                          CONTENT="in comp. which please to perused &amp; finding right not accordingly &amp; also"/>
               </TextLine>
               <TextLine ID="region_1638879803357_1491l27"
                         BASELINE="754,1974 871,1976 988,1976 1105,1978 1222,1978 1339,1978 1456,1978 1573,1978 1690,1978 1807,1978 1925,1978 2042,1976 2159,1976 2276,1976 2393,1976 2510,1976 2627,1976 2744,1974 2861,1974 2978,1974 3096,1974"
                         HEIGHT="110"
                         WIDTH="2373"
                         VPOS="1907"
                         HPOS="739">
                  <String ID="string_region_1638879803357_1491l27"
                          HEIGHT="110"
                          WIDTH="2373"
                          VPOS="1907"
                          HPOS="739"
                          CONTENT="an acctt of the lead which will not answer attall ydexspectation, finding "/>
               </TextLine>
               <TextLine ID="region_1638879803357_1491l28"
                         BASELINE="744,2058 856,2054 968,2050 1080,2048 1192,2046 1305,2044 1417,2044 1529,2044 1641,2044 1753,2044 1866,2044 1978,2046 2090,2046 2202,2046 2314,2046 2427,2046 2539,2044 2651,2044 2763,2042 2875,2038 2988,2036"
                         HEIGHT="98"
                         WIDTH="2272"
                         VPOS="1990"
                         HPOS="730">
                  <String ID="string_region_1638879803357_1491l28"
                          HEIGHT="98"
                          WIDTH="2272"
                          VPOS="1990"
                          HPOS="730"
                          CONTENT="that the tolles dictiss take awaij als the proffitt &amp; the onely which ween"/>
               </TextLine>
               <TextLine ID="region_1638879803357_1491l29"
                         BASELINE="752,2128 866,2126 981,2124 1096,2122 1211,2122 1326,2120 1440,2120 1555,2118 1670,2118 1785,2116 1900,2116 2014,2115 2129,2114 2244,2114 2359,2112 2474,2112 2588,2111 2703,2110 2818,2110 2933,2108 3048,2106"
                         HEIGHT="115"
                         WIDTH="2329"
                         VPOS="2050"
                         HPOS="735">
                  <String ID="string_region_1638879803357_1491l29"
                          HEIGHT="115"
                          WIDTH="2329"
                          VPOS="2050"
                          HPOS="735"
                          CONTENT="can exspect by that com. when wee hand itt upon our owne acctt for"/>
               </TextLine>
               <TextLine ID="region_1638879803357_1491l30"
                         BASELINE="752,2218 866,2216 980,2216 1095,2216 1209,2214 1324,2214 1438,2212 1552,2210 1667,2210 1781,2208 1896,2206 2010,2204 2124,2202 2239,2200 2353,2198 2468,2196 2582,2196 2696,2194 2811,2192 2925,2190 3040,2188"
                         HEIGHT="127"
                         WIDTH="2320"
                         VPOS="2114"
                         HPOS="736">
                  <String ID="string_region_1638879803357_1491l30"
                          HEIGHT="127"
                          WIDTH="2320"
                          VPOS="2114"
                          HPOS="736"
                          CONTENT="then wee save those tolles, I hope you will not take itt tol ditt all"/>
               </TextLine>
               <TextLine ID="region_1638879803357_1491l31"
                         BASELINE="754,2298 868,2298 983,2298 1098,2298 1212,2296 1327,2294 1442,2293 1556,2292 1671,2290 1786,2287 1901,2284 2015,2282 2130,2280 2245,2276 2359,2274 2474,2272 2589,2270 2703,2268 2818,2264 2933,2262 3048,2260"
                         HEIGHT="141"
                         WIDTH="2323"
                         VPOS="2195"
                         HPOS="739">
                  <String ID="string_region_1638879803357_1491l31"
                          HEIGHT="141"
                          WIDTH="2323"
                          VPOS="2195"
                          HPOS="739"
                          CONTENT="price curitt for now &amp; never sence diditt yeald more, so wee must lett"/>
               </TextLine>
               <TextLine ID="region_1638879803357_1491l32"
                         BASELINE="752,2376 866,2376 981,2376 1095,2376 1210,2374 1324,2374 1439,2374 1553,2372 1668,2372 1782,2370 1897,2368 2011,2366 2126,2364 2240,2360 2355,2358 2469,2355 2584,2351 2698,2346 2813,2342 2927,2337 3042,2330"
                         HEIGHT="137"
                         WIDTH="2323"
                         VPOS="2260"
                         HPOS="735">
                  <String ID="string_region_1638879803357_1491l32"
                          HEIGHT="137"
                          WIDTH="2323"
                          VPOS="2260"
                          HPOS="735"
                          CONTENT="that aside till better in corridged, as for the cloth you see the proved"/>
               </TextLine>
               <TextLine ID="region_1638879803357_1491l33"
                         BASELINE="736,2454 853,2452 971,2452 1088,2450 1206,2450 1324,2450 1441,2448 1559,2448 1676,2448 1794,2446 1912,2446 2029,2444 2147,2442 2264,2440 2382,2438 2500,2434 2617,2430 2735,2426 2852,2420 2970,2413 3088,2406"
                         HEIGHT="169"
                         WIDTH="2383"
                         VPOS="2342"
                         HPOS="719">
                  <String ID="string_region_1638879803357_1491l33"
                          HEIGHT="169"
                          WIDTH="2383"
                          VPOS="2342"
                          HPOS="719"
                          CONTENT="I should incline for an other tryall for which shall send pattx instructions"/>
               </TextLine>
               <TextLine ID="region_1638879803357_1491l34"
                         BASELINE="752,2534 860,2534 968,2534 1076,2534 1184,2534 1292,2534 1400,2532 1508,2532 1616,2531 1724,2530 1833,2528 1941,2526 2049,2526 2157,2524 2265,2521 2373,2519 2481,2516 2589,2512 2697,2510 2805,2506 2914,2502"
                         HEIGHT="124"
                         WIDTH="2192"
                         VPOS="2436"
                         HPOS="736">
                  <String ID="string_region_1638879803357_1491l34"
                          HEIGHT="124"
                          WIDTH="2192"
                          VPOS="2436"
                          HPOS="736"
                          CONTENT="towards sent for winter dressing is not so good whilst I am still"/>
               </TextLine>
               <TextLine ID="region_1638879803357_1491l35"
                         BASELINE="756,2614 869,2612 983,2611 1097,2610 1211,2608 1325,2608 1438,2608 1552,2608 1666,2606 1780,2606 1894,2606 2007,2604 2121,2604 2235,2601 2349,2599 2463,2596 2576,2592 2690,2587 2804,2582 2918,2575 3032,2568"
                         HEIGHT="167"
                         WIDTH="2308"
                         VPOS="2490"
                         HPOS="740">
                  <String ID="string_region_1638879803357_1491l35"
                          HEIGHT="167"
                          WIDTH="2308"
                          VPOS="2490"
                          HPOS="740"
                          CONTENT="engaged with others in that trade shall send be glad of the opportuntio"/>
               </TextLine>
               <TextLine ID="region_1638879803357_1491l36"
                         BASELINE="760,2700 873,2694 987,2692 1101,2690 1215,2688 1329,2688 1442,2688 1556,2690 1670,2691 1784,2692 1898,2694 2011,2696 2125,2698 2239,2698 2353,2698 2467,2698 2580,2696 2694,2693 2808,2689 2922,2683 3036,2676"
                         HEIGHT="101"
                         WIDTH="2307"
                         VPOS="2637"
                         HPOS="744">
                  <String ID="string_region_1638879803357_1491l36"
                          HEIGHT="101"
                          WIDTH="2307"
                          VPOS="2637"
                          HPOS="744"
                          CONTENT="to maintaine yd corsespondency till that time the past when"/>
               </TextLine>
               <TextLine ID="region_1638879803357_1491l37"
                         BASELINE="746,2770 859,2768 973,2766 1086,2764 1200,2764 1313,2764 1427,2764 1540,2764 1654,2764 1767,2764 1881,2764 1994,2764 2108,2762 2221,2762 2335,2760 2448,2758 2562,2756 2675,2752 2789,2748 2902,2744 3016,2738"
                         HEIGHT="129"
                         WIDTH="2299"
                         VPOS="2685"
                         HPOS="732">
                  <String ID="string_region_1638879803357_1491l37"
                          HEIGHT="129"
                          WIDTH="2299"
                          VPOS="2685"
                          HPOS="732"
                          CONTENT="easely wee could be brick att itt for I have rec last yeare above 60 bales"/>
               </TextLine>
               <TextLine ID="region_1638879803357_1491l38"
                         BASELINE="742,2858 856,2854 971,2850 1086,2847 1200,2846 1315,2844 1430,2842 1544,2842 1659,2842 1774,2842 1889,2840 2003,2840 2118,2838 2233,2836 2347,2834 2462,2830 2577,2826 2691,2819 2806,2811 2921,2803 3036,2792"
                         HEIGHT="166"
                         WIDTH="2323"
                         VPOS="2739"
                         HPOS="727">
                  <String ID="string_region_1638879803357_1491l38"
                          HEIGHT="166"
                          WIDTH="2323"
                          VPOS="2739"
                          HPOS="727"
                          CONTENT="from the north, butt truely in a better condition then ours were"/>
               </TextLine>
               <TextLine ID="region_1638879803357_1491l39"
                         BASELINE="746,2934 857,2932 969,2928 1081,2926 1192,2925 1304,2924 1416,2922 1527,2922 1639,2922 1751,2920 1863,2920 1974,2918 2086,2917 2198,2914 2309,2912 2421,2909 2533,2904 2644,2899 2756,2892 2868,2885 2980,2878"
                         HEIGHT="152"
                         WIDTH="2265"
                         VPOS="2801"
                         HPOS="730">
                  <String ID="string_region_1638879803357_1491l39"
                          HEIGHT="152"
                          WIDTH="2265"
                          VPOS="2801"
                          HPOS="730"
                          CONTENT="or Elce itt should not have been to continew whoever myc"/>
               </TextLine>
               <TextLine ID="region_1638879803357_1491l40"
                         BASELINE="740,3022 855,3018 971,3016 1086,3014 1202,3012 1317,3010 1433,3008 1548,3006 1664,3004 1779,3002 1895,3000 2010,2996 2126,2994 2241,2990 2357,2985 2472,2980 2588,2974 2703,2967 2819,2958 2934,2949 3050,2938"
                         HEIGHT="194"
                         WIDTH="2342"
                         VPOS="2892"
                         HPOS="723">
                  <String ID="string_region_1638879803357_1491l40"
                          HEIGHT="194"
                          WIDTH="2342"
                          VPOS="2892"
                          HPOS="723"
                          CONTENT="first instructions shallbe plaine then formars I hope you do"/>
               </TextLine>
               <TextLine ID="region_1638879803357_1491l41"
                         BASELINE="756,3106 871,3103 986,3100 1101,3098 1216,3096 1331,3094 1446,3092 1561,3090 1676,3088 1791,3086 1906,3084 2021,3082 2136,3080 2251,3078 2366,3074 2481,3070 2596,3066 2711,3062 2826,3058 2941,3051 3056,3046"
                         HEIGHT="146"
                         WIDTH="2330"
                         VPOS="2983"
                         HPOS="739">
                  <String ID="string_region_1638879803357_1491l41"
                          HEIGHT="146"
                          WIDTH="2330"
                          VPOS="2983"
                          HPOS="739"
                          CONTENT="not take ill I remitt you on HC haveing occasions to draw on"/>
               </TextLine>
               <TextLine ID="region_1638879803357_1491l42"
                         BASELINE="748,3190 862,3188 977,3186 1092,3184 1207,3184 1322,3182 1436,3180 1551,3179 1666,3178 1781,3176 1896,3174 2010,3173 2125,3171 2240,3168 2355,3166 2470,3164 2584,3160 2699,3156 2814,3152 2929,3148 3044,3142"
                         HEIGHT="126"
                         WIDTH="2330"
                         VPOS="3075"
                         HPOS="731">
                  <String ID="string_region_1638879803357_1491l42"
                          HEIGHT="126"
                          WIDTH="2330"
                          VPOS="3075"
                          HPOS="731"
                          CONTENT="him was loast to do itt otherwise to safe brouidge intrim I am"/>
               </TextLine>
               <TextLine ID="region_1638879803357_1491l43"
                         BASELINE="746,3282 860,3280 975,3278 1090,3276 1205,3274 1320,3272 1435,3271 1550,3270 1665,3268 1780,3266 1895,3266 2009,3264 2124,3262 2239,3260 2354,3259 2469,3256 2584,3254 2699,3252 2814,3250 2929,3248 3044,3244"
                         HEIGHT="118"
                         WIDTH="2329"
                         VPOS="3201"
                         HPOS="731">
                  <String ID="string_region_1638879803357_1491l43"
                          HEIGHT="118"
                          WIDTH="2329"
                          VPOS="3201"
                          HPOS="731"
                          CONTENT="deeply engaged with the fabrick of tykes &amp; have contantely people"/>
               </TextLine>
               <TextLine ID="region_1638879803357_1491l44"
                         BASELINE="750,3368 866,3368 983,3366 1099,3366 1216,3364 1332,3364 1449,3362 1565,3360 1682,3360 1798,3358 1915,3356 2031,3354 2148,3352 2264,3350 2381,3348 2497,3346 2614,3344 2730,3342 2847,3338 2963,3336 3080,3332"
                         HEIGHT="152"
                         WIDTH="2359"
                         VPOS="3263"
                         HPOS="736">
                  <String ID="string_region_1638879803357_1491l44"
                          HEIGHT="152"
                          WIDTH="2359"
                          VPOS="3263"
                          HPOS="736"
                          CONTENT="att worck &amp; can firmish the very best sorts besides am well accquainted"/>
               </TextLine>
               <TextLine ID="region_1638879803357_1491l45"
                         BASELINE="744,3454 858,3454 973,3454 1087,3454 1202,3454 1316,3454 1431,3454 1545,3452 1660,3452 1774,3451 1889,3450 2003,3448 2118,3446 2232,3442 2347,3440 2461,3436 2576,3431 2690,3426 2805,3420 2919,3413 3034,3404"
                         HEIGHT="126"
                         WIDTH="2321"
                         VPOS="3349"
                         HPOS="727">
                  <String ID="string_region_1638879803357_1491l45"
                          HEIGHT="126"
                          WIDTH="2321"
                          VPOS="3349"
                          HPOS="727"
                          CONTENT="in the gentish legaturen so in case I can serve you in litthe"/>
               </TextLine>
               <TextLine ID="region_1638879803357_1491l46"
                         BASELINE="744,3540 856,3538 968,3538 1080,3538 1192,3538 1304,3538 1416,3538 1528,3538 1640,3538 1752,3538 1864,3538 1976,3538 2088,3538 2200,3538 2312,3536 2424,3534 2536,3532 2648,3530 2760,3526 2872,3522 2984,3516"
                         HEIGHT="115"
                         WIDTH="2269"
                         VPOS="3452"
                         HPOS="729">
                  <String ID="string_region_1638879803357_1491l46"
                          HEIGHT="115"
                          WIDTH="2269"
                          VPOS="3452"
                          HPOS="729"
                          CONTENT="of them lease to command mee &amp; if so be you ineline to"/>
               </TextLine>
               <TextLine ID="region_1638879803357_1491l47"
                         BASELINE="740,3622 857,3616 975,3614 1092,3612 1210,3610 1327,3610 1445,3612 1562,3612 1680,3614 1797,3614 1915,3616 2032,3618 2150,3618 2267,3618 2385,3616 2502,3615 2620,3612 2737,3607 2855,3601 2972,3594 3090,3584"
                         HEIGHT="157"
                         WIDTH="2382"
                         VPOS="3518"
                         HPOS="724">
                  <String ID="string_region_1638879803357_1491l47"
                          HEIGHT="157"
                          WIDTH="2382"
                          VPOS="3518"
                          HPOS="724"
                          CONTENT="have the rest of yd returnes layd aut intykes for a try all I shall"/>
               </TextLine>
               <TextLine ID="region_1638879803357_1491l48"
                         BASELINE="728,3702 844,3700 961,3698 1077,3696 1194,3696 1311,3696 1427,3698 1544,3698 1660,3698 1777,3700 1894,3700 2010,3702 2127,3702 2243,3702 2360,3700 2477,3698 2593,3696 2710,3692 2826,3687 2943,3681 3060,3674"
                         HEIGHT="144"
                         WIDTH="2361"
                         VPOS="3607"
                         HPOS="713">
                  <String ID="string_region_1638879803357_1491l48"
                          HEIGHT="144"
                          WIDTH="2361"
                          VPOS="3607"
                          HPOS="713"
                          CONTENT="do itt, so that I can afseured of a larger commission haveing send"/>
               </TextLine>
               <TextLine ID="region_1638879803357_1491l49"
                         BASELINE="726,3810 843,3805 960,3802 1077,3800 1194,3798 1311,3798 1428,3798 1545,3798 1662,3798 1779,3799 1896,3800 2013,3800 2130,3800 2247,3800 2364,3800 2481,3798 2598,3796 2715,3793 2832,3788 2949,3781 3066,3774"
                         HEIGHT="173"
                         WIDTH="2370"
                         VPOS="3681"
                         HPOS="712">
                  <String ID="string_region_1638879803357_1491l49"
                          HEIGHT="173"
                          WIDTH="2370"
                          VPOS="3681"
                          HPOS="712"
                          CONTENT="sence I was last in England many houndred of tijkes in the"/>
               </TextLine>
               <TextLine ID="region_1638879803357_1491l50"
                         BASELINE="748,3920 860,3914 973,3908 1085,3904 1198,3900 1310,3897 1423,3895 1535,3894 1648,3894 1760,3894 1873,3894 1985,3894 2098,3894 2210,3896 2323,3896 2435,3898 2548,3898 2660,3898 2773,3898 2885,3898 2998,3896"
                         HEIGHT="112"
                         WIDTH="2281"
                         VPOS="3851"
                         HPOS="732">
                  <String ID="string_region_1638879803357_1491l50"
                          HEIGHT="112"
                          WIDTH="2281"
                          VPOS="3851"
                          HPOS="732"
                          CONTENT="meane while wish you can happy &amp; prosperions new yeare &amp;"/>
               </TextLine>
               <TextLine ID="region_1638879803357_1491l51"
                         BASELINE="740,4012 796,4012 852,4010 908,4010 964,4010 1020,4008 1076,4008 1132,4006 1188,4004 1244,4004 1301,4002 1357,4002 1413,4000 1469,4000 1525,4000 1581,3998 1637,3998 1693,4000 1749,4000 1805,4000 1862,4002"
                         HEIGHT="148"
                         WIDTH="1152"
                         VPOS="3918"
                         HPOS="726">
                  <String ID="string_region_1638879803357_1491l51"
                          HEIGHT="148"
                          WIDTH="1152"
                          VPOS="3918"
                          HPOS="726"
                          CONTENT="many following to content &amp;"/>
               </TextLine>
            </TextBlock>
            <TextBlock ID="region_1638879806333_1494"
                       HEIGHT="4290"
                       WIDTH="2757"
                       VPOS="115"
                       HPOS="3173">
               <Shape>
                  <Polygon POINTS="3173,115 5930,115 5930,4405 3173,4405"/>
               </Shape>
               <TextLine ID="region_1638879806333_1494l1"
                         BASELINE="4960,218 5005,222 5050,224 5095,226 5140,226 5185,226 5230,226 5275,224 5320,222 5365,221 5410,218 5455,217 5500,214 5545,213 5590,210 5635,208 5680,206 5725,206 5770,204 5815,204 5860,206"
                         HEIGHT="118"
                         WIDTH="931"
                         VPOS="160"
                         HPOS="4944">
                  <String ID="string_region_1638879806333_1494l1"
                          HEIGHT="118"
                          WIDTH="931"
                          VPOS="160"
                          HPOS="4944"
                          CONTENT="In antwarp 4 Januarij 1681"/>
               </TextLine>
               <TextLine ID="region_1638879806333_1494l2"
                         BASELINE="3280,248 3321,244 3363,241 3405,238 3447,235 3489,234 3531,232 3573,230 3615,230 3657,230 3699,228 3740,228 3782,228 3824,228 3866,228 3908,228 3950,228 3992,228 4034,228 4076,228 4118,226"
                         HEIGHT="124"
                         WIDTH="872"
                         VPOS="160"
                         HPOS="3263">
                  <String ID="string_region_1638879806333_1494l2"
                          HEIGHT="124"
                          WIDTH="872"
                          VPOS="160"
                          HPOS="3263"
                          CONTENT="London Abram Vvians"/>
               </TextLine>
               <TextLine ID="region_1638879806333_1494l3"
                         BASELINE="4462,268 4490,270 4518,271 4546,268"
                         HEIGHT="101"
                         WIDTH="117"
                         VPOS="195"
                         HPOS="4446">
                  <String ID="string_region_1638879806333_1494l3"
                          HEIGHT="101"
                          WIDTH="117"
                          VPOS="195"
                          HPOS="4446"
                          CONTENT="th"/>
               </TextLine>
               <TextLine ID="region_1638879806333_1494l4"
                         BASELINE="3544,314 3662,314 3780,314 3899,314 4017,314 4136,312 4254,312 4372,312 4491,312 4609,310 4728,310 4846,310 4964,308 5083,308 5201,306 5320,306 5438,304 5556,304 5675,302 5793,300 5912,300"
                         HEIGHT="152"
                         WIDTH="2397"
                         VPOS="196"
                         HPOS="3529">
                  <String ID="string_region_1638879806333_1494l4"
                          HEIGHT="152"
                          WIDTH="2397"
                          VPOS="196"
                          HPOS="3529"
                          CONTENT="S my last to you was on the 28. past to which please to be referred. sence held"/>
               </TextLine>
               <TextLine ID="region_1638879806333_1494l5"
                         BASELINE="3548,390 3664,388 3780,388 3896,388 4012,387 4129,386 4245,386 4361,385 4477,384 4593,384 4710,382 4826,382 4942,380 5058,378 5174,377 5291,375 5407,372 5523,370 5639,368 5755,364 5872,362"
                         HEIGHT="115"
                         WIDTH="2353"
                         VPOS="311"
                         HPOS="3534">
                  <String ID="string_region_1638879806333_1494l5"
                          HEIGHT="115"
                          WIDTH="2353"
                          VPOS="311"
                          HPOS="3534"
                          CONTENT="both yd of 43„ &amp; 27 ditto. I am glad you have Receaved the packett of laceN.5 &amp;"/>
               </TextLine>
               <TextLine ID="region_1638879806333_1494l6"
                         BASELINE="3540,470 3656,468 3772,466 3888,464 4004,464 4120,462 4236,462 4352,462 4468,460 4584,460 4700,458 4816,456 4932,455 5048,452 5164,450 5280,446 5396,442 5512,437 5628,432 5744,425 5860,416"
                         HEIGHT="68"
                         WIDTH="2353"
                         VPOS="419"
                         HPOS="3523">
                  <String ID="string_region_1638879806333_1494l6"
                          HEIGHT="68"
                          WIDTH="2353"
                          VPOS="419"
                          HPOS="3523"
                          CONTENT="that that N6&amp;7 will be quite an otherthing N6 shal proves better then N4"/>
               </TextLine>
               <TextLine ID="region_1638879806333_1494l7"
                         BASELINE="3552,548 3669,548 3786,548 3903,546 4020,546 4138,546 4255,544 4372,544 4489,542 4606,540 4724,538 4841,536 4958,532 5075,528 5192,523 5310,518 5427,513 5544,504 5661,497 5778,488 5896,478"
                         HEIGHT="141"
                         WIDTH="2376"
                         VPOS="439"
                         HPOS="3535">
                  <String ID="string_region_1638879806333_1494l7"
                          HEIGHT="141"
                          WIDTH="2376"
                          VPOS="439"
                          HPOS="3535"
                          CONTENT="truely beeng now in afar better way exspect that N6 &amp; 7 will be guite an other"/>
               </TextLine>
               <TextLine ID="region_1638879806333_1494l8"
                         BASELINE="3544,630 3661,628 3779,626 3896,626 4014,624 4131,624 4249,624 4366,622 4484,622 4601,620 4719,618 4836,616 4954,613 5071,609 5189,604 5306,597 5424,591 5541,582 5659,572 5776,561 5894,548"
                         HEIGHT="157"
                         WIDTH="2383"
                         VPOS="495"
                         HPOS="3527">
                  <String ID="string_region_1638879806333_1494l8"
                          HEIGHT="157"
                          WIDTH="2383"
                          VPOS="495"
                          HPOS="3527"
                          CONTENT="thing N6 shall be sent next post to newport to mr. michiel wallego N. 7 shall"/>
               </TextLine>
               <TextLine ID="region_1638879806333_1494l9"
                         BASELINE="3544,710 3661,708 3779,706 3896,704 4014,702 4132,701 4249,700 4367,698 4484,698 4602,696 4720,694 4837,690 4955,688 5072,684 5190,678 5308,672 5425,666 5543,658 5660,648 5778,635 5896,622"
                         HEIGHT="165"
                         WIDTH="2381"
                         VPOS="575"
                         HPOS="3527">
                  <String ID="string_region_1638879806333_1494l9"
                          HEIGHT="165"
                          WIDTH="2381"
                          VPOS="575"
                          HPOS="3527"
                          CONTENT="keep t'ill I have the broad law you desire, for which I have given the necessary"/>
               </TextLine>
               <TextLine ID="region_1638879806333_1494l10"
                         BASELINE="3550,786 3667,784 3785,782 3903,780 4021,778 4139,776 4257,775 4375,774 4493,772 4611,770 4729,766 4846,763 4964,760 5082,756 5200,750 5318,743 5436,736 5554,728 5672,718 5790,707 5908,694"
                         HEIGHT="172"
                         WIDTH="2389"
                         VPOS="641"
                         HPOS="3533">
                  <String ID="string_region_1638879806333_1494l10"
                          HEIGHT="172"
                          WIDTH="2389"
                          VPOS="641"
                          HPOS="3533"
                          CONTENT="order thought you desire for which I have given the nessesary order thought"/>
               </TextLine>
               <TextLine ID="region_1638879806333_1494l11"
                         BASELINE="3556,860 3668,858 3781,856 3893,855 4006,854 4118,852 4231,850 4343,848 4456,846 4568,844 4681,841 4793,838 4906,834 5018,830 5131,824 5243,818 5356,811 5468,805 5581,795 5693,786 5806,774"
                         HEIGHT="187"
                         WIDTH="2284"
                         VPOS="723"
                         HPOS="3538">
                  <String ID="string_region_1638879806333_1494l11"
                          HEIGHT="187"
                          WIDTH="2284"
                          VPOS="723"
                          HPOS="3538"
                          CONTENT="you do not mention if itt must be tyoullesor without ground the"/>
               </TextLine>
               <TextLine ID="region_1638879806333_1494l12"
                         BASELINE="3528,934 3647,932 3766,932 3885,930 4004,928 4124,926 4243,926 4362,924 4481,920 4600,918 4720,914 4839,910 4958,906 5077,900 5196,894 5316,885 5435,877 5554,868 5673,857 5792,844 5912,830"
                         HEIGHT="222"
                         WIDTH="2419"
                         VPOS="719"
                         HPOS="3510">
                  <String ID="string_region_1638879806333_1494l12"
                          HEIGHT="222"
                          WIDTH="2419"
                          VPOS="719"
                          HPOS="3510"
                          CONTENT="acctt. of these 2 packetts shall send p. next whilst I do exspect those from"/>
               </TextLine>
               <TextLine ID="region_1638879806333_1494l13"
                         BASELINE="3540,1010 3655,1010 3771,1010 3886,1010 4002,1010 4118,1008 4233,1006 4349,1004 4464,1000 4580,997 4696,992 4811,988 4927,984 5042,978 5158,974 5274,966 5389,960 5505,954 5620,946 5736,939 5852,930"
                         HEIGHT="189"
                         WIDTH="2343"
                         VPOS="884"
                         HPOS="3523">
                  <String ID="string_region_1638879806333_1494l13"
                          HEIGHT="189"
                          WIDTH="2343"
                          VPOS="884"
                          HPOS="3523"
                          CONTENT="you that come to han des about our concernes in the north I am now a"/>
               </TextLine>
               <TextLine ID="region_1638879806333_1494l14"
                         BASELINE="3544,1090 3661,1090 3779,1088 3896,1086 4014,1086 4132,1084 4249,1082 4367,1079 4484,1076 4602,1073 4720,1069 4837,1065 4955,1060 5072,1054 5190,1048 5308,1041 5425,1033 5543,1024 5660,1015 5778,1005 5896,994"
                         HEIGHT="187"
                         WIDTH="2381"
                         VPOS="932"
                         HPOS="3527">
                  <String ID="string_region_1638879806333_1494l14"
                          HEIGHT="187"
                          WIDTH="2381"
                          VPOS="932"
                          HPOS="3527"
                          CONTENT="makeing op our acctt. of sales &amp; &amp; cctt. curitt which will be ready very speedly "/>
               </TextLine>
               <TextLine ID="region_1638879806333_1494l15"
                         BASELINE="3540,1172 3654,1172 3769,1172 3883,1170 3998,1170 4112,1168 4227,1166 4341,1164 4456,1162 4570,1158 4685,1156 4799,1151 4914,1147 5028,1140 5143,1136 5257,1128 5372,1120 5486,1112 5601,1103 5715,1093 5830,1082"
                         HEIGHT="217"
                         WIDTH="2322"
                         VPOS="1003"
                         HPOS="3524">
                  <String ID="string_region_1638879806333_1494l15"
                          HEIGHT="217"
                          WIDTH="2322"
                          VPOS="1003"
                          HPOS="3524"
                          CONTENT="&amp; sent you trade is now att astand &amp; mony exceeding searey, as ordinary this "/>
               </TextLine>
               <TextLine ID="region_1638879806333_1494l16"
                         BASELINE="3554,1258 3667,1254 3780,1252 3893,1250 4006,1248 4120,1248 4233,1246 4346,1246 4459,1244 4572,1244 4686,1242 4799,1239 4912,1235 5025,1231 5138,1224 5252,1217 5365,1209 5478,1197 5591,1184 5704,1169 5818,1152"
                         HEIGHT="173"
                         WIDTH="2294"
                         VPOS="1104"
                         HPOS="3537">
                  <String ID="string_region_1638879806333_1494l16"
                          HEIGHT="173"
                          WIDTH="2294"
                          VPOS="1104"
                          HPOS="3537"
                          CONTENT="time of yeare where fore you can not exspect very great returnes"/>
               </TextLine>
               <TextLine ID="region_1638879806333_1494l17"
                         BASELINE="3548,1334 3664,1332 3781,1330 3898,1328 4015,1327 4132,1326 4249,1324 4366,1324 4483,1322 4600,1320 4717,1316 4833,1312 4950,1308 5067,1301 5184,1293 5301,1284 5418,1274 5535,1259 5652,1244 5769,1226 5886,1206"
                         HEIGHT="231"
                         WIDTH="2370"
                         VPOS="1123"
                         HPOS="3531">
                  <String ID="string_region_1638879806333_1494l17"
                          HEIGHT="231"
                          WIDTH="2370"
                          VPOS="1123"
                          HPOS="3531"
                          CONTENT="before spring whoever be confident that nothing is wanting on my side"/>
               </TextLine>
               <TextLine ID="region_1638879806333_1494l18"
                         BASELINE="3548,1418 3665,1412 3782,1408 3900,1406 4017,1404 4135,1402 4252,1402 4369,1400 4487,1398 4604,1397 4722,1394 4839,1392 4956,1387 5074,1382 5191,1376 5309,1368 5426,1357 5543,1346 5661,1332 5778,1314 5896,1296"
                         HEIGHT="210"
                         WIDTH="2382"
                         VPOS="1236"
                         HPOS="3530">
                  <String ID="string_region_1638879806333_1494l18"
                          HEIGHT="210"
                          WIDTH="2382"
                          VPOS="1236"
                          HPOS="3530"
                          CONTENT="to promote he concernes, &amp; shall remitt as soone ascomes in whilst here"/>
               </TextLine>
               <TextLine ID="region_1638879806333_1494l19"
                         BASELINE="5664,1396 5692,1393 5720,1390 5748,1387 5776,1384"
                         HEIGHT="73"
                         WIDTH="148"
                         VPOS="1338"
                         HPOS="5645">
                  <String ID="string_region_1638879806333_1494l19"
                          HEIGHT="73"
                          WIDTH="148"
                          VPOS="1338"
                          HPOS="5645"
                          CONTENT="cor"/>
               </TextLine>
               <TextLine ID="region_1638879806333_1494l20"
                         BASELINE="3556,1496 3668,1489 3780,1484 3892,1481 4005,1478 4117,1478 4229,1476 4342,1478 4454,1478 4566,1478 4679,1478 4791,1478 4903,1478 5015,1478 5128,1476 5240,1472 5352,1468 5465,1462 5577,1454 5689,1444 5802,1432"
                         HEIGHT="123"
                         WIDTH="2274"
                         VPOS="1393"
                         HPOS="3541">
                  <String ID="string_region_1638879806333_1494l20"
                          HEIGHT="123"
                          WIDTH="2274"
                          VPOS="1393"
                          HPOS="3541"
                          CONTENT="inclosed you have a bill on. mr guill fam son- for £150: duer3 "/>
               </TextLine>
               <TextLine ID="region_1638879806333_1494l21"
                         BASELINE="3552,1578 3667,1575 3783,1574 3899,1572 4015,1572 4131,1572 4246,1572 4362,1572 4478,1572 4594,1572 4710,1572 4825,1570 4941,1568 5057,1566 5173,1562 5289,1558 5404,1554 5520,1547 5636,1540 5752,1530 5868,1518"
                         HEIGHT="175"
                         WIDTH="2347"
                         VPOS="1449"
                         HPOS="3537">
                  <String ID="string_region_1638879806333_1494l21"
                          HEIGHT="175"
                          WIDTH="2347"
                          VPOS="1449"
                          HPOS="3537"
                          CONTENT="for which please to give my acctt. creditt pray end that bussynes of "/>
               </TextLine>
               <TextLine ID="region_1638879806333_1494l22"
                         BASELINE="3540,1648 3655,1646 3770,1644 3886,1644 4001,1644 4117,1644 4232,1644 4347,1644 4463,1644 4578,1644 4694,1644 4809,1644 4924,1642 5040,1640 5155,1636 5271,1632 5386,1626 5501,1618 5617,1609 5732,1597 5848,1584"
                         HEIGHT="146"
                         WIDTH="2337"
                         VPOS="1549"
                         HPOS="3524">
                  <String ID="string_region_1638879806333_1494l22"
                          HEIGHT="146"
                          WIDTH="2337"
                          VPOS="1549"
                          HPOS="3524"
                          CONTENT="mr. Cole of the £250  for itt is un reasonable that he will not allow"/>
               </TextLine>
               <TextLine ID="region_1638879806333_1494l23"
                         BASELINE="3552,1716 3667,1714 3782,1712 3897,1712 4012,1712 4128,1712 4243,1712 4358,1714 4473,1714 4588,1714 4704,1714 4819,1714 4934,1712 5049,1710 5164,1707 5280,1702 5395,1696 5510,1689 5625,1680 5740,1669 5856,1656"
                         HEIGHT="156"
                         WIDTH="2335"
                         VPOS="1594"
                         HPOS="3537">
                  <String ID="string_region_1638879806333_1494l23"
                          HEIGHT="156"
                          WIDTH="2335"
                          VPOS="1594"
                          HPOS="3537"
                          CONTENT="itt mee up on acctt. &amp; you neither truly I payd itt &amp; rtter must bowitt "/>
               </TextLine>
               <TextLine ID="region_1638879806333_1494l24"
                         BASELINE="3558,1782 3673,1782 3788,1782 3904,1782 4019,1784 4135,1784 4250,1786 4365,1786 4481,1786 4596,1788 4712,1786 4827,1786 4942,1784 5058,1782 5173,1778 5289,1774 5404,1769 5519,1761 5635,1753 5750,1743 5866,1730"
                         HEIGHT="164"
                         WIDTH="2339"
                         VPOS="1669"
                         HPOS="3542">
                  <String ID="string_region_1638879806333_1494l24"
                          HEIGHT="164"
                          WIDTH="2339"
                          VPOS="1669"
                          HPOS="3542"
                          CONTENT="of both you of which long to have yd advise &amp; so wish you an happy"/>
               </TextLine>
               <TextLine ID="region_1638879806333_1494l25"
                         BASELINE="3548,1854 3665,1852 3783,1853 3901,1854 4018,1854 4136,1856 4254,1856 4371,1858 4489,1858 4607,1860 4725,1860 4842,1858 4960,1858 5078,1856 5195,1853 5313,1849 5431,1844 5548,1838 5666,1830 5784,1820 5902,1810"
                         HEIGHT="180"
                         WIDTH="2386"
                         VPOS="1726"
                         HPOS="3533">
                  <String ID="string_region_1638879806333_1494l25"
                          HEIGHT="180"
                          WIDTH="2386"
                          VPOS="1726"
                          HPOS="3533"
                          CONTENT="succes full new yeare with many following agood Brve boy to yd ladys"/>
               </TextLine>
               <TextLine ID="region_1638879806333_1494l26"
                         BASELINE="4992,1942 5034,1939 5076,1937 5118,1934 5160,1932 5202,1930 5244,1928 5286,1926 5328,1924 5370,1922 5412,1921 5454,1920 5496,1918 5538,1916 5580,1914 5622,1912 5664,1910 5706,1908 5748,1906 5790,1904 5832,1902"
                         HEIGHT="152"
                         WIDTH="874"
                         VPOS="1826"
                         HPOS="4975">
                  <String ID="string_region_1638879806333_1494l26"
                          HEIGHT="152"
                          WIDTH="874"
                          VPOS="1826"
                          HPOS="4975"
                          CONTENT="In Antweere 4 Janu 81"/>
               </TextLine>
               <TextLine ID="region_1638879806333_1494l27"
                         BASELINE="3320,1946 3364,1942 3409,1938 3454,1936 3498,1934 3543,1932 3588,1931 3632,1930 3677,1929 3722,1928 3767,1928 3811,1928 3856,1926 3901,1926 3945,1926 3990,1924 4035,1922 4079,1922 4124,1919 4169,1917 4214,1914"
                         HEIGHT="158"
                         WIDTH="927"
                         VPOS="1828"
                         HPOS="3302">
                  <String ID="string_region_1638879806333_1494l27"
                          HEIGHT="158"
                          WIDTH="927"
                          VPOS="1828"
                          HPOS="3302"
                          CONTENT="London Arthur Annes Lay"/>
               </TextLine>
               <TextLine ID="region_1638879806333_1494l28"
                         BASELINE="4440,1946 4458,1938"
                         HEIGHT="86"
                         WIDTH="78"
                         VPOS="1861"
                         HPOS="4392">
                  <String ID="string_region_1638879806333_1494l28"
                          HEIGHT="86"
                          WIDTH="78"
                          VPOS="1861"
                          HPOS="4392"
                          CONTENT=""/>
               </TextLine>
               <TextLine ID="region_1638879806333_1494l29"
                         BASELINE="3594,1994 3708,1990 3823,1988 3938,1986 4052,1986 4167,1986 4282,1986 4396,1986 4511,1988 4626,1988 4741,1990 4855,1990 4970,1990 5085,1990 5199,1990 5314,1986 5429,1982 5543,1978 5658,1972 5773,1963 5888,1952"
                         HEIGHT="129"
                         WIDTH="2325"
                         VPOS="1872"
                         HPOS="3578">
                  <String ID="string_region_1638879806333_1494l29"
                          HEIGHT="129"
                          WIDTH="2325"
                          VPOS="1872"
                          HPOS="3578"
                          CONTENT="In answer to yd of 20: past Ben klarck is not yett tariued butt I hope"/>
               </TextLine>
               <TextLine ID="region_1638879806333_1494l30"
                         BASELINE="3544,2060 3661,2056 3778,2054 3895,2050 4012,2049 4130,2048 4247,2046 4364,2046 4481,2044 4598,2044 4716,2042 4833,2042 4950,2040 5067,2040 5184,2038 5302,2036 5419,2034 5536,2030 5653,2026 5770,2021 5888,2016"
                         HEIGHT="114"
                         WIDTH="2373"
                         VPOS="1962"
                         HPOS="3529">
                  <String ID="string_region_1638879806333_1494l30"
                          HEIGHT="114"
                          WIDTH="2373"
                          VPOS="1962"
                          HPOS="3529"
                          CONTENT="that this south resterly wind shall bring him over of which shall advvise"/>
               </TextLine>
               <TextLine ID="region_1638879806333_1494l31"
                         BASELINE="3544,2124 3661,2120 3779,2118 3897,2116 4015,2114 4133,2114 4250,2112 4368,2112 4486,2112 4604,2112 4722,2112 4839,2112 4957,2110 5075,2108 5193,2105 5311,2101 5428,2096 5546,2090 5664,2084 5782,2073 5900,2062"
                         HEIGHT="94"
                         WIDTH="2386"
                         VPOS="2066"
                         HPOS="3528">
                  <String ID="string_region_1638879806333_1494l31"
                          HEIGHT="94"
                          WIDTH="2386"
                          VPOS="2066"
                          HPOS="3528"
                          CONTENT="you the needfull, as also advise how I shall finde the goods sent by him "/>
               </TextLine>
               <TextLine ID="region_1638879806333_1494l32"
                         BASELINE="3512,2190 3629,2185 3746,2182 3863,2178 3981,2178 4098,2178 4215,2178 4333,2180 4450,2182 4567,2183 4685,2184 4802,2186 4919,2186 5036,2186 5154,2184 5271,2182 5388,2179 5506,2172 5623,2165 5740,2154 5858,2144"
                         HEIGHT="144"
                         WIDTH="2376"
                         VPOS="2086"
                         HPOS="3496">
                  <String ID="string_region_1638879806333_1494l32"
                          HEIGHT="144"
                          WIDTH="2376"
                          VPOS="2086"
                          HPOS="3496"
                          CONTENT="inclosed you have my bill for £80 st on mr. Henry Collier att 2 uso"/>
               </TextLine>
               <TextLine ID="region_1638879806333_1494l33"
                         BASELINE="4372,2216 4392,2216"
                         HEIGHT="60"
                         WIDTH="50"
                         VPOS="2182"
                         HPOS="4356">
                  <String ID="string_region_1638879806333_1494l33"
                          HEIGHT="60"
                          WIDTH="50"
                          VPOS="2182"
                          HPOS="4356"
                          CONTENT="d"/>
               </TextLine>
               <TextLine ID="region_1638879806333_1494l34"
                         BASELINE="3552,2262 3669,2258 3786,2256 3903,2254 4021,2254 4138,2256 4255,2256 4373,2258 4490,2260 4607,2262 4725,2262 4842,2262 4959,2262 5076,2261 5194,2258 5311,2254 5428,2248 5546,2241 5663,2230 5780,2217 5898,2202"
                         HEIGHT="152"
                         WIDTH="2377"
                         VPOS="2162"
                         HPOS="3537">
                  <String ID="string_region_1638879806333_1494l34"
                          HEIGHT="152"
                          WIDTH="2377"
                          VPOS="2162"
                          HPOS="3537"
                          CONTENT="for which please to give yd acctt. creditt att 35:6 yd acctt. of sale is made"/>
               </TextLine>
               <TextLine ID="region_1638879806333_1494l35"
                         BASELINE="3540,2338 3656,2332 3772,2328 3888,2326 4004,2324 4120,2324 4236,2326 4352,2326 4468,2328 4584,2330 4701,2330 4817,2332 4933,2332 5049,2330 5165,2328 5281,2324 5397,2320 5513,2311 5629,2302 5745,2290 5862,2274"
                         HEIGHT="146"
                         WIDTH="2352"
                         VPOS="2235"
                         HPOS="3524">
                  <String ID="string_region_1638879806333_1494l35"
                          HEIGHT="146"
                          WIDTH="2352"
                          VPOS="2235"
                          HPOS="3524"
                          CONTENT="up &amp; shall be sent you p first whilst in the meane which you please"/>
               </TextLine>
               <TextLine ID="region_1638879806333_1494l36"
                         BASELINE="3532,2412 3651,2408 3770,2404 3889,2402 4008,2400 4127,2399 4246,2398 4365,2398 4484,2398 4603,2398 4722,2398 4841,2398 4960,2398 5079,2396 5198,2396 5317,2394 5436,2390 5555,2386 5674,2382 5793,2375 5912,2370"
                         HEIGHT="142"
                         WIDTH="2409"
                         VPOS="2293"
                         HPOS="3518">
                  <String ID="string_region_1638879806333_1494l36"
                          HEIGHT="142"
                          WIDTH="2409"
                          VPOS="2293"
                          HPOS="3518"
                          CONTENT="to order mr. Ledynglan to buy for you 12 p 1½. yd white perpetuanes "/>
               </TextLine>
               <TextLine ID="region_1638879806333_1494l37"
                         BASELINE="3534,2470 3652,2468 3770,2468 3888,2466 4007,2466 4125,2466 4243,2468 4362,2468 4480,2468 4598,2468 4717,2468 4835,2468 4953,2468 5071,2466 5190,2464 5308,2462 5426,2460 5545,2454 5663,2449 5781,2443 5900,2436"
                         HEIGHT="109"
                         WIDTH="2397"
                         VPOS="2395"
                         HPOS="3519">
                  <String ID="string_region_1638879806333_1494l37"
                          HEIGHT="109"
                          WIDTH="2397"
                          VPOS="2395"
                          HPOS="3519"
                          CONTENT="of such sort as last be sent of about 60 s butt they ought to be better "/>
               </TextLine>
               <TextLine ID="region_1638879806333_1494l38"
                         BASELINE="3550,2546 3667,2546 3784,2546 3902,2546 4019,2546 4137,2546 4254,2546 4371,2546 4489,2546 4606,2545 4724,2544 4841,2544 4958,2542 5076,2540 5193,2539 5311,2538 5428,2535 5545,2533 5663,2530 5780,2526 5898,2524"
                         HEIGHT="116"
                         WIDTH="2380"
                         VPOS="2460"
                         HPOS="3533">
                  <String ID="string_region_1638879806333_1494l38"
                          HEIGHT="116"
                          WIDTH="2380"
                          VPOS="2460"
                          HPOS="3533"
                          CONTENT="this he can do with good leasure it beeng time nong then I have them"/>
               </TextLine>
               <TextLine ID="region_1638879806333_1494l39"
                         BASELINE="3534,2604 3650,2606 3767,2606 3883,2606 4000,2607 4116,2608 4233,2608 4349,2609 4466,2610 4582,2610 4699,2610 4815,2610 4932,2610 5048,2610 5165,2610 5281,2608 5398,2608 5514,2606 5631,2604 5747,2602 5864,2600"
                         HEIGHT="98"
                         WIDTH="2358"
                         VPOS="2551"
                         HPOS="3520">
                  <String ID="string_region_1638879806333_1494l39"
                          HEIGHT="98"
                          WIDTH="2358"
                          VPOS="2551"
                          HPOS="3520"
                          CONTENT="here about marck I shall take further spiculations concerning such "/>
               </TextLine>
               <TextLine ID="region_1638879806333_1494l40"
                         BASELINE="3542,2684 3658,2682 3775,2680 3891,2680 4008,2680 4124,2682 4241,2682 4357,2684 4474,2686 4590,2688 4707,2690 4823,2690 4940,2692 5056,2691 5173,2690 5289,2688 5406,2685 5522,2681 5639,2675 5755,2666 5872,2658"
                         HEIGHT="133"
                         WIDTH="2361"
                         VPOS="2610"
                         HPOS="3527">
                  <String ID="string_region_1638879806333_1494l40"
                          HEIGHT="133"
                          WIDTH="2361"
                          VPOS="2610"
                          HPOS="3527"
                          CONTENT="comoditie as I wrott you off before they selling, here most for ready"/>
               </TextLine>
               <TextLine ID="region_1638879806333_1494l41"
                         BASELINE="3542,2758 3659,2754 3776,2750 3894,2750 4011,2750 4129,2750 4246,2752 4363,2754 4481,2757 4598,2760 4716,2762 4833,2764 4950,2766 5068,2768 5185,2768 5303,2766 5420,2764 5537,2760 5655,2753 5772,2745 5890,2734"
                         HEIGHT="126"
                         WIDTH="2379"
                         VPOS="2670"
                         HPOS="3526">
                  <String ID="string_region_1638879806333_1494l41"
                          HEIGHT="126"
                          WIDTH="2379"
                          VPOS="2670"
                          HPOS="3526"
                          CONTENT="mony or att 3 uso spposing the suggar are yett pleaty &amp; that the ships"/>
               </TextLine>
               <TextLine ID="region_1638879806333_1494l42"
                         BASELINE="3542,2830 3658,2830 3774,2830 3890,2830 4006,2830 4122,2832 4238,2832 4354,2832 4470,2832 4586,2834 4702,2834 4818,2834 4934,2834 5050,2834 5166,2834 5282,2834 5398,2832 5514,2832 5630,2830 5746,2828 5862,2826"
                         HEIGHT="104"
                         WIDTH="2349"
                         VPOS="2786"
                         HPOS="3526">
                  <String ID="string_region_1638879806333_1494l42"
                          HEIGHT="104"
                          WIDTH="2349"
                          VPOS="2786"
                          HPOS="3526"
                          CONTENT="from the straight arrivng, you shall finde severall sorts to content"/>
               </TextLine>
               <TextLine ID="region_1638879806333_1494l43"
                         BASELINE="3542,2904 3656,2902 3770,2902 3884,2902 3998,2902 4113,2902 4227,2904 4341,2904 4455,2906 4569,2906 4684,2906 4798,2907 4912,2908 5026,2906 5140,2906 5255,2906 5369,2904 5483,2901 5597,2898 5711,2894 5826,2888"
                         HEIGHT="96"
                         WIDTH="2314"
                         VPOS="2857"
                         HPOS="3526">
                  <String ID="string_region_1638879806333_1494l43"
                          HEIGHT="96"
                          WIDTH="2314"
                          VPOS="2857"
                          HPOS="3526"
                          CONTENT="of which itt would not be amiss if you did send now &amp; then aprice"/>
               </TextLine>
               <TextLine ID="region_1638879806333_1494l44"
                         BASELINE="3536,2972 3649,2970 3763,2968 3876,2968 3990,2968 4104,2969 4217,2970 4331,2971 4444,2972 4558,2974 4672,2974 4785,2976 4899,2976 5012,2978 5126,2978 5240,2976 5353,2976 5467,2974 5580,2972 5694,2968 5808,2964"
                         HEIGHT="91"
                         WIDTH="2302"
                         VPOS="2913"
                         HPOS="3520">
                  <String ID="string_region_1638879806333_1494l44"
                          HEIGHT="91"
                          WIDTH="2302"
                          VPOS="2913"
                          HPOS="3520"
                          CONTENT="curitt b this I wish you anhappy &amp; prosperons hew yeare &amp; many"/>
               </TextLine>
               <TextLine ID="region_1638879806333_1494l45"
                         BASELINE="3552,3052 3596,3050 3641,3050 3686,3048 3730,3048 3775,3048 3820,3048 3864,3048 3909,3048 3954,3048 3999,3048 4043,3048 4088,3048 4133,3048 4177,3046 4222,3046 4267,3044 4311,3042 4356,3039 4401,3037 4446,3032"
                         HEIGHT="117"
                         WIDTH="925"
                         VPOS="2976"
                         HPOS="3536">
                  <String ID="string_region_1638879806333_1494l45"
                          HEIGHT="117"
                          WIDTH="925"
                          VPOS="2976"
                          HPOS="3536"
                          CONTENT="following &amp; soremane"/>
               </TextLine>
               <TextLine ID="region_1638879806333_1494l46"
                         BASELINE="4924,3072 4968,3070 5013,3068 5058,3068 5103,3066 5148,3066 5192,3066 5237,3066 5282,3066 5327,3066 5372,3066 5416,3066 5461,3066 5506,3066 5551,3066 5596,3066 5640,3064 5685,3062 5730,3061 5775,3058 5820,3056"
                         HEIGHT="145"
                         WIDTH="928"
                         VPOS="2973"
                         HPOS="4907">
                  <String ID="string_region_1638879806333_1494l46"
                          HEIGHT="145"
                          WIDTH="928"
                          VPOS="2973"
                          HPOS="4907"
                          CONTENT="In Antwerp 4 Jun uary"/>
               </TextLine>
               <TextLine ID="region_1638879806333_1494l47"
                         BASELINE="4178,3106 4203,3108 4228,3110 4253,3109 4278,3102"
                         HEIGHT="88"
                         WIDTH="132"
                         VPOS="3050"
                         HPOS="4161">
                  <String ID="string_region_1638879806333_1494l47"
                          HEIGHT="88"
                          WIDTH="132"
                          VPOS="3050"
                          HPOS="4161"
                          CONTENT="th"/>
               </TextLine>
               <TextLine ID="region_1638879806333_1494l48"
                         BASELINE="3296,3120 3333,3118 3371,3116 3409,3114 3447,3113 3485,3112 3523,3112 3561,3112 3599,3112 3637,3112 3675,3112 3712,3112 3750,3112 3788,3112 3826,3112 3864,3111 3902,3110 3940,3110 3978,3108 4016,3107 4054,3104"
                         HEIGHT="153"
                         WIDTH="791"
                         VPOS="3002"
                         HPOS="3279">
                  <String ID="string_region_1638879806333_1494l48"
                          HEIGHT="153"
                          WIDTH="791"
                          VPOS="3002"
                          HPOS="3279"
                          CONTENT="London nathan tolroiwe "/>
               </TextLine>
               <TextLine ID="region_1638879806333_1494l49"
                         BASELINE="3560,3164 3675,3160 3791,3158 3906,3156 4022,3156 4137,3154 4253,3152 4368,3152 4484,3150 4599,3150 4715,3150 4830,3148 4946,3148 5061,3146 5177,3144 5292,3144 5408,3142 5523,3139 5639,3136 5754,3134 5870,3130"
                         HEIGHT="134"
                         WIDTH="2341"
                         VPOS="3054"
                         HPOS="3545">
                  <String ID="string_region_1638879806333_1494l49"
                          HEIGHT="134"
                          WIDTH="2341"
                          VPOS="3054"
                          HPOS="3545"
                          CONTENT="S in answer to yd of 21 past I do not know whj you complaine where I have the"/>
               </TextLine>
               <TextLine ID="region_1638879806333_1494l50"
                         BASELINE="3534,3210 3651,3212 3769,3214 3887,3216 4004,3216 4122,3218 4240,3218 4357,3220 4475,3220 4593,3220 4711,3220 4828,3220 4946,3218 5064,3218 5181,3216 5299,3212 5417,3210 5534,3206 5652,3202 5770,3198 5888,3192"
                         HEIGHT="111"
                         WIDTH="2385"
                         VPOS="3149"
                         HPOS="3519">
                  <String ID="string_region_1638879806333_1494l50"
                          HEIGHT="111"
                          WIDTH="2385"
                          VPOS="3149"
                          HPOS="3519"
                          CONTENT="greatest reason to be imsatisfied for ijd dealings, truely I did never exspect"/>
               </TextLine>
               <TextLine ID="region_1638879806333_1494l51"
                         BASELINE="3514,3278 3633,3274 3752,3274 3871,3272 3990,3272 4110,3272 4229,3272 4348,3274 4467,3274 4586,3274 4706,3276 4825,3276 4944,3276 5063,3276 5182,3276 5302,3274 5421,3272 5540,3268 5659,3264 5778,3260 5898,3254"
                         HEIGHT="126"
                         WIDTH="2415"
                         VPOS="3202"
                         HPOS="3498">
                  <String ID="string_region_1638879806333_1494l51"
                          HEIGHT="126"
                          WIDTH="2415"
                          VPOS="3202"
                          HPOS="3498"
                          CONTENT="such thing from you that Iw payd &amp; layd out mony to buy the goods you sent &amp; you"/>
               </TextLine>
               <TextLine ID="region_1638879806333_1494l52"
                         BASELINE="3530,3342 3648,3338 3766,3338 3885,3336 4003,3336 4122,3336 4240,3336 4358,3336 4477,3338 4595,3338 4714,3338 4832,3338 4950,3338 5069,3338 5187,3336 5306,3334 5424,3332 5542,3328 5661,3322 5779,3316 5898,3310"
                         HEIGHT="112"
                         WIDTH="2397"
                         VPOS="3264"
                         HPOS="3515">
                  <String ID="string_region_1638879806333_1494l52"
                          HEIGHT="112"
                          WIDTH="2397"
                          VPOS="3264"
                          HPOS="3515"
                          CONTENT="to demand the same valew from mee againe, where you knew that what came skort"/>
               </TextLine>
               <TextLine ID="region_1638879806333_1494l53"
                         BASELINE="3542,3406 3658,3403 3774,3400 3890,3398 4006,3398 4123,3396 4239,3396 4355,3396 4471,3396 4587,3396 4704,3396 4820,3396 4936,3396 5052,3394 5168,3394 5285,3392 5401,3389 5517,3385 5633,3382 5749,3376 5866,3370"
                         HEIGHT="106"
                         WIDTH="2355"
                         VPOS="3325"
                         HPOS="3526">
                  <String ID="string_region_1638879806333_1494l53"
                          HEIGHT="106"
                          WIDTH="2355"
                          VPOS="3325"
                          HPOS="3526"
                          CONTENT="on his accompt must come up on miyne beeng equally concerned I did not write mr. ible"/>
               </TextLine>
               <TextLine ID="region_1638879806333_1494l54"
                         BASELINE="3540,3466 3657,3464 3775,3462 3893,3461 4011,3460 4129,3460 4247,3458 4365,3458 4483,3458 4601,3458 4719,3456 4836,3456 4954,3454 5072,3452 5190,3450 5308,3448 5426,3444 5544,3440 5662,3434 5780,3428 5898,3420"
                         HEIGHT="155"
                         WIDTH="2387"
                         VPOS="3343"
                         HPOS="3526">
                  <String ID="string_region_1638879806333_1494l54"
                          HEIGHT="155"
                          WIDTH="2387"
                          VPOS="3343"
                          HPOS="3526"
                          CONTENT="that you was dead butt that some boddy told mee so which I could easely beleave for "/>
               </TextLine>
               <TextLine ID="region_1638879806333_1494l55"
                         BASELINE="3552,3538 3668,3536 3785,3533 3902,3532 4019,3530 4136,3528 4252,3526 4369,3524 4486,3524 4603,3522 4720,3520 4836,3520 4953,3518 5070,3516 5187,3514 5304,3512 5420,3510 5537,3508 5654,3506 5771,3502 5888,3498"
                         HEIGHT="140"
                         WIDTH="2368"
                         VPOS="3435"
                         HPOS="3535">
                  <String ID="string_region_1638879806333_1494l55"
                          HEIGHT="140"
                          WIDTH="2368"
                          VPOS="3435"
                          HPOS="3535"
                          CONTENT="I had advies from mr. Cole that you was sich, besides you long silence on my advise"/>
               </TextLine>
               <TextLine ID="region_1638879806333_1494l56"
                         BASELINE="3560,3608 3676,3604 3792,3602 3908,3600 4024,3598 4140,3596 4256,3596 4372,3594 4488,3594 4604,3592 4720,3592 4836,3590 4952,3590 5068,3588 5184,3586 5300,3584 5416,3582 5532,3578 5648,3574 5764,3570 5880,3566"
                         HEIGHT="108"
                         WIDTH="2349"
                         VPOS="3511"
                         HPOS="3546">
                  <String ID="string_region_1638879806333_1494l56"
                          HEIGHT="108"
                          WIDTH="2349"
                          VPOS="3511"
                          HPOS="3546"
                          CONTENT="whij: I did not accept yd bill did not a little attribute to itt whoever there fore "/>
               </TextLine>
               <TextLine ID="region_1638879806333_1494l57"
                         BASELINE="3550,3682 3667,3680 3785,3677 3903,3674 4021,3672 4139,3670 4257,3668 4375,3666 4493,3666 4611,3664 4729,3662 4846,3660 4964,3658 5082,3656 5200,3653 5318,3650 5436,3646 5554,3642 5672,3637 5790,3632 5908,3626"
                         HEIGHT="141"
                         WIDTH="2388"
                         VPOS="3573"
                         HPOS="3533">
                  <String ID="string_region_1638879806333_1494l57"
                          HEIGHT="141"
                          WIDTH="2388"
                          VPOS="3573"
                          HPOS="3533"
                          CONTENT="should not have refused to pay yd bill, had you given satisfaction to mr. Coles"/>
               </TextLine>
               <TextLine ID="region_1638879806333_1494l58"
                         BASELINE="3540,3748 3653,3744 3766,3742 3879,3739 3992,3736 4105,3736 4218,3734 4331,3732 4444,3732 4557,3730 4670,3730 4783,3728 4896,3728 5009,3726 5122,3724 5235,3722 5348,3720 5461,3718 5574,3714 5687,3710 5800,3706"
                         HEIGHT="120"
                         WIDTH="2289"
                         VPOS="3662"
                         HPOS="3526">
                  <String ID="string_region_1638879806333_1494l58"
                          HEIGHT="120"
                          WIDTH="2289"
                          VPOS="3662"
                          HPOS="3526"
                          CONTENT="for which you had time enoug sence I refused acceptance, to have don itt"/>
               </TextLine>
               <TextLine ID="region_1638879806333_1494l59"
                         BASELINE="3552,3826 3669,3819 3786,3814 3903,3810 4020,3806 4138,3804 4255,3802 4372,3802 4489,3802 4606,3802 4724,3802 4841,3802 4958,3802 5075,3802 5192,3800 5310,3800 5427,3798 5544,3796 5661,3794 5778,3790 5896,3784"
                         HEIGHT="155"
                         WIDTH="2376"
                         VPOS="3702"
                         HPOS="3536">
                  <String ID="string_region_1638879806333_1494l59"
                          HEIGHT="155"
                          WIDTH="2376"
                          VPOS="3702"
                          HPOS="3536"
                          CONTENT="before the bils was to be p. now to putt you to no more in conviency give mee yd"/>
               </TextLine>
               <TextLine ID="region_1638879806333_1494l60"
                         BASELINE="3550,3898 3666,3894 3782,3890 3899,3888 4015,3886 4132,3886 4248,3886 4364,3886 4481,3886 4597,3886 4714,3886 4830,3888 4946,3888 5063,3888 5179,3886 5296,3886 5412,3884 5528,3882 5645,3878 5761,3874 5878,3868"
                         HEIGHT="126"
                         WIDTH="2358"
                         VPOS="3811"
                         HPOS="3535">
                  <String ID="string_region_1638879806333_1494l60"
                          HEIGHT="126"
                          WIDTH="2358"
                          VPOS="3811"
                          HPOS="3535"
                          CONTENT="order &amp; I'll remitt the the valew presently to mr Cole &amp; what shall be dew to you by his"/>
               </TextLine>
               <TextLine ID="region_1638879806333_1494l61"
                         BASELINE="3526,3966 3643,3964 3761,3962 3879,3960 3996,3958 4114,3958 4232,3957 4349,3956 4467,3956 4585,3956 4703,3956 4820,3956 4938,3956 5056,3954 5173,3954 5291,3954 5409,3954 5526,3952 5644,3950 5762,3949 5880,3948"
                         HEIGHT="109"
                         WIDTH="2385"
                         VPOS="3891"
                         HPOS="3510">
                  <String ID="string_region_1638879806333_1494l61"
                          HEIGHT="109"
                          WIDTH="2385"
                          VPOS="3891"
                          HPOS="3510"
                          CONTENT="acctt. he will certainly repay you aggree with eack other that I be discharged with him "/>
               </TextLine>
               <TextLine ID="region_1638879806333_1494l62"
                         BASELINE="3524,4044 3640,4044 3756,4042 3872,4042 3988,4042 4105,4040 4221,4040 4337,4040 4453,4040 4569,4040 4686,4038 4802,4038 4918,4036 5034,4036 5150,4034 5267,4032 5383,4030 5499,4026 5615,4023 5731,4019 5848,4014"
                         HEIGHT="128"
                         WIDTH="2356"
                         VPOS="3956"
                         HPOS="3508">
                  <String ID="string_region_1638879806333_1494l62"
                          HEIGHT="128"
                          WIDTH="2356"
                          VPOS="3956"
                          HPOS="3508"
                          CONTENT="then shall I remitt erther to you or him according to order as for the concernes of "/>
               </TextLine>
               <TextLine ID="region_1638879806333_1494l63"
                         BASELINE="3644,4086 3672,4086"
                         HEIGHT="74"
                         WIDTH="60"
                         VPOS="4040"
                         HPOS="3628">
                  <String ID="string_region_1638879806333_1494l63"
                          HEIGHT="74"
                          WIDTH="60"
                          VPOS="4040"
                          HPOS="3628"
                          CONTENT=""/>
               </TextLine>
               <TextLine ID="region_1638879806333_1494l64"
                         BASELINE="3532,4128 3650,4123 3768,4119 3886,4116 4004,4114 4122,4112 4240,4110 4358,4110 4476,4110 4594,4110 4712,4108 4830,4108 4948,4108 5066,4108 5184,4108 5302,4106 5420,4105 5538,4104 5656,4100 5774,4098 5892,4094"
                         HEIGHT="117"
                         WIDTH="2392"
                         VPOS="4036"
                         HPOS="3517">
                  <String ID="string_region_1638879806333_1494l64"
                          HEIGHT="117"
                          WIDTH="2392"
                          VPOS="4036"
                          HPOS="3517"
                          CONTENT="m. Dan vivians the fruestes of George shaw fter fhouse will have ended that affeire"/>
               </TextLine>
               <TextLine ID="region_1638879806333_1494l65"
                         BASELINE="3536,4196 3653,4192 3770,4190 3887,4190 4004,4188 4121,4188 4238,4188 4355,4188 4472,4188 4589,4188 4706,4188 4823,4188 4940,4188 5057,4188 5174,4188 5291,4186 5408,4184 5525,4180 5642,4176 5759,4170 5876,4164"
                         HEIGHT="122"
                         WIDTH="2371"
                         VPOS="4104"
                         HPOS="3521">
                  <String ID="string_region_1638879806333_1494l65"
                          HEIGHT="122"
                          WIDTH="2371"
                          VPOS="4104"
                          HPOS="3521"
                          CONTENT="bj las &amp; not to re ferre itt to march &amp;yd pertije is very likely to loose itt of which "/>
               </TextLine>
               <TextLine ID="region_1638879806333_1494l66"
                         BASELINE="3534,4270 3650,4266 3766,4264 3882,4262 3999,4262 4115,4260 4231,4262 4348,4262 4464,4262 4580,4263 4697,4264 4813,4264 4929,4264 5045,4264 5162,4264 5278,4264 5394,4262 5511,4260 5627,4256 5743,4253 5860,4248"
                         HEIGHT="106"
                         WIDTH="2356"
                         VPOS="4190"
                         HPOS="3520">
                  <String ID="string_region_1638879806333_1494l66"
                          HEIGHT="106"
                          WIDTH="2356"
                          VPOS="4190"
                          HPOS="3520"
                          CONTENT="Ibeleave you will heare more very speedly &amp; so wish you an. Happy new"/>
               </TextLine>
               <TextLine ID="region_1638879806333_1494l67"
                         BASELINE="3512,4348 3543,4350 3575,4352 3607,4352 3638,4353 3670,4354 3702,4353 3733,4352 3765,4352 3797,4350 3829,4350 3860,4348 3892,4347 3924,4346 3955,4346 3987,4344 4019,4344 4050,4344 4082,4344 4114,4344 4146,4344"
                         HEIGHT="129"
                         WIDTH="665"
                         VPOS="4273"
                         HPOS="3496">
                  <String ID="string_region_1638879806333_1494l67"
                          HEIGHT="129"
                          WIDTH="665"
                          VPOS="4273"
                          HPOS="3496"
                          CONTENT="jeare &amp; Remainer"/>
               </TextLine>
            </TextBlock>
         </PrintSpace>
      </Page>
   </Layout>
</alto>
