8535 4595
1110 207 2220 127 you gave also m. Thompsens answer according to which you may god

1090 265 2276 198 yd silf, I then desired you would please to send mee an assortment of singel

1102 352 2228 166 suped ground laces, & n to make up one packett, which I could wish hen

1117 466 2232 164 this week, I have abont ƒ 450- ready in handes of m Hed de smet which

1104 541 2239 191 I shall desire hem to pay you next wetk, god in heaven mable soln

1112 623 2233 163 vale to sell you a good summe to pay pray a cvo, hach not facobur

1113 711 2194 186 mostelmans paijd you any thing yett. I exspect yd answer on

1106 858 1974 152 sptirday without faile and a packett of the desired laces

1134 952 506 141 Some craw: &

1122 1023 1132 145 some for custs non of the broadess

1136 1112 369 134 same of £6

1121 1133 1149 195 & some thumbroad for about ƒ 600

2800 1219 507 169 a 17 apl 1682

888 1299 1163 161 meuwpoort mr Michiel de vallego

1134 1355 2199 188 mijnen laesten was op 13 deser, & als dan ul gesonden t packeten EW n°. 21 voor

1124 1450 2229 163 m. Ed. wanner, dat bij ul verhope aengecomen, & voorders gesped, nu volght aen

1121 1546 2213 147 ander aen ul direet met 2 eustel p bode van Erden boy daer de ord & dispasvan m

1131 1656 1795 145 ant Bosseau mede glieft te volgen, & van den ontf. advijs geevene

2779 1724 270 121 a17 d

891 1762 868 144 Brussel in Antonj Rosseau

1121 1774 2250 237 J'ay bien reccu la vd. du 13 cot. avecq le toit sere comme aussi. celle du 16

1149 1897 2213 195 avecq les 2 petites pacquets que sont enchemince ausoindhuy ensuite de vre erd

1132 2019 2207 181 pour nieuporte & mons. Michel de valleg. j'ay donne ce soir erd mostasie

1119 2091 2229 204 sur Brussel um petit pacquuet avecq adresse d vous contenent 10 p de dantelles

1154 2192 2204 204 de me vol les quelles je ne cognirs pourt inscent que sont les vres, ce que

1145 2295 2214 179 vous sara plus capable a anger, & sien cas qu'il soient quelques une deles

1135 2391 2223 193 mienes pernn il vous plaira de me les renvoier, les aultre 3, & 3 cospors

1136 2482 2231 184 sont & moy, del un & de l'autre vous pouves senir notice, comme se faire de mopare

2786 2613 240 142 a 18d.

890 2627 781 201 London mr. Denry Collier

1153 2711 2222 194 mij last to you was on the 18th curtt. sence recd. yd of 3d., my freind mr. sabatoa

1142 2832 2224 162 att Brussels weites mee word that they say, that John vale is out of towne

1143 2910 2205 187 so as he hath been norw forme dayes, which is a vee ill signe in so much

1141 2996 2232 145 not one word of good from thence, & non apearence of any payment yett, thugh

1144 3089 2235 157 hs people told m. Sabbarton, thadt as yeasterday evening he should have been

1154 3189 2232 142 att kome, so more of that gnext. I have examined yd letters, butt I finde non

1155 3274 2248 148 where by you mentont of £100- to mr. Browne, & £100 to m. PRckering lobeuse

1161 3358 2231 203 neither do you note theire deus now, so in case they ball in aprivate hande, shall

1155 3484 2232 134 not beable to finde them, yett in such an occasion you must make shift to remitt

1144 3583 2271 156 for I am no banqer, butt with much a do hardely able enough to pay my ounes

1144 3647 2232 161 dibts, I know not what elce you may have a unning on V. butt I must

1140 3744 2216 145 advise you to provide for itt, because I know for certaine that I v. shall not, as to

1149 3833 2207 169 the concernes of I fb. I doubt them despecate, whiy can you not make a step over this

1153 3913 2189 168 snommer & take our connerey avre, & wishall cleare the rest of yd concernes, for my

1159 4002 2235 208 part if you come, about ours, wee will make an end in 2 jours time, whilst

1162 4121 2233 189 po intiom I'll make sluft to putt of yd. goods e so my rembourse have

1177 4196 2222 188 been obliged to give my bill on you for £150- s to m. actus anneslay poyd

3565 196 2452 88 VWss att 23.5 for which please to give due konos, I shought you shoild hare

3577 295 2443 79 remitted mee according to yd proise I have been obliged for some consid ecators

3579 316 2433 140 to take in my bill on you of 28 feb. which remitt this day toHM thingh itt

3578 402 1990 203 pincked meer vere much beeng extreamely necessitated for many

3428 536 798 158 London m. Aitir Anneslay

5493 565 374 130 18 aprie

3582 585 2384 184 sence my last of curt. non scom you, so this onely for coveir to the

3572 732 2402 141 iInclosed bill of £150 on m. Henry Collier att 2vs att 35.2 for which

3571 808 2423 160 please to sprocure the need full & note accordingly, I hope vere speedly to sell

3564 913 2417 153 of the rest of our goods, & to give an acct. there of, whit remises, to cleare

3562 979 671 169 that for I love to bee

5419 1039 331 154 a 18d.

3449 1079 769 161 Londen m. Benry Maynard

3578 1139 2378 181 sence my last to you of the 11th cur recd. yd 3 d. with the incloted invoyces

3589 1273 2434 168 for goods shipt for my half share in which shall give you creditt, I have not one

3567 1355 2415 176 word of news yett of klarck or Londar, though I do vere much want the goods, God

3579 1446 2442 152 send them well. pray dispatch the rest of what in ordered, finding as yett ord. for no

3562 1540 2449 172 mone, except a pack of pure good reds, of severall prijses, as formarly adviseed

3552 1625 2476 167 I am glad wee are to have the 6 11 selver marckes, if time permits, you

3557 1746 2442 147 shall have hen included the note of what I sold them att, & what they rendaed

3576 1865 2455 117 that so you may beat downe that knarsh hunnour, could wee once gett in well

3574 1974 2446 104 with the northren goods, I w hould beat hun out here for he can not serve a man

3554 2034 2428 159 for 2fb so all he hath is the goodnis of his goods, which keeps him hip, a his

3577 2142 2415 134 Enstomens inchned to pass his hinnour I did not question, butt that you was muc

3553 2231 2467 115 concerned with I V yett I hope that att a longer run, he will be able to satirfye

3554 2326 2437 141 every body, for I look upon him to be honese, butt he hath much undon in att

3553 2413 2467 144 Brussels in onr trade, I could wish he was able to sakifye every bady, & to leave

3553 2491 2411 142 the wollen trade & meddle with his wifes mothers came lot fabrique, & then fure

3550 2621 2387 126 I shall advance 4 a 5  more upowhat I shell sell att Brussels & will be no

3562 2695 2405 160 preiudice to you for I shall putt of the more goods, I have bought 2 bales of

3573 2768 2439 138 mothers for H.C. for which le desred mee to draw the valewon him as Idid

3571 2854 2419 144 & because I doubt his credit doth not increase by his bills protested ad. on SV.

3572 2964 2417 147 to tooke itt in againe a remitt itt you is due the 28h curtt for my acctt, & is

3561 3075 2435 149 the onely & last that I gave out here, I am al most cleare from hime, & then

3566 3149 2425 184 faw will my good freind, for I do not like his straights, whilst Intrim I shall

3567 3284 2461 134 endeavour to remitt you as much as por., butt i you should be straihtned vere

3567 3366 1970 137 much you know what oblig. I lave to demostrate my self

5504 3481 355 136 a 18d

3459 3476 825 170 London m. Luey knightle

3563 3587 2390 179 mij last to you wat on the 11th sur sence recd you of 31h d. accordingly

3571 3739 2375 144 to which desire you to send mee such reeds as you shall iudge the

3562 3800 2431 145 most penni wonckts, on which I do relay, whiln with my despects remaine

3588 3936 2445 114 lessort the bale if por with some of £8:10 £9.10 £10:10, & £11:10

3571 4025 738 161 toyd best likeingh
