8364 4663
1970 205 778 122 Antwerp 2 sber 1681

635 200 856 141 nieuporte Pchiel de vallego

915 306 2297 81 mons heden sende aen ul per bode van sordenbergh een dobbel packestien

904 401 2407 89 gemerckt N V franc van port daer mede te volgen d'ordre van monsr Joleph

874 437 2327 133 Sabberton van brussel boven dien een dobbel packettien g met adres aen ul

910 536 2389 79 voor dordre van monr Antoi rousseau van brussel waer voor hem het port

905 589 1556 126 gelieft te betaelen welck ul diene tot advis van

666 637 768 155 Brugge Raphael Coots

2249 660 229 150 2 ditto

907 768 2395 100 mons. sedert den mijnen van 28 passato den ul van 27 ditto becomen, de hulfe

901 858 2414 86 packen sijn ten lesten gearriveert doch op een ander tijdt soude ick wat meerder

904 941 2407 84 expeditie verwachten alsoo ick differinte van mijn callunten heb moeten laeten

901 1005 2414 92 gaen die daerom overtgecomen hadden een boort van willen kramp in voor

903 1083 2365 124 mij al noch gelaeden behalven het voordesen gementioneerde MN50 met

910 1152 101 107 5

986 1138 1606 163 spaense lakens N51 met 12 dobbel roj lakens

1695 1247 1624 128 52 met 5 witte pack lakens en ½ bayen sonder den vrope

905 1273 2402 181 hope den selven nu gearriveert is alsoo hij maindagh naer gravesande is vertrocke

891 1408 2331 123 is het saken dat ul het pack N50 aen sijn boort bevind met spaense lakens

895 1464 2412 122 soo gelieft het selve met duyterste expeditie ner waegens herwaerts te senden

901 1551 2247 100 N 95 is mij wel geworden wat wjders paseert verneme geirne blijve

625 1598 1027 147 mons laurens Francois perin

2356 1616 203 120 2 dito

904 1691 2405 143 mons selon ma derniere du 29 passato, est vostre marchandise envoye a hur

889 1786 2384 147 pour brussel a mad: de vos nour a chiminer a vous p pre dont voyr

901 1886 2367 80 la factare il ny a qui 12 a de ie coleur que iay vendu mais il y a du

892 1957 2424 139 mesne coleur, et qualite prest entre les mains des ouvriers, si vostre

887 2042 2396 106 grace le demanderoit, est quaded ils seront venu hors le pres ie vous

899 2130 2350 121 envoyere les eschantillions, entre temp, vous pouvez vous asseurer,

887 2181 2322 139 gu en tout occasions ie sacheray a vous plaire, puis que ie suis

622 2240 937 172 Brussel Andries Aerssens

2271 2265 297 129 2 ditto

908 2395 2408 114 mons gesteren was aen ul mijnen lesten, waer aen mij referere allen

887 2446 2380 129 tot couvert vonde medegaende facture vant goet aen ul vercocht ende

889 2554 2368 127 gisteren per beurtschip ul toegesonden, twijffele niet oft sal ul tot

890 2641 2340 128 condentement geworden waer in ick ul eenigen dienst kan doen gelieft

891 2678 908 133 liberlijck de commanderen

609 2730 1139 177 Brussel monr. Stephanus kouts

2288 2775 244 140 2 dito

887 2879 2433 159 mons volgens 30 passato aen ul heb ge geschreven soo hebbe gisteren

883 2961 2393 147 het pack bayen aen ul gesonden beneffens noch 3 andere van een ander

883 3061 2426 112 miester voor een monster, soo ul eenige daer van meerder beliefde bijden

896 3157 2411 111 nomber kan ul die commanderen de drij geperste ende het spaens is daer ooc

880 3227 2422 128 bij volgens de mede gaende facture hebbe mijn iek gemaeckt ten herm

863 3325 2430 116 laeck om ul soo goeden koop te dienen als het mogelijck doenelijck is

896 3380 2402 148 t' gene ul sal ondervinden bij de facture want hebbe de bayen eenen galde

891 3480 2324 92 hier stuck minder gestelt ende lakens a 55 en om dat om die swille

878 3560 2418 144 dat ick ul geen reden van clachten soude laten ende om te toonen

885 3642 2340 110 dat ick mij niet weynige winste mij vernoeght houde ick heb den ul

907 3744 2387 135 van gisteren ontfangen, waer bij verwondert ben te verstaen dat meest

897 3806 2403 132 mijn lakens aen ul vercocht te cort souden sijn, sulckkn heb ick noch

899 3899 2387 144 noyt gehoort wel wegens het laken N 26 en moet ul voor mijn rek

893 3985 2398 104 inde halle niet stellen want ten is mijn niet meer maer dat: evenwel

883 4038 2359 133 sent het mij wederom en ick sal de placken wel aythrygen ende het

901 4139 2047 121 selve leverbaer maken waer made naer groetenisse blijve

3365 183 828 167 Brussel Antoni rousseau

4579 216 837 132 Antwerp 2 sber 1682

5934 246 126 112 288

3574 326 2502 176 Monsr i'ay reccu la vostre d hier et aussi le pacquet contenent 2 petit

3620 420 2440 151 qui sont depeche au iourdhur pour meuporte a mons de vallego pour

3605 505 2441 155 suvre vostre ordre nayant pas payez le port ie receu au courdhs

3611 583 2458 174 la valleur d' un lettre de £1300- de vostre temise iespere que l'autre

3593 628 2458 163 sera paiez en son temp, entrete ie n'avreura pas le seurg de vous

3604 730 2455 175 envoyer l'aagent devant dimanche a cause qui' ie trop asfaire auiour

3597 778 2338 181 duhur & demaine a vostre gouverne sil soit possible vous aurez vostre

3618 874 1718 163 largent pour dimanche au mat in ie remaine

3361 867 729 214 Brussel Jan Jonaert

4787 1004 283 106 2 ditto

3603 1074 2453 209 mons. gisteren hebbe het vcorts laken aen ul gesonden, daer beneffens

3603 1181 2356 182 2 witte bayen voor een preuve soo eenige van de selve tot dien prijs ul

3605 1233 2414 190 aenstaen gelieft te commanderen sij syn alles genombereert, het laken

3605 1296 95 96 15

4419 1341 1134 160 N 517 9 44 a 58½ a 48 ..

5724 1393 305 132 ƒ140„8

4779 1452 1246 147 af 8 per cento rabat „ 10„16

5174 1532 876 145 sonder rabat 129 112

3595 1553 644 132 eenen witten bay

4410 1586 403 124 11 148

5807 1631 147 80 31

3611 1632 237 105 2 ditto

4397 1661 1082 139 N.10 ƒ 31140

5730 1692 301 80 „ a3:1-

5538 1733 495 111 sopen ƒ 223„12

3585 1752 2443 174 gelieft ul van die soorte minder oft hooger prijsen ul heeft maer te

3603 1815 516 122 commanderen

3361 1835 1027 204 Brussel seger vander borght

5342 1882 264 170 2 ditto

3607 2019 2421 161 mons in antwoort aen den ul van gisteren, sijn onse verse goederen

3600 2075 2427 183 maer voor gisteren ten deele gearriveert want de alder swaerste bayen

3589 2169 2418 144 sijn over rotterdam gesonden ende de selve sullen eerst de naeste weke

3578 2229 2345 167 hier wesen ick hebbe gisteren van die soork die ick ontfangen hebbe

3596 2315 2331 145 een sordement gesonden volgens hier onder ieder bij sen nomber

3604 2371 2360 163 ende soo danigen nomber als ul sal aenstaen gelieft te onsbieden want

3615 2464 2418 176 ben daer seer wel afversien en sal die cito senden tis mij leet genoeeh

3595 2537 2365 155 dat de goederen soo lanck getardeert hebben en eer coenwel te mijn

3580 2640 2419 122 faute niet ick verseher ul dat ick geen gedachten hebbe aen imans

3589 2723 2429 139 anders te vercoopen t gene voor al geordoneert is, mons aertsen

3597 2795 2427 131 can ul getaygen dat hij het goet heeft sien lossen soo dat ick geen

3599 2848 2383 151 tijdt hebbe versuynt, om eenige tot een preuve te senden die ick hope

3586 2943 2423 123 ul moogen sal hebben op dat ick ul ordre magh ontfangen van wat

3591 3018 2087 152 soorten ul gelieft te hebben waer mede naer groetenisse

3354 3071 688 164 Brussel Jan Jacops

5157 3123 314 111 2 ditto

3597 3202 2424 151 mons volgens ul ordre hebbe gisteren aen ul gesonden per beurfche

3588 3286 2315 138 5 witte bayen tot een preuve, al van eenige der selve gelievende

3576 3342 2459 170 gedent te sijn hebt maer by de nombers te commonderen, soo haest

3575 3430 2403 170 de swaere arriveren sal het ul laeten weten eenen bay  8 daer 56-

5047 3527 612 122 en een ditt N12

5475 3582 168 88 N93

5197 3596 171 115 ditto

5471 3594 537 155 N 105 a 31 ƒ 93:-

5459 3692 179 105 N 11

3570 3653 1902 194 ul iets anden connende dienen gelieft te commanderen
