8569 4595
1022 242 2371 115 voor dat haedt ontrent gent, daer seyde ul nighte dat ul 2 quartelen voor sal coope

1029 296 2339 159 1 welck ul doen can, & schrijft mij morgen met den bode, oft &  mijnen sin wel vestraet

2024 379 999 141 het gelt is in srootensƒ 300

1042 410 723 159 om geenabuys te hebben

2812 448 223 90 20

2027 469 417 151 onf. & past

2826 496 220 84 ƒ 420

1052 527 2274 181 ul moet sigh daer mede bekelven, t sal de naeste wacht de aeft seynden n ge ue ergecke

2787 647 522 152 C 20 mans 1682

873 696 844 200 Brussel m. Antoni Russeau

1081 766 2258 241 estant bien arrive icy auiourd huy a mattin, j'ay donne vre 3 packettes au

1091 911 2255 169 verschrick pour Bruges avecq stricte order de les depecher a son arrivement a Bruges

1096 984 2213 194 pour nieuwpoort comme il m'at promis, apres de main vous aurez les denselles

1106 1164 439 103 mentions

2808 1194 280 130 C 20d.

908 1213 865 169 Brussel mr. Bnard. Kensavont

1115 1253 2244 172 volgens ul adt seynde aen ul & bode het verseghte wolle blouw laken 't velck nieten

1104 1363 2276 185 twijffele oft sal ul accomodeeren, alhoewel het maen een haixken lighter is al ul stael

1107 1447 1635 203 hope ul haeft sal overcomen & bij occasie mij comande

2680 1499 374 149 ƒ 170„13 4

1124 1542 1225 167 het laken is N. 943 a 40 ¾ a 54 ¼ a 63 st

2401 1593 629 147 aƒ 8„ 13:23

2191 1674 833 158 te bet senden rabd ƒ 457:15

881 1714 753 175 Londoen mr JBany Maijnand

2834 1767 401 106 C 21 mank

1118 1853 2252 88 on the 17. curtt. remitted you £135„4.1 sch on Edward Brownes att  sicht, which I hope is come

1101 1906 2267 134 safe to hands, now shall answer yd of 27 past, as for spanish cloathes, I hope you will match

1103 1972 2248 139 the rest in ordered according to dircetions, besides them pleases to provide one bale more as many

1105 2089 2076 130 of the kayes as you can finde fitt the patt., & the rest as best you shall iudge

1107 2137 2240 166 I hope the pack whites be ready to be shipt, of each sent 10. viz of the EE yallow & WW

1102 2240 2278 113 red mark, though 5 of each will serve my turne a while. the last WW. red marchy you

1116 2298 2234 176 send mee in the bale M„N.1 were worse by 4p. then them of last yare, neither had

1129 2421 2181 138 they the usuall mark, so pray be carefull in buying, for I finde that our best proffitt

1108 2507 2227 153 depends of the will buying in. I hope the G.N. silver mary ships, which I should be gladd

1119 2568 2216 149 to understand. for the future pleases to wrapp my packes with bayes, or cottens as best

1121 2689 2213 141 you can finde pennyworths yett for a try all would have the bale, of spanish cloathes to be

1119 2783 2237 145 wrapped with 2 cloathes. which de mont did alwayes, & to goot as well from the north

1122 2867 2237 135 as london, well 200 cloathes yarly, without any charges on them, butt you must take such

1119 2973 2231 122 cullours as will not spott by the wett. I could wish to see yd northres goods here, before

1120 3068 2231 102 you should go to the north for to gov. my self accordingly, butt the latter end of may will

1096 3136 2243 125 be to late I doubt to have kersies, bayes & ilwathes here in the latter end of june, or

1117 3249 2264 140 beginning of July, as to do well, itt must be. as for the bustynes of Peeters I hope ended

1116 3333 2246 120 before now, that with remitting what is resting, I may be red of that concerne also

1125 3421 2277 120 returne you thancks that you will take care for the desined ale, which I exspect accordingly

1103 3508 2249 136 yet bills on me are accepted, & shall be duely discharged, with more remises  first

1113 3597 2256 166 I have given you credit for the goods aboard clarck & Pindan, I nept please to advise

1124 3672 2103 162 mee if Pindar shall soone depart as also what further pattes in our concernes

1110 3821 1510 97 att the end of this month you shall have acc of sale

1101 3902 2216 128 Pray a word if there be no now mode with you, here there are come a sort of clouded

1119 4009 2046 116 cullours, if you have any, send mee pat. &  amonghst them now inordered e

1124 4062 2292 172 I doubt m. Scawen wants the cottons, make. 9 demy p on 8 to each bale & 2 bales, butt

1156 4189 1441 149 take good care that not above  in one bale

5786 196 195 78 1232

3443 197 455 173 Lyen r. Wille Sealy

5207 226 776 130 C 21 march 1682 antw

3573 273 2451 197 mij last to you was on the 14 curtt. to which referre you onely that what I wanted to compleat

3575 415 2447 117 the parcell of new seeds hath cost 4 stivers att, so that itt is yett resen, & could not now compleat

3573 502 2447 137 another such parcell for ½  a pound more, I found old seed for 2 barnels more, so that there

3588 610 2414 114 is5 of new, & 7 of old, bought & sent to Bruges, which I exspect will, prove to content, coming

3567 674 2426 132 butt out of the countrey have no time to send you the acctt which p rept you may exspect, so

3576 774 2399 110 then this serves pertely in answer to yc of 28th past, where by yd order for the old seed in larger

3573 859 2432 117 then the formar, so that if por. I shall gett some more old seed, in case I can gett itt ready for

3567 977 2457 105 Ewings, the old I bought lost, is butt of 1680 & endeed many will hardely distinguish itt, or know

3568 1047 2435 111 itt of the new & is made up bey itt self in N. 11 & 12, butt will cost 2¾  at for drawing

3567 1140 2448 117 the value I'll do itt to yd most advantidge when I have all the charges payd as well at Gant

3584 1222 2404 129 as shipping att Bruges, so make itt butt one bustijnes you desire to know what a binlander

3584 1324 2439 161 of 16 a 20 ton will cost traight to come for Topsham or London, & there to be discharged, or to

3568 1405 2456 135 returnes, back for yd. actt. for Binlanders of 16 a 20 ton there is non, butt well of 16 a 20 last

3561 1522 2469 110 which is as much againe, as here there is one Cristian de wever, which is a brave seaman

3588 1600 2414 125 & hath zealands zeabr (because of the quarrell betwipt spaine & bBrandenbourgh) & nm. of

3576 1691 2417 143 George Great 20 last or 40 ton, & arkes from hence or Bruges to Topsham £60

3573 1777 2447 146 or from hence to Londen £50- for going & coming on either of thes places, if I can serve

3577 1878 2418 168 you m'any thingh, knowing yd bustijnes I doubt not, butt shall be able to give you good

3582 1969 2387 162 content in all, wel have ex. here for all places of Europe, & if you advise mee what

3582 2122 2416 89 thread you want, shall answer you the needfull, the other com you mention will not

3575 2177 849 142 in corridge now here to sell

5525 2184 264 185 @ 21 d

3474 2252 718 145 Londen m. William Scawen

3590 2318 2432 213 I have before mee yd of 3 cur. in which I am sorry to see the opinion you have of mee

3601 2437 2371 138 truly I doubt finde trade now so, that any one here can make haste to be rich, butt

3600 2551 2421 122 hath enough to do to gett living & then neither will any gaine prosper, except itt be iustly

3596 2615 2429 180 gotten, pray s lett mee not come to any degree of that nature in yd preiudice, for I should

3599 2718 2427 162 be hartely sonry for itt, so lett mee rectefie, what you finde in mee an erreur. if a trade

3607 2855 2412 131 doth not suceed to exspectation, there in wee must have pat. & bare itt equally. I am

3611 2905 2403 144 att Peeter Willart that brought over the Tnfortunate callicoes, & blame him for haveing

3607 3043 2405 114 opened one or 2 bales, where by they  disconvered, so I hope I shall make him pay

3624 3117 2387 139 something to, to help our loss, which if succeds shall be added for yd. share to the ƒ860-

3621 3226 2429 118 mentiones, & to be generous have given yd acctt curts credit for ƒ 870- is £145- flemish

3599 3326 2398 117 for the valew of which & £22- 11en due to you & ballance shall send a brave pack of

3600 3412 2411 130 tykes according to yd. dixcetion. I take notice you have bought some goods for mee

3601 3509 2405 142 I could wish you had not putt to be dyed all the browne salempores, butt send some with

3601 3585 2371 107 the whites hether, m. Maynard will gett ready 2 bales of cottons of 8 a 9 demy

3596 3677 2405 142 each, in them you may fould the blew salempores, & the white with what romales

3603 3787 2411 139 you shall buy for mee, & some dyed salempores the long cloth & the rest of the salempores

3613 3864 2421 177 dyed to come dixcetely m'a bales or 2, butt observe that in the cottons be not foalded above

3608 3979 2399 132 40ƒ in a bale except the romales which take no roome please to dispatch the goods

3616 4089 2209 133 when you can convenientley & give an acctt. of all. yd bill I have accepted
