<?xml version="1.0" encoding="UTF-8"?>
<alto xmlns:xsi="http://www.w3.org/2001/XMLSchema-instance"
      xmlns="http://www.loc.gov/standards/alto/ns-v4#"
      xmlns:page="http://schema.primaresearch.org/PAGE/gts/pagecontent/2013-07-15"
      xsi:schemaLocation="http://www.loc.gov/standards/alto/ns-v4# https://www.loc.gov/standards/alto/v4/alto.xsd">
   <Description>
      <MeasurementUnit>pixel</MeasurementUnit>
      <OCRProcessing ID="IdOcr">
         <ocrProcessingStep>
            <processingDateTime>2022-02-04T12:08:03.629+01:00</processingDateTime>
            <processingSoftware>
               <softwareCreator>READ COOP</softwareCreator>
               <softwareName>Transkribus</softwareName>
            </processingSoftware>
         </ocrProcessingStep>
      </OCRProcessing>
   </Description>
   <Layout>
      <Page ID="Page1" PHYSICAL_IMG_NR="1" HEIGHT="4642" WIDTH="8296">
         <TopMargin HEIGHT="0" WIDTH="8296" VPOS="0" HPOS="0"/>
         <LeftMargin HEIGHT="4642" WIDTH="0" VPOS="0" HPOS="0"/>
         <RightMargin HEIGHT="4642" WIDTH="0" VPOS="0" HPOS="8296"/>
         <BottomMargin HEIGHT="0" WIDTH="8296" VPOS="4642" HPOS="0"/>
         <PrintSpace HEIGHT="4642" WIDTH="8296" VPOS="0" HPOS="0">
            <TextBlock ID="region_1638960620837_7316"
                       HEIGHT="4091"
                       WIDTH="2818"
                       VPOS="138"
                       HPOS="458">
               <Shape>
                  <Polygon POINTS="458,138 3276,138 3276,4229 458,4229"/>
               </Shape>
               <TextLine ID="region_1638960620837_7316l1"
                         BASELINE="2410,332 2437,330 2465,329 2493,328 2521,328 2549,327 2577,326 2605,326 2633,324 2661,324 2689,324 2716,324 2744,324 2772,324 2800,324 2828,324 2856,324 2884,324 2912,325 2940,326 2968,328"
                         HEIGHT="155"
                         WIDTH="589"
                         VPOS="227"
                         HPOS="2395">
                  <String ID="string_region_1638960620837_7316l1"
                          HEIGHT="155"
                          WIDTH="589"
                          VPOS="227"
                          HPOS="2395"
                          CONTENT="C 20 8b: 1682"/>
               </TextLine>
               <TextLine ID="region_1638960620837_7316l2"
                         BASELINE="554,354 589,351 625,349 661,348 697,346 733,344 768,344 804,342 840,342 876,342 912,342 947,342 983,342 1019,342 1055,342 1091,342 1126,344 1162,344 1198,344 1234,344 1270,346"
                         HEIGHT="176"
                         WIDTH="749"
                         VPOS="232"
                         HPOS="538">
                  <String ID="string_region_1638960620837_7316l2"
                          HEIGHT="176"
                          WIDTH="749"
                          VPOS="232"
                          HPOS="538"
                          CONTENT="Brussel M huijsmans"/>
               </TextLine>
               <TextLine ID="region_1638960620837_7316l3"
                         BASELINE="764,472 885,472 1006,472 1128,472 1249,470 1371,470 1492,468 1613,467 1735,466 1856,464 1978,462 2099,462 2220,460 2342,460 2463,460 2585,460 2706,460 2827,462 2949,464 3070,466 3192,470"
                         HEIGHT="148"
                         WIDTH="2462"
                         VPOS="346"
                         HPOS="747">
                  <String ID="string_region_1638960620837_7316l3"
                          HEIGHT="148"
                          WIDTH="2462"
                          VPOS="346"
                          HPOS="747"
                          CONTENT="hebbe volgens ul ad. aen m. van Homborge getelt op 15 deser £300- als volgens memoiie"/>
               </TextLine>
               <TextLine ID="region_1638960620837_7316l4"
                         BASELINE="764,570 885,574 1006,576 1127,576 1248,576 1369,576 1490,576 1611,574 1732,572 1853,570 1974,568 2095,566 2216,564 2337,562 2458,562 2579,560 2700,560 2821,562 2942,564 3063,566 3184,570"
                         HEIGHT="108"
                         WIDTH="2452"
                         VPOS="510"
                         HPOS="749">
                  <String ID="string_region_1638960620837_7316l4"
                          HEIGHT="108"
                          WIDTH="2452"
                          VPOS="510"
                          HPOS="749"
                          CONTENT="van de spetie daer benevens sijnde, sedert hebbe ontf voor d'ordinantie door ul aen mij"/>
               </TextLine>
               <TextLine ID="region_1638960620837_7316l5"
                         BASELINE="758,682 877,682 996,682 1116,680 1235,680 1355,678 1474,678 1593,676 1713,674 1832,673 1952,671 2071,670 2190,668 2310,666 2429,664 2549,664 2668,662 2787,662 2907,660 3026,660 3146,660"
                         HEIGHT="147"
                         WIDTH="2418"
                         VPOS="592"
                         HPOS="743">
                  <String ID="string_region_1638960620837_7316l5"
                          HEIGHT="147"
                          WIDTH="2418"
                          VPOS="592"
                          HPOS="743"
                          CONTENT="ter sans gestelt vand H. d'almarga ƒ3500-, soo sien ul ond te gemiet voor tel"/>
               </TextLine>
               <TextLine ID="region_1638960620837_7316l6"
                         BASELINE="772,784 848,782 925,782 1002,782 1079,782 1156,780 1233,780 1310,780 1387,780 1464,780 1541,778 1617,778 1694,776 1771,776 1848,774 1925,772 2002,770 2079,766 2156,762 2233,759 2310,754"
                         HEIGHT="159"
                         WIDTH="1570"
                         VPOS="685"
                         HPOS="756">
                  <String ID="string_region_1638960620837_7316l6"
                          HEIGHT="159"
                          WIDTH="1570"
                          VPOS="685"
                          HPOS="756"
                          CONTENT="surphhis, hebbende present geen oed van gelt costi e"/>
               </TextLine>
               <TextLine ID="region_1638960620837_7316l7"
                         BASELINE="2598,888 2625,886 2652,887 2679,888 2707,890 2734,890 2761,892 2788,892 2816,890"
                         HEIGHT="177"
                         WIDTH="252"
                         VPOS="785"
                         HPOS="2582">
                  <String ID="string_region_1638960620837_7316l7"
                          HEIGHT="177"
                          WIDTH="252"
                          VPOS="785"
                          HPOS="2582"
                          CONTENT="20 d"/>
               </TextLine>
               <TextLine ID="region_1638960620837_7316l8"
                         BASELINE="556,886 589,887 622,888 655,888 688,890 721,890 754,891 787,892 820,893 853,894 887,894 920,896 953,897 986,898 1019,901 1052,902 1085,904 1118,907 1151,909 1184,913 1218,916"
                         HEIGHT="208"
                         WIDTH="701"
                         VPOS="774"
                         HPOS="538">
                  <String ID="string_region_1638960620837_7316l8"
                          HEIGHT="208"
                          WIDTH="701"
                          VPOS="774"
                          HPOS="538"
                          CONTENT="Brussel ant Rousseau "/>
               </TextLine>
               <TextLine ID="region_1638960620837_7316l9"
                         BASELINE="746,1012 867,1016 989,1020 1110,1022 1232,1022 1354,1024 1475,1024 1597,1022 1718,1022 1840,1020 1962,1018 2083,1016 2205,1014 2326,1012 2448,1010 2570,1008 2691,1008 2813,1006 2934,1006 3056,1006 3178,1006"
                         HEIGHT="158"
                         WIDTH="2461"
                         VPOS="892"
                         HPOS="731">
                  <String ID="string_region_1638960620837_7316l9"
                          HEIGHT="158"
                          WIDTH="2461"
                          VPOS="892"
                          HPOS="731"
                          CONTENT="J'ay negotie ansourd duy ere lerre sur Parn, estant £500- a 96 avcc mr. arnoldo"/>
               </TextLine>
               <TextLine ID="region_1638960620837_7316l10"
                         BASELINE="770,1118 892,1120 1014,1122 1136,1122 1258,1122 1380,1122 1502,1120 1624,1120 1746,1117 1868,1114 1991,1112 2113,1110 2235,1108 2357,1106 2479,1104 2601,1102 2723,1102 2845,1100 2967,1102 3089,1102 3212,1104"
                         HEIGHT="122"
                         WIDTH="2474"
                         VPOS="1025"
                         HPOS="754">
                  <String ID="string_region_1638960620837_7316l10"
                          HEIGHT="122"
                          WIDTH="2474"
                          VPOS="1025"
                          HPOS="754"
                          CONTENT="doclaert, pour le quil vous avez credit in £200- vls, &amp; aussi pour vre led. sur mon "/>
               </TextLine>
               <TextLine ID="region_1638960620837_7316l11"
                         BASELINE="758,1228 881,1228 1005,1230 1129,1230 1253,1230 1377,1229 1500,1228 1624,1226 1748,1226 1872,1224 1996,1222 2119,1220 2243,1218 2367,1216 2491,1214 2615,1212 2738,1210 2862,1208 2986,1208 3110,1206 3234,1206"
                         HEIGHT="128"
                         WIDTH="2506"
                         VPOS="1143"
                         HPOS="743">
                  <String ID="string_region_1638960620837_7316l11"
                          HEIGHT="128"
                          WIDTH="2506"
                          VPOS="1143"
                          HPOS="743"
                          CONTENT="deanfaere naen £61:9„ 5, pour la lettre a la clarge de m. lunden ƒ. 200 £50"/>
               </TextLine>
               <TextLine ID="region_1638960620837_7316l12"
                         BASELINE="770,1340 892,1342 1014,1344 1136,1344 1258,1344 1381,1344 1503,1342 1625,1341 1747,1339 1869,1336 1992,1334 2114,1330 2236,1328 2358,1324 2480,1322 2603,1318 2725,1316 2847,1314 2969,1310 3091,1308 3214,1306"
                         HEIGHT="125"
                         WIDTH="2476"
                         VPOS="1241"
                         HPOS="752">
                  <String ID="string_region_1638960620837_7316l12"
                          HEIGHT="125"
                          WIDTH="2476"
                          VPOS="1241"
                          HPOS="752"
                          CONTENT="ensemble £341„9:5, la clange sur Paris oft fort bas, on a fait an fondy &amp;"/>
               </TextLine>
               <TextLine ID="region_1638960620837_7316l13"
                         BASELINE="782,1444 888,1446 994,1448 1100,1450 1206,1450 1313,1451 1419,1452 1525,1452 1631,1450 1737,1450 1844,1448 1950,1446 2056,1444 2162,1442 2268,1438 2375,1434 2481,1429 2587,1424 2693,1420 2799,1413 2906,1406"
                         HEIGHT="137"
                         WIDTH="2155"
                         VPOS="1341"
                         HPOS="766">
                  <String ID="string_region_1638960620837_7316l13"
                          HEIGHT="137"
                          WIDTH="2155"
                          VPOS="1341"
                          HPOS="766"
                          CONTENT="dier a 95½ aveue, &amp; seuleir. 95 a 2 vsance, ce que vous serve d'advis de "/>
               </TextLine>
               <TextLine ID="region_1638960620837_7316l14"
                         BASELINE="2694,1548 2719,1550 2744,1551 2769,1549 2794,1547 2819,1546 2844,1548 2870,1552"
                         HEIGHT="120"
                         WIDTH="207"
                         VPOS="1465"
                         HPOS="2678">
                  <String ID="string_region_1638960620837_7316l14"
                          HEIGHT="120"
                          WIDTH="207"
                          VPOS="1465"
                          HPOS="2678"
                          CONTENT="20d."/>
               </TextLine>
               <TextLine ID="region_1638960620837_7316l15"
                         BASELINE="582,1578 620,1574 659,1572 698,1570 737,1569 776,1568 814,1568 853,1568 892,1568 931,1568 970,1568 1008,1568 1047,1568 1086,1570 1125,1570 1164,1570 1202,1570 1241,1570 1280,1570 1319,1570 1358,1570"
                         HEIGHT="188"
                         WIDTH="808"
                         VPOS="1457"
                         HPOS="567">
                  <String ID="string_region_1638960620837_7316l15"
                          HEIGHT="188"
                          WIDTH="808"
                          VPOS="1457"
                          HPOS="567"
                          CONTENT="Brussel Joseps Sabbarton"/>
               </TextLine>
               <TextLine ID="region_1638960620837_7316l16"
                         BASELINE="806,1672 927,1674 1049,1674 1171,1676 1293,1678 1415,1680 1536,1684 1658,1686 1780,1689 1902,1692 2024,1694 2145,1698 2267,1700 2389,1702 2511,1704 2633,1704 2754,1704 2876,1704 2998,1702 3120,1700 3242,1698"
                         HEIGHT="133"
                         WIDTH="2469"
                         VPOS="1614"
                         HPOS="789">
                  <String ID="string_region_1638960620837_7316l16"
                          HEIGHT="133"
                          WIDTH="2469"
                          VPOS="1614"
                          HPOS="789"
                          CONTENT="according to yd. of yeasterday do exspect the stuffs then in mentioned, which whit"/>
               </TextLine>
               <TextLine ID="region_1638960620837_7316l17"
                         BASELINE="800,1774 920,1776 1041,1779 1162,1782 1282,1786 1403,1790 1524,1793 1644,1797 1765,1800 1886,1804 2007,1806 2127,1808 2248,1810 2369,1810 2489,1810 2610,1810 2731,1808 2851,1804 2972,1800 3093,1794 3214,1788"
                         HEIGHT="148"
                         WIDTH="2447"
                         VPOS="1712"
                         HPOS="784">
                  <String ID="string_region_1638960620837_7316l17"
                          HEIGHT="148"
                          WIDTH="2447"
                          VPOS="1712"
                          HPOS="784"
                          CONTENT="rec. shall be slowne so sale with all por indeavour. this cheefly to desire you"/>
               </TextLine>
               <TextLine ID="region_1638960620837_7316l18"
                         BASELINE="800,1886 922,1886 1044,1887 1166,1890 1288,1892 1410,1895 1532,1898 1654,1901 1776,1905 1898,1908 2020,1910 2142,1914 2264,1915 2386,1916 2508,1916 2630,1914 2752,1912 2874,1907 2996,1902 3118,1894 3240,1884"
                         HEIGHT="159"
                         WIDTH="2474"
                         VPOS="1826"
                         HPOS="783">
                  <String ID="string_region_1638960620837_7316l18"
                          HEIGHT="159"
                          WIDTH="2474"
                          VPOS="1826"
                          HPOS="783"
                          CONTENT="to send mee towands shiesday morning sime laces of thim I desired, because then "/>
               </TextLine>
               <TextLine ID="region_1638960620837_7316l19"
                         BASELINE="764,1988 889,1994 1014,1998 1139,2004 1264,2006 1390,2010 1515,2012 1640,2014 1765,2014 1890,2016 2016,2016 2141,2016 2266,2016 2391,2015 2516,2014 2642,2012 2767,2010 2892,2008 3017,2006 3142,2003 3268,2000"
                         HEIGHT="191"
                         WIDTH="2536"
                         VPOS="1896"
                         HPOS="748">
                  <String ID="string_region_1638960620837_7316l19"
                          HEIGHT="191"
                          WIDTH="2536"
                          VPOS="1896"
                          HPOS="748"
                          CONTENT="is ayaght sor Eng exspected every coum att Rotterdam, lett one or 2 of ingtteyy"/>
               </TextLine>
               <TextLine ID="region_1638960620837_7316l20"
                         BASELINE="780,2110 902,2113 1024,2116 1146,2119 1268,2122 1391,2124 1513,2126 1635,2128 1757,2130 1879,2130 2002,2131 2124,2132 2246,2132 2368,2130 2490,2129 2613,2128 2735,2125 2857,2122 2979,2118 3101,2112 3224,2108"
                         HEIGHT="166"
                         WIDTH="2474"
                         VPOS="2035"
                         HPOS="765">
                  <String ID="string_region_1638960620837_7316l20"
                          HEIGHT="166"
                          WIDTH="2474"
                          VPOS="2035"
                          HPOS="765"
                          CONTENT="be by, of no less then ½ a yd. broad send my what you lave ready, though"/>
               </TextLine>
               <TextLine ID="region_1638960620837_7316l21"
                         BASELINE="774,2226 896,2226 1019,2228 1141,2228 1264,2230 1386,2232 1509,2234 1631,2236 1754,2238 1876,2240 1999,2242 2121,2242 2244,2244 2366,2244 2489,2242 2611,2240 2734,2238 2856,2234 2979,2229 3101,2222 3224,2216"
                         HEIGHT="140"
                         WIDTH="2484"
                         VPOS="2153"
                         HPOS="757">
                  <String ID="string_region_1638960620837_7316l21"
                          HEIGHT="140"
                          WIDTH="2484"
                          VPOS="2153"
                          HPOS="757"
                          CONTENT="itt slould be butt for ƒ300- provided I can be well asforted &amp; served, &amp; the rest"/>
               </TextLine>
               <TextLine ID="region_1638960620837_7316l22"
                         BASELINE="786,2336 863,2333 940,2330 1017,2328 1094,2328 1171,2328 1248,2329 1325,2330 1402,2332 1479,2334 1556,2338 1633,2340 1710,2342 1787,2344 1864,2346 1941,2346 2018,2346 2095,2346 2172,2344 2249,2342 2326,2338"
                         HEIGHT="172"
                         WIDTH="1570"
                         VPOS="2248"
                         HPOS="771">
                  <String ID="string_region_1638960620837_7316l22"
                          HEIGHT="172"
                          WIDTH="1570"
                          VPOS="2248"
                          HPOS="771"
                          CONTENT="towarde mnday monning noot to ge  rest"/>
               </TextLine>
               <TextLine ID="region_1638960620837_7316l23"
                         BASELINE="572,2468 609,2462 647,2458 685,2454 723,2452 761,2450 798,2449 836,2448 874,2446 912,2446 950,2446 987,2446 1025,2446 1063,2446 1101,2446 1139,2446 1176,2446 1214,2446 1252,2446 1290,2444 1328,2444"
                         HEIGHT="175"
                         WIDTH="788"
                         VPOS="2338"
                         HPOS="555">
                  <String ID="string_region_1638960620837_7316l23"
                          HEIGHT="175"
                          WIDTH="788"
                          VPOS="2338"
                          HPOS="555"
                          CONTENT="Mons Piere Menant"/>
               </TextLine>
               <TextLine ID="region_1638960620837_7316l24"
                         BASELINE="2758,2460 2786,2458 2814,2459 2842,2461 2870,2465 2898,2467 2926,2468 2954,2468"
                         HEIGHT="128"
                         WIDTH="236"
                         VPOS="2375"
                         HPOS="2740">
                  <String ID="string_region_1638960620837_7316l24"
                          HEIGHT="128"
                          WIDTH="236"
                          VPOS="2375"
                          HPOS="2740"
                          CONTENT="20d"/>
               </TextLine>
               <TextLine ID="region_1638960620837_7316l25"
                         BASELINE="794,2552 916,2552 1038,2550 1160,2548 1282,2546 1404,2544 1526,2543 1648,2542 1770,2540 1892,2538 2015,2536 2137,2534 2259,2532 2381,2532 2503,2530 2625,2529 2747,2528 2869,2528 2991,2526 3113,2526 3236,2526"
                         HEIGHT="143"
                         WIDTH="2474"
                         VPOS="2434"
                         HPOS="779">
                  <String ID="string_region_1638960620837_7316l25"
                          HEIGHT="143"
                          WIDTH="2474"
                          VPOS="2434"
                          HPOS="779"
                          CONTENT="ayant este quelqe temps sor de la ville, j je n'ay pas respondu les rs, en treteny "/>
               </TextLine>
               <TextLine ID="region_1638960620837_7316l26"
                         BASELINE="790,2662 911,2660 1033,2656 1154,2654 1276,2652 1397,2649 1519,2648 1640,2646 1762,2644 1883,2642 2005,2640 2126,2639 2248,2638 2369,2636 2491,2634 2612,2632 2734,2630 2855,2628 2977,2624 3098,2622 3220,2618"
                         HEIGHT="181"
                         WIDTH="2461"
                         VPOS="2553"
                         HPOS="775">
                  <String ID="string_region_1638960620837_7316l26"
                          HEIGHT="181"
                          WIDTH="2461"
                          VPOS="2553"
                          HPOS="775"
                          CONTENT="Jay rceu la valeur de vrre leture de ƒ1650-, laisse moy scavoir combien vous voules"/>
               </TextLine>
               <TextLine ID="region_1638960620837_7316l27"
                         BASELINE="792,2764 914,2760 1036,2758 1158,2754 1280,2752 1403,2750 1525,2748 1647,2748 1769,2746 1891,2746 2014,2744 2136,2744 2258,2742 2380,2742 2502,2742 2625,2740 2747,2740 2869,2738 2991,2738 3113,2736 3236,2734"
                         HEIGHT="171"
                         WIDTH="2478"
                         VPOS="2655"
                         HPOS="775">
                  <String ID="string_region_1638960620837_7316l27"
                          HEIGHT="171"
                          WIDTH="2478"
                          VPOS="2655"
                          HPOS="775"
                          CONTENT="que je vous fairay contires a mons lois du cette parke, &amp; je fera ½  aure"/>
               </TextLine>
               <TextLine ID="region_1638960620837_7316l28"
                         BASELINE="794,2880 915,2874 1036,2869 1157,2864 1279,2860 1400,2858 1521,2856 1643,2854 1764,2852 1885,2852 2007,2852 2128,2850 2249,2850 2370,2850 2492,2850 2613,2850 2734,2850 2856,2850 2977,2850 3098,2850 3220,2850"
                         HEIGHT="137"
                         WIDTH="2458"
                         VPOS="2801"
                         HPOS="778">
                  <String ID="string_region_1638960620837_7316l28"
                          HEIGHT="137"
                          WIDTH="2458"
                          VPOS="2801"
                          HPOS="778"
                          CONTENT="Je vous peu adviser de rester ancor ces vous quilque temp environ I jours, car"/>
               </TextLine>
               <TextLine ID="region_1638960620837_7316l29"
                         BASELINE="790,2978 900,2978 1010,2978 1120,2976 1230,2974 1340,2974 1450,2972 1560,2970 1670,2968 1780,2967 1891,2966 2001,2964 2111,2962 2221,2962 2331,2961 2441,2960 2551,2960 2661,2960 2771,2960 2881,2962 2992,2964"
                         HEIGHT="145"
                         WIDTH="2233"
                         VPOS="2896"
                         HPOS="773">
                  <String ID="string_region_1638960620837_7316l29"
                          HEIGHT="145"
                          WIDTH="2233"
                          VPOS="2896"
                          HPOS="773"
                          CONTENT="pour alos la gran assortemens sara prest dont je vous adviseray en semp"/>
               </TextLine>
               <TextLine ID="region_1638960620837_7316l30"
                         BASELINE="554,3132 598,3126 643,3119 687,3114 732,3108 777,3104 821,3101 866,3099 910,3096 955,3094 1000,3094 1044,3094 1089,3092 1133,3092 1178,3094 1223,3094 1267,3094 1312,3096 1356,3096 1401,3098 1446,3100"
                         HEIGHT="169"
                         WIDTH="927"
                         VPOS="2994"
                         HPOS="534">
                  <String ID="string_region_1638960620837_7316l30"
                          HEIGHT="169"
                          WIDTH="927"
                          VPOS="2994"
                          HPOS="534"
                          CONTENT="Mons nicolas Templar "/>
               </TextLine>
               <TextLine ID="region_1638960620837_7316l31"
                         BASELINE="2712,3124 2739,3121 2766,3117 2793,3114 2820,3112 2847,3110 2874,3106 2901,3104 2928,3104 2955,3104 2982,3104 3010,3106"
                         HEIGHT="138"
                         WIDTH="333"
                         VPOS="3016"
                         HPOS="2694">
                  <String ID="string_region_1638960620837_7316l31"
                          HEIGHT="138"
                          WIDTH="333"
                          VPOS="3016"
                          HPOS="2694"
                          CONTENT="C20 d"/>
               </TextLine>
               <TextLine ID="region_1638960620837_7316l32"
                         BASELINE="798,3218 920,3214 1042,3212 1164,3210 1286,3208 1408,3206 1530,3206 1652,3206 1774,3208 1896,3208 2018,3210 2140,3212 2262,3212 2384,3214 2506,3216 2628,3216 2750,3218 2872,3218 2994,3218 3116,3218 3238,3216"
                         HEIGHT="215"
                         WIDTH="2471"
                         VPOS="3057"
                         HPOS="783">
                  <String ID="string_region_1638960620837_7316l32"
                          HEIGHT="215"
                          WIDTH="2471"
                          VPOS="3057"
                          HPOS="783"
                          CONTENT="len rssponce a l'agreable m du  . je vous assenre que vous rouvezez bs"/>
               </TextLine>
               <TextLine ID="region_1638960620837_7316l33"
                         BASELINE="798,3326 920,3322 1043,3318 1166,3315 1288,3314 1411,3312 1534,3310 1656,3310 1779,3310 1902,3310 2025,3310 2147,3312 2270,3312 2393,3314 2515,3314 2638,3316 2761,3318 2883,3318 3006,3320 3129,3320 3252,3322"
                         HEIGHT="158"
                         WIDTH="2486"
                         VPOS="3231"
                         HPOS="783">
                  <String ID="string_region_1638960620837_7316l33"
                          HEIGHT="158"
                          WIDTH="2486"
                          VPOS="3231"
                          HPOS="783"
                          CONTENT="may tout vr. affortens, quand il vous plaira me faire l'lonneur de venir tout "/>
               </TextLine>
               <TextLine ID="region_1638960620837_7316l34"
                         BASELINE="804,3436 926,3434 1048,3432 1170,3430 1292,3428 1415,3428 1537,3426 1659,3424 1781,3424 1903,3422 2026,3422 2148,3422 2270,3422 2392,3422 2514,3422 2637,3422 2759,3422 2881,3423 3003,3424 3125,3426 3248,3428"
                         HEIGHT="153"
                         WIDTH="2474"
                         VPOS="3338"
                         HPOS="790">
                  <String ID="string_region_1638960620837_7316l34"
                          HEIGHT="153"
                          WIDTH="2474"
                          VPOS="3338"
                          HPOS="790"
                          CONTENT="leque je ne mancqueray pas de vous service bien le sidelem.. jlay vre ausony"/>
               </TextLine>
               <TextLine ID="region_1638960620837_7316l35"
                         BASELINE="814,3550 934,3549 1055,3548 1176,3548 1297,3548 1418,3548 1538,3546 1659,3546 1780,3546 1901,3545 2022,3544 2142,3544 2263,3542 2384,3542 2505,3540 2626,3540 2746,3538 2867,3538 2988,3536 3109,3534 3230,3534"
                         HEIGHT="179"
                         WIDTH="2446"
                         VPOS="3420"
                         HPOS="799">
                  <String ID="string_region_1638960620837_7316l35"
                          HEIGHT="179"
                          WIDTH="2446"
                          VPOS="3420"
                          HPOS="799"
                          CONTENT="sur n t seln vm ar. £400- payables al ad. de mr Jaeq. Triviee"/>
               </TextLine>
               <TextLine ID="region_1638960620837_7316l36"
                         BASELINE="600,3682 637,3678 674,3676 711,3674 748,3672 785,3672 822,3670 859,3670 896,3668 933,3668 971,3668 1008,3667 1045,3666 1082,3666 1119,3666 1156,3664 1193,3664 1230,3662 1267,3661 1304,3660 1342,3656"
                         HEIGHT="182"
                         WIDTH="776"
                         VPOS="3553"
                         HPOS="581">
                  <String ID="string_region_1638960620837_7316l36"
                          HEIGHT="182"
                          WIDTH="776"
                          VPOS="3553"
                          HPOS="581"
                          CONTENT="Mons Jaeq. Jawier"/>
               </TextLine>
               <TextLine ID="region_1638960620837_7316l37"
                         BASELINE="2670,3714 2696,3712 2722,3711 2749,3707 2775,3705 2801,3703 2828,3701 2854,3700 2880,3700 2907,3701 2933,3705 2960,3712"
                         HEIGHT="189"
                         WIDTH="325"
                         VPOS="3571"
                         HPOS="2651">
                  <String ID="string_region_1638960620837_7316l37"
                          HEIGHT="189"
                          WIDTH="325"
                          VPOS="3571"
                          HPOS="2651"
                          CONTENT="C20d."/>
               </TextLine>
               <TextLine ID="region_1638960620837_7316l38"
                         BASELINE="798,3792 919,3790 1041,3788 1163,3788 1284,3788 1406,3788 1528,3788 1649,3788 1771,3788 1893,3788 2015,3790 2136,3790 2258,3792 2380,3792 2501,3794 2623,3794 2745,3794 2866,3796 2988,3796 3110,3796 3232,3796"
                         HEIGHT="183"
                         WIDTH="2468"
                         VPOS="3671"
                         HPOS="781">
                  <String ID="string_region_1638960620837_7316l38"
                          HEIGHT="183"
                          WIDTH="2468"
                          VPOS="3671"
                          HPOS="781"
                          CONTENT="M'ayant ancomes de vr. g. Crespondde, I'epere la continnchou de vd recovallen"/>
               </TextLine>
               <TextLine ID="region_1638960620837_7316l39"
                         BASELINE="820,3894 940,3892 1060,3890 1180,3890 1301,3888 1421,3888 1541,3888 1662,3888 1782,3888 1902,3888 2023,3888 2143,3888 2263,3888 2383,3888 2504,3888 2624,3888 2744,3886 2865,3886 2985,3884 3105,3882 3226,3880"
                         HEIGHT="166"
                         WIDTH="2436"
                         VPOS="3801"
                         HPOS="804">
                  <String ID="string_region_1638960620837_7316l39"
                          HEIGHT="166"
                          WIDTH="2436"
                          VPOS="3801"
                          HPOS="804"
                          CONTENT="dont je seray bien aise d'attendre le bon shcel. entretemp p ord de m Timpler "/>
               </TextLine>
               <TextLine ID="region_1638960620837_7316l40"
                         BASELINE="800,4008 919,4006 1038,4004 1157,4002 1276,4000 1396,3996 1515,3994 1634,3990 1753,3988 1872,3986 1992,3982 2111,3980 2230,3980 2349,3978 2468,3978 2588,3978 2707,3980 2826,3982 2945,3986 3064,3990 3184,3996"
                         HEIGHT="160"
                         WIDTH="2419"
                         VPOS="3900"
                         HPOS="782">
                  <String ID="string_region_1638960620837_7316l40"
                          HEIGHT="160"
                          WIDTH="2419"
                          VPOS="3900"
                          HPOS="782"
                          CONTENT="je vous envoye ma lesde sur luy pour ƒ600- ayant aecen lavaleur, fait moy lag."/>
               </TextLine>
               <TextLine ID="region_1638960620837_7316l41"
                         BASELINE="808,4126 846,4124 885,4122 924,4121 963,4120 1002,4120 1040,4120 1079,4120 1118,4120 1157,4120 1196,4120 1234,4122 1273,4122 1312,4122 1351,4124 1390,4124 1428,4124 1467,4124 1506,4124 1545,4124 1584,4124"
                         HEIGHT="186"
                         WIDTH="808"
                         VPOS="4010"
                         HPOS="792">
                  <String ID="string_region_1638960620837_7316l41"
                          HEIGHT="186"
                          WIDTH="808"
                          VPOS="4010"
                          HPOS="792"
                          CONTENT="de me remetre (veue "/>
               </TextLine>
               <TextLine ID="region_1638960620837_7316l42"
                         BASELINE="1694,4146 1719,4148 1744,4142"
                         HEIGHT="75"
                         WIDTH="86"
                         VPOS="4086"
                         HPOS="1675">
                  <String ID="string_region_1638960620837_7316l42"
                          HEIGHT="75"
                          WIDTH="86"
                          VPOS="4086"
                          HPOS="1675"
                          CONTENT="2"/>
               </TextLine>
            </TextBlock>
            <TextBlock ID="region_1638960624741_7319"
                       HEIGHT="4177"
                       WIDTH="2696"
                       VPOS="145"
                       HPOS="3297">
               <Shape>
                  <Polygon POINTS="3297,145 5993,173 5993,4322 3297,4294"/>
               </Shape>
               <TextLine ID="region_1638960624741_7319l1"
                         BASELINE="3338,296 3371,295 3404,294 3437,292 3470,292 3503,292 3536,290 3569,290 3602,290 3635,290 3668,292 3701,292 3734,294 3767,294 3800,295 3833,296 3866,298 3899,300 3932,302 3965,304 3998,306"
                         HEIGHT="131"
                         WIDTH="693"
                         VPOS="208"
                         HPOS="3321">
                  <String ID="string_region_1638960624741_7319l1"
                          HEIGHT="131"
                          WIDTH="693"
                          VPOS="208"
                          HPOS="3321"
                          CONTENT="London Abram Vivian "/>
               </TextLine>
               <TextLine ID="region_1638960624741_7319l2"
                         BASELINE="5870,298 5895,300 5920,297 5945,297 5970,302"
                         HEIGHT="119"
                         WIDTH="132"
                         VPOS="238"
                         HPOS="5854">
                  <String ID="string_region_1638960624741_7319l2"
                          HEIGHT="119"
                          WIDTH="132"
                          VPOS="238"
                          HPOS="5854"
                          CONTENT="234"/>
               </TextLine>
               <TextLine ID="region_1638960624741_7319l3"
                         BASELINE="5086,332 5111,330 5136,329 5161,328 5186,327 5211,326 5236,326 5261,325 5286,324 5311,324 5336,324 5361,324 5386,324 5411,324 5436,324 5461,325 5486,326"
                         HEIGHT="175"
                         WIDTH="433"
                         VPOS="222"
                         HPOS="5068">
                  <String ID="string_region_1638960624741_7319l3"
                          HEIGHT="175"
                          WIDTH="433"
                          VPOS="222"
                          HPOS="5068"
                          CONTENT="a 21 8b 1682"/>
               </TextLine>
               <TextLine ID="region_1638960624741_7319l4"
                         BASELINE="3528,390 3649,390 3770,391 3891,392 4012,394 4133,398 4254,400 4375,404 4496,407 4617,410 4738,414 4859,418 4980,421 5101,424 5222,427 5343,430 5464,432 5585,432 5706,434 5827,434 5948,432"
                         HEIGHT="126"
                         WIDTH="2452"
                         VPOS="309"
                         HPOS="3511">
                  <String ID="string_region_1638960624741_7319l4"
                          HEIGHT="126"
                          WIDTH="2452"
                          VPOS="309"
                          HPOS="3511"
                          CONTENT="My last to you was onthe 1p courtt. sence recd yd of 2 &amp; 6 curtt, marmaich suiss is arrived"/>
               </TextLine>
               <TextLine ID="region_1638960624741_7319l5"
                         BASELINE="3544,478 3665,478 3786,478 3908,480 4029,482 4151,485 4272,488 4393,492 4515,496 4636,500 4758,504 4879,508 5000,512 5122,516 5243,519 5365,522 5486,524 5607,526 5729,526 5850,526 5972,526"
                         HEIGHT="141"
                         WIDTH="2460"
                         VPOS="430"
                         HPOS="3527">
                  <String ID="string_region_1638960624741_7319l5"
                          HEIGHT="141"
                          WIDTH="2460"
                          VPOS="430"
                          HPOS="3527"
                          CONTENT="&amp; the bale n. 70 witl mee sence yeasterday, &amp; sold presentley pout of itt, I finde no raison"/>
               </TextLine>
               <TextLine ID="region_1638960624741_7319l6"
                         BASELINE="3530,574 3650,574 3770,574 3890,576 4010,577 4130,579 4250,582 4370,584 4490,588 4610,592 4731,596 4851,600 4971,605 5091,609 5211,614 5331,618 5451,622 5571,626 5691,628 5811,632 5932,634"
                         HEIGHT="107"
                         WIDTH="2435"
                         VPOS="540"
                         HPOS="3513">
                  <String ID="string_region_1638960624741_7319l6"
                          HEIGHT="107"
                          WIDTH="2435"
                          VPOS="540"
                          HPOS="3513"
                          CONTENT="to complaine of m. Potters doing, onely the cloth must be prest as much in the bock as "/>
               </TextLine>
               <TextLine ID="region_1638960624741_7319l7"
                         BASELINE="3534,676 3654,674 3774,674 3894,674 4015,676 4135,678 4255,680 4376,682 4496,686 4616,690 4737,694 4857,698 4977,702 5097,706 5218,710 5338,714 5458,718 5579,722 5699,726 5819,728 5940,730"
                         HEIGHT="162"
                         WIDTH="2440"
                         VPOS="606"
                         HPOS="3518">
                  <String ID="string_region_1638960624741_7319l7"
                          HEIGHT="162"
                          WIDTH="2440"
                          VPOS="606"
                          HPOS="3518"
                          CONTENT="towards the lists, le also sends the bayes in good condition, I have not one. by mee "/>
               </TextLine>
               <TextLine ID="region_1638960624741_7319l8"
                         BASELINE="3512,768 3635,768 3758,768 3881,768 4004,768 4127,770 4250,772 4373,776 4496,778 4619,782 4742,786 4865,790 4988,795 5111,800 5234,805 5357,812 5480,817 5603,824 5726,829 5849,836 5972,844"
                         HEIGHT="168"
                         WIDTH="2496"
                         VPOS="716"
                         HPOS="3495">
                  <String ID="string_region_1638960624741_7319l8"
                          HEIGHT="168"
                          WIDTH="2496"
                          VPOS="716"
                          HPOS="3495"
                          CONTENT="fram in great want for goods of all sorts, and if Pindar brings not the desired paxcelle "/>
               </TextLine>
               <TextLine ID="region_1638960624741_7319l9"
                         BASELINE="3516,876 3637,870 3758,868 3879,866 4000,866 4121,868 4242,870 4363,874 4484,878 4605,882 4726,888 4847,892 4968,898 5089,903 5210,908 5331,912 5452,916 5573,918 5694,920 5815,922 5936,922"
                         HEIGHT="133"
                         WIDTH="2455"
                         VPOS="826"
                         HPOS="3498">
                  <String ID="string_region_1638960624741_7319l9"
                          HEIGHT="133"
                          WIDTH="2455"
                          VPOS="826"
                          HPOS="3498"
                          CONTENT="do not knw wat to do, besides I must Istreat you to dispatch Pindar, though wee "/>
               </TextLine>
               <TextLine ID="region_1638960624741_7319l10"
                         BASELINE="3500,972 3621,968 3742,966 3863,966 3984,966 4106,968 4227,972 4348,974 4469,978 4590,984 4712,988 4833,993 4954,998 5075,1002 5196,1007 5318,1012 5439,1015 5560,1018 5681,1020 5802,1020 5924,1020"
                         HEIGHT="142"
                         WIDTH="2457"
                         VPOS="922"
                         HPOS="3483">
                  <String ID="string_region_1638960624741_7319l10"
                          HEIGHT="142"
                          WIDTH="2457"
                          VPOS="922"
                          HPOS="3483"
                          CONTENT="I could allow un t0 s5 stivers of choth more, to be gon full, or not full, for in case "/>
               </TextLine>
               <TextLine ID="region_1638960624741_7319l11"
                         BASELINE="3528,1058 3650,1056 3772,1056 3894,1058 4016,1060 4139,1062 4261,1065 4383,1068 4505,1072 4627,1076 4750,1080 4872,1084 4994,1089 5116,1093 5238,1096 5361,1100 5483,1103 5605,1104 5727,1106 5849,1108 5972,1108"
                         HEIGHT="133"
                         WIDTH="2478"
                         VPOS="1003"
                         HPOS="3511">
                  <String ID="string_region_1638960624741_7319l11"
                          HEIGHT="133"
                          WIDTH="2478"
                          VPOS="1003"
                          HPOS="3511"
                          CONTENT="le mistayes 14 yett, itt shall be a great preiudice toour trade, I finde the snvoyce "/>
               </TextLine>
               <TextLine ID="region_1638960624741_7319l12"
                         BASELINE="3510,1162 3633,1160 3756,1160 3879,1160 4002,1160 4125,1162 4248,1163 4371,1166 4494,1169 4617,1172 4740,1176 4863,1180 4986,1185 5109,1188 5232,1192 5355,1196 5478,1200 5601,1204 5724,1206 5847,1208 5970,1210"
                         HEIGHT="138"
                         WIDTH="2491"
                         VPOS="1077"
                         HPOS="3495">
                  <String ID="string_region_1638960624741_7319l12"
                          HEIGHT="138"
                          WIDTH="2491"
                          VPOS="1077"
                          HPOS="3495"
                          CONTENT="of the 2 bales of bayes so content, by that Pindar is gen you must not be idle, butt "/>
               </TextLine>
               <TextLine ID="region_1638960624741_7319l13"
                         BASELINE="3514,1258 3636,1256 3759,1254 3882,1256 4005,1256 4128,1258 4251,1260 4374,1264 4497,1266 4620,1270 4743,1274 4865,1278 4988,1282 5111,1286 5234,1290 5357,1293 5480,1296 5603,1300 5726,1302 5849,1302 5972,1304"
                         HEIGHT="140"
                         WIDTH="2492"
                         VPOS="1215"
                         HPOS="3499">
                  <String ID="string_region_1638960624741_7319l13"
                          HEIGHT="140"
                          WIDTH="2492"
                          VPOS="1215"
                          HPOS="3499"
                          CONTENT="provide toe bayes att least for the ship that will follow tim, assorted from 31, ta 48ƒ,"/>
               </TextLine>
               <TextLine ID="region_1638960624741_7319l14"
                         BASELINE="3528,1350 3649,1350 3770,1351 3891,1352 4012,1354 4134,1357 4255,1360 4376,1363 4497,1366 4618,1370 4740,1372 4861,1376 4982,1380 5103,1382 5224,1385 5346,1388 5467,1390 5588,1390 5709,1392 5830,1392 5952,1392"
                         HEIGHT="166"
                         WIDTH="2457"
                         VPOS="1244"
                         HPOS="3512">
                  <String ID="string_region_1638960624741_7319l14"
                          HEIGHT="166"
                          WIDTH="2457"
                          VPOS="1244"
                          HPOS="3512"
                          CONTENT="you may, if you plaise lett y. new man do something now &amp; then in cloth onely, all "/>
               </TextLine>
               <TextLine ID="region_1638960624741_7319l15"
                         BASELINE="3518,1454 3639,1454 3761,1452 3883,1452 4004,1454 4126,1455 4248,1458 4369,1460 4491,1462 4613,1466 4735,1468 4856,1472 4978,1474 5100,1478 5221,1481 5343,1484 5465,1486 5586,1488 5708,1488 5830,1488 5952,1488"
                         HEIGHT="136"
                         WIDTH="2466"
                         VPOS="1412"
                         HPOS="3502">
                  <String ID="string_region_1638960624741_7319l15"
                          HEIGHT="136"
                          WIDTH="2466"
                          VPOS="1412"
                          HPOS="3502"
                          CONTENT="hept spaing. I have accepted yd bills for £300- for my acctt &amp; do not quission, butt "/>
               </TextLine>
               <TextLine ID="region_1638960624741_7319l16"
                         BASELINE="3522,1556 3645,1554 3768,1552 3891,1553 4015,1554 4138,1556 4261,1559 4385,1563 4508,1566 4631,1570 4755,1575 4878,1580 5001,1584 5124,1588 5248,1593 5371,1596 5494,1600 5618,1602 5741,1606 5864,1606 5988,1606"
                         HEIGHT="176"
                         WIDTH="2495"
                         VPOS="1464"
                         HPOS="3506">
                  <String ID="string_region_1638960624741_7319l16"
                          HEIGHT="176"
                          WIDTH="2495"
                          VPOS="1464"
                          HPOS="3506"
                          CONTENT="that will be sustitient, tbill next month, for then I loye to be a remitter, thee is no"/>
               </TextLine>
               <TextLine ID="region_1638960624741_7319l17"
                         BASELINE="3512,1658 3633,1656 3754,1656 3875,1656 3996,1656 4118,1658 4239,1660 4360,1662 4481,1666 4602,1670 4724,1674 4845,1677 4966,1682 5087,1685 5208,1688 5330,1692 5451,1695 5572,1698 5693,1700 5814,1700 5936,1702"
                         HEIGHT="149"
                         WIDTH="2457"
                         VPOS="1613"
                         HPOS="3497">
                  <String ID="string_region_1638960624741_7319l17"
                          HEIGHT="149"
                          WIDTH="2457"
                          VPOS="1613"
                          HPOS="3497"
                          CONTENT="schip now in loading for Rotterdam att Hull, so that all what comes in time must"/>
               </TextLine>
               <TextLine ID="region_1638960624741_7319l18"
                         BASELINE="3528,1758 3647,1756 3766,1754 3886,1754 4005,1754 4125,1756 4244,1758 4363,1760 4483,1762 4602,1765 4722,1768 4841,1771 4960,1774 5080,1778 5199,1780 5319,1784 5438,1788 5557,1790 5677,1792 5796,1794 5916,1796"
                         HEIGHT="108"
                         WIDTH="2418"
                         VPOS="1709"
                         HPOS="3512">
                  <String ID="string_region_1638960624741_7319l18"
                          HEIGHT="108"
                          WIDTH="2418"
                          VPOS="1709"
                          HPOS="3512"
                          CONTENT="gea board Bindar, oneles there habbened a vessel for Rrotterdam ready to tayle "/>
               </TextLine>
               <TextLine ID="region_1638960624741_7319l19"
                         BASELINE="3534,1870 3652,1866 3771,1862 3890,1860 4009,1858 4128,1858 4246,1858 4365,1860 4484,1862 4603,1864 4722,1867 4840,1870 4959,1873 5078,1876 5197,1878 5316,1880 5434,1882 5553,1884 5672,1884 5791,1884 5910,1882"
                         HEIGHT="130"
                         WIDTH="2409"
                         VPOS="1803"
                         HPOS="3518">
                  <String ID="string_region_1638960624741_7319l19"
                          HEIGHT="130"
                          WIDTH="2409"
                          VPOS="1803"
                          HPOS="3518"
                          CONTENT="I observe what you say about the mary yaglt: I have no pictures for you ready"/>
               </TextLine>
               <TextLine ID="region_1638960624741_7319l20"
                         BASELINE="3514,1972 3636,1967 3759,1962 3882,1958 4005,1956 4128,1956 4251,1956 4374,1958 4497,1960 4620,1962 4743,1964 4865,1968 4988,1972 5111,1974 5234,1978 5357,1980 5480,1982 5603,1984 5726,1984 5849,1984 5972,1982"
                         HEIGHT="136"
                         WIDTH="2490"
                         VPOS="1919"
                         HPOS="3499">
                  <String ID="string_region_1638960624741_7319l20"
                          HEIGHT="136"
                          WIDTH="2490"
                          VPOS="1919"
                          HPOS="3499"
                          CONTENT="brutt if I can gett any to yd order itt shall be don, to come by the yaght, if not they"/>
               </TextLine>
               <TextLine ID="region_1638960624741_7319l21"
                         BASELINE="3514,2066 3635,2064 3756,2064 3877,2064 3999,2064 4120,2064 4241,2066 4363,2068 4484,2070 4605,2073 4727,2076 4848,2078 4969,2080 5090,2083 5212,2086 5333,2087 5454,2088 5576,2090 5697,2090 5818,2090 5940,2088"
                         HEIGHT="162"
                         WIDTH="2459"
                         VPOS="1997"
                         HPOS="3497">
                  <String ID="string_region_1638960624741_7319l21"
                          HEIGHT="162"
                          WIDTH="2459"
                          VPOS="1997"
                          HPOS="3497"
                          CONTENT="shall be provided for an ether opportunite, whilst I long to know what passes in the "/>
               </TextLine>
               <TextLine ID="region_1638960624741_7319l22"
                         BASELINE="3502,2160 3529,2159 3557,2158 3584,2158 3612,2158 3639,2160 3667,2160 3694,2160 3722,2160 3749,2162 3777,2162 3804,2164 3832,2164 3859,2165 3887,2166 3914,2167 3942,2168 3969,2168 3997,2169 4024,2170 4052,2170"
                         HEIGHT="126"
                         WIDTH="584"
                         VPOS="2088"
                         HPOS="3486">
                  <String ID="string_region_1638960624741_7319l22"
                          HEIGHT="126"
                          WIDTH="584"
                          VPOS="2088"
                          HPOS="3486"
                          CONTENT="north &amp; nemain "/>
               </TextLine>
               <TextLine ID="region_1638960624741_7319l23"
                         BASELINE="3326,2266 3357,2264 3389,2261 3421,2259 3453,2258 3485,2256 3517,2256 3549,2256 3581,2256 3613,2256 3645,2256 3676,2256 3708,2256 3740,2257 3772,2258 3804,2258 3836,2258 3868,2260 3900,2260 3932,2260 3964,2260"
                         HEIGHT="219"
                         WIDTH="667"
                         VPOS="2110"
                         HPOS="3311">
                  <String ID="string_region_1638960624741_7319l23"
                          HEIGHT="219"
                          WIDTH="667"
                          VPOS="2110"
                          HPOS="3311"
                          CONTENT="Londen Henry Maynard"/>
               </TextLine>
               <TextLine ID="region_1638960624741_7319l24"
                         BASELINE="5486,2274 5511,2276 5536,2276 5562,2276 5587,2274 5612,2274 5638,2272 5663,2270 5688,2270 5714,2270"
                         HEIGHT="158"
                         WIDTH="263"
                         VPOS="2176"
                         HPOS="5466">
                  <String ID="string_region_1638960624741_7319l24"
                          HEIGHT="158"
                          WIDTH="263"
                          VPOS="2176"
                          HPOS="5466"
                          CONTENT="21 d"/>
               </TextLine>
               <TextLine ID="region_1638960624741_7319l25"
                         BASELINE="3528,2354 3645,2354 3762,2354 3880,2356 3997,2358 4115,2360 4232,2362 4349,2365 4467,2368 4584,2370 4702,2374 4819,2377 4936,2380 5054,2382 5171,2386 5289,2388 5406,2390 5523,2392 5641,2394 5758,2395 5876,2396"
                         HEIGHT="162"
                         WIDTH="2382"
                         VPOS="2245"
                         HPOS="3510">
                  <String ID="string_region_1638960624741_7319l25"
                          HEIGHT="162"
                          WIDTH="2382"
                          VPOS="2245"
                          HPOS="3510"
                          CONTENT="mij last to you was on the 14 curtt to which isserre you, principally recomminding the "/>
               </TextLine>
               <TextLine ID="region_1638960624741_7319l26"
                         BASELINE="3528,2448 3648,2446 3768,2446 3888,2448 4008,2448 4129,2450 4249,2452 4369,2455 4489,2458 4609,2460 4730,2464 4850,2466 4970,2468 5090,2471 5210,2474 5331,2474 5451,2476 5571,2478 5691,2478 5811,2478 5932,2476"
                         HEIGHT="127"
                         WIDTH="2435"
                         VPOS="2401"
                         HPOS="3513">
                  <String ID="string_region_1638960624741_7319l26"
                          HEIGHT="127"
                          WIDTH="2435"
                          VPOS="2401"
                          HPOS="3513"
                          CONTENT="providing of the goods shere in specified, &amp; lett the bale of fine cloathes be all fine, thoug"/>
               </TextLine>
               <TextLine ID="region_1638960624741_7319l27"
                         BASELINE="3526,2540 3646,2542 3767,2543 3888,2544 4009,2546 4130,2547 4251,2548 4372,2550 4493,2552 4614,2554 4735,2556 4855,2557 4976,2558 5097,2561 5218,2564 5339,2566 5460,2568 5581,2570 5702,2573 5823,2576 5944,2578"
                         HEIGHT="107"
                         WIDTH="2449"
                         VPOS="2497"
                         HPOS="3511">
                  <String ID="string_region_1638960624741_7319l27"
                          HEIGHT="107"
                          WIDTH="2449"
                          VPOS="2497"
                          HPOS="3511"
                          CONTENT="Enstreed of 12 well 15 a 16 p for I lave not one P. by mee, neghet not the pack weites "/>
               </TextLine>
               <TextLine ID="region_1638960624741_7319l28"
                         BASELINE="3526,2640 3647,2640 3769,2640 3891,2640 4013,2640 4135,2640 4256,2642 4378,2644 4500,2645 4622,2646 4744,2648 4865,2650 4987,2652 5109,2654 5231,2656 5353,2657 5474,2658 5596,2660 5718,2660 5840,2662 5962,2662"
                         HEIGHT="176"
                         WIDTH="2468"
                         VPOS="2551"
                         HPOS="3509">
                  <String ID="string_region_1638960624741_7319l28"
                          HEIGHT="176"
                          WIDTH="2468"
                          VPOS="2551"
                          HPOS="3509"
                          CONTENT="there inexsprested, for all them I want and the o.N silva mares of 35 a 36 yd as the"/>
               </TextLine>
               <TextLine ID="region_1638960624741_7319l29"
                         BASELINE="3508,2740 3629,2738 3750,2736 3871,2736 3992,2736 4113,2737 4234,2738 4355,2741 4476,2742 4597,2746 4719,2748 4840,2751 4961,2754 5082,2757 5203,2760 5324,2762 5445,2764 5566,2764 5687,2764 5808,2764 5930,2764"
                         HEIGHT="155"
                         WIDTH="2457"
                         VPOS="2674"
                         HPOS="3490">
                  <String ID="string_region_1638960624741_7319l29"
                          HEIGHT="155"
                          WIDTH="2457"
                          VPOS="2674"
                          HPOS="3490"
                          CONTENT="gust wee sadd, for the sesuits have refused to take the last &amp; will not lave them, they"/>
               </TextLine>
               <TextLine ID="region_1638960624741_7319l30"
                         BASELINE="3502,2842 3622,2838 3743,2836 3863,2836 3984,2836 4104,2836 4225,2836 4345,2838 4466,2840 4586,2842 4707,2844 4827,2846 4948,2849 5068,2852 5189,2854 5309,2856 5430,2858 5550,2860 5671,2860 5791,2862 5912,2862"
                         HEIGHT="99"
                         WIDTH="2443"
                         VPOS="2795"
                         HPOS="3486">
                  <String ID="string_region_1638960624741_7319l30"
                          HEIGHT="99"
                          WIDTH="2443"
                          VPOS="2795"
                          HPOS="3486"
                          CONTENT="beeng to thin . I doubt kent is to tard for in then in, because I lave seen this somme"/>
               </TextLine>
               <TextLine ID="region_1638960624741_7319l31"
                         BASELINE="3510,2944 3631,2940 3752,2938 3874,2936 3995,2936 4117,2936 4238,2936 4359,2937 4481,2938 4602,2940 4724,2943 4845,2946 4966,2949 5088,2952 5209,2954 5331,2958 5452,2962 5573,2964 5695,2968 5816,2971 5938,2974"
                         HEIGHT="172"
                         WIDTH="2459"
                         VPOS="2855"
                         HPOS="3496">
                  <String ID="string_region_1638960624741_7319l31"
                          HEIGHT="172"
                          WIDTH="2459"
                          VPOS="2855"
                          HPOS="3496"
                          CONTENT="Rootendael Gad a bale of 5 &amp; of the tune sort, which the sosuis took alfo, &amp; if I must"/>
               </TextLine>
               <TextLine ID="region_1638960624741_7319l32"
                         BASELINE="3510,3038 3631,3034 3752,3030 3873,3028 3994,3028 4116,3026 4237,3026 4358,3028 4479,3029 4600,3032 4722,3034 4843,3037 4964,3041 5085,3044 5206,3050 5328,3054 5449,3058 5570,3063 5691,3068 5812,3074 5934,3078"
                         HEIGHT="130"
                         WIDTH="2455"
                         VPOS="2972"
                         HPOS="3494">
                  <String ID="string_region_1638960624741_7319l32"
                          HEIGHT="130"
                          WIDTH="2455"
                          VPOS="2972"
                          HPOS="3494"
                          CONTENT="loose hem, I'll wmitt mij latt bos ef anger, for I can not abide to be ontdon besides"/>
               </TextLine>
               <TextLine ID="region_1638960624741_7319l33"
                         BASELINE="3518,3138 3639,3132 3761,3128 3883,3124 4005,3122 4127,3122 4249,3122 4371,3124 4493,3125 4615,3128 4737,3131 4858,3136 4980,3140 5102,3145 5224,3150 5346,3156 5468,3162 5590,3167 5712,3174 5834,3178 5956,3184"
                         HEIGHT="149"
                         WIDTH="2470"
                         VPOS="3062"
                         HPOS="3502">
                  <String ID="string_region_1638960624741_7319l33"
                          HEIGHT="149"
                          WIDTH="2470"
                          VPOS="3062"
                          HPOS="3502"
                          CONTENT="mey will langgs att mee. lett mee lave  vere first one bale of wlite cottons from"/>
               </TextLine>
               <TextLine ID="region_1638960624741_7319l34"
                         BASELINE="3528,3234 3646,3234 3764,3232 3883,3232 4001,3232 4120,3233 4238,3234 4356,3236 4475,3237 4593,3240 4712,3242 4830,3245 4948,3248 5067,3252 5185,3256 5304,3260 5422,3266 5540,3272 5659,3278 5777,3284 5896,3290"
                         HEIGHT="147"
                         WIDTH="2400"
                         VPOS="3175"
                         HPOS="3512">
                  <String ID="string_region_1638960624741_7319l34"
                          HEIGHT="147"
                          WIDTH="2400"
                          VPOS="3175"
                          HPOS="3512"
                          CONTENT="20 to 22 pence i good, and one bale from 22 to 25, also 16 fises of severall "/>
               </TextLine>
               <TextLine ID="region_1638960624741_7319l35"
                         BASELINE="3518,3338 3636,3335 3755,3334 3874,3332 3993,3332 4112,3332 4231,3332 4350,3334 4469,3336 4588,3339 4707,3342 4825,3346 4944,3349 5063,3354 5182,3358 5301,3364 5420,3368 5539,3373 5658,3378 5777,3382 5896,3388"
                         HEIGHT="168"
                         WIDTH="2413"
                         VPOS="3253"
                         HPOS="3500">
                  <String ID="string_region_1638960624741_7319l35"
                          HEIGHT="168"
                          WIDTH="2413"
                          VPOS="3253"
                          HPOS="3500"
                          CONTENT="culleurs some browne and most light lovely drap vul, butt the browne must be"/>
               </TextLine>
               <TextLine ID="region_1638960624741_7319l36"
                         BASELINE="3528,3442 3648,3440 3768,3438 3888,3436 4008,3436 4128,3438 4248,3438 4368,3440 4488,3443 4608,3446 4728,3450 4848,3452 4968,3457 5088,3461 5208,3465 5328,3470 5448,3474 5568,3478 5688,3481 5808,3484 5928,3488"
                         HEIGHT="153"
                         WIDTH="2432"
                         VPOS="3389"
                         HPOS="3512">
                  <String ID="string_region_1638960624741_7319l36"
                          HEIGHT="153"
                          WIDTH="2432"
                          VPOS="3389"
                          HPOS="3512"
                          CONTENT="draps to, for all the faises must be draps cullours, the lightest as thes patt. and made"/>
               </TextLine>
               <TextLine ID="region_1638960624741_7319l37"
                         BASELINE="3512,3540 3632,3540 3752,3542 3873,3544 3993,3546 4114,3548 4234,3551 4354,3554 4475,3558 4595,3560 4716,3564 4836,3568 4956,3572 5077,3576 5197,3580 5318,3584 5438,3588 5558,3591 5679,3594 5799,3598 5920,3602"
                         HEIGHT="193"
                         WIDTH="2443"
                         VPOS="3461"
                         HPOS="3495">
                  <String ID="string_region_1638960624741_7319l37"
                          HEIGHT="193"
                          WIDTH="2443"
                          VPOS="3461"
                          HPOS="3495"
                          CONTENT="up 2P. in one as for merly, gett also 8 a 10 wanshins whlite bayes, of the green"/>
               </TextLine>
               <TextLine ID="region_1638960624741_7319l38"
                         BASELINE="3512,3644 3631,3644 3750,3646 3869,3646 3988,3649 4108,3652 4227,3655 4346,3658 4465,3662 4584,3667 4704,3672 4823,3676 4942,3680 5061,3685 5180,3690 5300,3693 5419,3698 5538,3700 5657,3704 5776,3706 5896,3708"
                         HEIGHT="178"
                         WIDTH="2418"
                         VPOS="3555"
                         HPOS="3493">
                  <String ID="string_region_1638960624741_7319l38"
                          HEIGHT="178"
                          WIDTH="2418"
                          VPOS="3555"
                          HPOS="3493"
                          CONTENT="and gallon streepken to be made up amonghst the prises to be one pack, which "/>
               </TextLine>
               <TextLine ID="region_1638960624741_7319l39"
                         BASELINE="3524,3752 3643,3752 3763,3753 3882,3754 4002,3756 4122,3758 4241,3762 4361,3766 4480,3770 4600,3774 4720,3778 4839,3782 4959,3787 5078,3792 5198,3796 5318,3800 5437,3804 5557,3808 5676,3810 5796,3814 5916,3816"
                         HEIGHT="112"
                         WIDTH="2425"
                         VPOS="3705"
                         HPOS="3507">
                  <String ID="string_region_1638960624741_7319l39"
                          HEIGHT="112"
                          WIDTH="2425"
                          VPOS="3705"
                          HPOS="3507"
                          CONTENT="pray dispasch I fust: I wender Ie have non from you, yett to lope that the goods "/>
               </TextLine>
               <TextLine ID="region_1638960624741_7319l40"
                         BASELINE="3520,3860 3638,3858 3756,3858 3874,3858 3992,3858 4111,3860 4229,3864 4347,3866 4465,3870 4583,3874 4702,3878 4820,3882 4938,3887 5056,3891 5174,3896 5293,3900 5411,3904 5529,3907 5647,3910 5765,3914 5884,3916"
                         HEIGHT="166"
                         WIDTH="2397"
                         VPOS="3809"
                         HPOS="3504">
                  <String ID="string_region_1638960624741_7319l40"
                          HEIGHT="166"
                          WIDTH="2397"
                          VPOS="3809"
                          HPOS="3504"
                          CONTENT="in the north are read, by this ame for Bindar, &amp; that ie will saile vere first "/>
               </TextLine>
               <TextLine ID="region_1638960624741_7319l41"
                         BASELINE="3550,3964 3667,3962 3785,3962 3903,3962 4021,3962 4139,3963 4257,3965 4375,3968 4493,3970 4611,3974 4729,3978 4846,3982 4964,3986 5082,3990 5200,3995 5318,4000 5436,4005 5554,4010 5672,4014 5790,4019 5908,4024"
                         HEIGHT="124"
                         WIDTH="2390"
                         VPOS="3903"
                         HPOS="3532">
                  <String ID="string_region_1638960624741_7319l41"
                          HEIGHT="124"
                          WIDTH="2390"
                          VPOS="3903"
                          HPOS="3532"
                          CONTENT="of which exspect yd advise. observe the frises not toexceed 4:2 2 yd, rather"/>
               </TextLine>
               <TextLine ID="region_1638960624741_7319l42"
                         BASELINE="3520,4070 3626,4070 3732,4068 3838,4068 3944,4068 4051,4070 4157,4070 4263,4072 4369,4074 4475,4076 4582,4078 4688,4082 4794,4084 4900,4088 5006,4091 5113,4095 5219,4098 5325,4102 5431,4106 5537,4110 5644,4114"
                         HEIGHT="183"
                         WIDTH="2157"
                         VPOS="3978"
                         HPOS="3503">
                  <String ID="string_region_1638960624741_7319l42"
                          HEIGHT="183"
                          WIDTH="2157"
                          VPOS="3978"
                          HPOS="3503"
                          CONTENT="less, &amp; the swanskins as best you can lave them good white and broad"/>
               </TextLine>
               <TextLine ID="region_1638960624741_7319l43"
                         BASELINE="3556,4194 3641,4190 3727,4186 3812,4183 3898,4180 3984,4178 4069,4178 4155,4176 4240,4176 4326,4176 4412,4178 4497,4178 4583,4180 4668,4183 4754,4186 4840,4189 4925,4192 5011,4196 5096,4200 5182,4204 5268,4210"
                         HEIGHT="188"
                         WIDTH="1742"
                         VPOS="4089"
                         HPOS="3541">
                  <String ID="string_region_1638960624741_7319l43"
                          HEIGHT="188"
                          WIDTH="1742"
                          VPOS="4089"
                          HPOS="3541"
                          CONTENT="I lave sent fonward a packett n°. 22, on the 18k curtt"/>
               </TextLine>
            </TextBlock>
         </PrintSpace>
      </Page>
   </Layout>
</alto>
