8576 4595
2692 235 593 145 a 7 mar 30 1682

833 251 926 180 Londen m. Jenry Colles

1143 350 2067 177 mij last 6 to you was on the 28th past sence recd. yd of 21h deso, I ane

1156 437 2186 149 altogheter ridd of the 2 bales from Bulst, so that onely you have to expert the

1145 541 2203 133 2 fine bales, which waigh in all 2282 td, & for wwich all rabate deducted I have

1150 638 2191 136 payd ƒ 811:17½ this mony, as you shall finde by the acctt p neyt, intending to ship

1125 705 2213 187 them for Rotterdam according to yor order to Sam back for you, John Buttor told

1133 843 2052 128 mee I must make a & rapper about the bales of canvas, which will be don

1143 869 2222 170 there is no apearence of the mathers to sall here, butt rather to use, for they will

1142 1026 2212 104 not sell them that are here under ƒ40-, & the dyens do give itt I am sorry you

1139 1105 2206 126 should gett not by that com., what you have exspected, yett sure yd gaine must be

1131 1173 2243 174 vere well, forthey shall not fall this yeare. Thepiod can nott gett his mony fom

1124 1282 980 139 TH. he sayes you must pay itt

2870 1341 240 112 a 3d.

886 1352 687 146 London mr. John Loyd

1124 1396 2232 205 I have before mee yd. of 16 past, I observe that you had receaved the tykes, & that you

1124 1552 2212 116 was proftened 5 p a g. less for the ¼ 3 seales, then they stand you in. I hope better

1133 1618 2240 121 things, for itt is imposible to buy them here for lest mony, yeasterdag I had severnes

1133 1728 2195 115 syhe maeckers, & bought some, butt thy generall compleaire, that they can not live, &

1136 1785 2213 168 that yearnes is a rising, so pray make the best of itt to keep trade in beeng. wee have

1144 1906 2176 132 now examined yd. yearne, & wee finde that the white is not fitt for tykes, itt beeng

1135 1985 2219 162 made up with a blew stuff, so that I doubt I must seld that for some other ise

1151 2084 2241 134 other wise the bundells, & browne yarne is well ordered, yett I have sold itt upon condition

1150 2192 2200 117 that they shall aye with one bindell of white, if they can gett out the blew, then itt

1149 2313 2207 108 shall be sold for 24 p a bos, the browne is sold & delivered 100 bos att 20½  and

1138 2384 2238 141 the bruynswip att ƒ4:10 the bundell, to be payd with tykes, att the ordinary banter rate

1138 2464 796 129 which is ½ 2 seales att ƒ7-

1375 2531 615 160 ½ grent loot ƒ 9-

1366 2641 616 132 2 sealen ƒ 9-

1362 2736 637 126 ½ gxentlead  ƒ 11-

1349 2820 619 118 ½ 3 sealen . ƒ 14-

1352 2892 615 130 2¼ 2 sealen  ƒ11-

1338 2982 629 141 great lead. ƒ 14-

1337 3062 627 136 3 seulen  ƒ 17-

1342 3150 586 126 £ 2 seales & reed loot ƒ 17-

1368 3233 586 143 3 segels . ƒ 28

1127 3315 2185 152 if you can finde yd. acctt. I shall be able to sett oft great quantitres, butt all tleser

1121 3430 2273 122 yarne, either browne or white ned, if now you could dispatch a good parcell of browne so be

1107 3525 2275 101 here this month or within is att funthest to be whitened here, itt would sell presenthy

1115 3601 2249 142 for mes thinckes they have the best minde for bruvne att this season, or that which is

1134 3723 2249 118 whitened in ulisir, a goad., as do the pictures I am glad them I sent give content shall

1135 3779 1804 153 provide the others you now desire, my thanckes for accepting my bill

2946 3859 241 132 a 7d.

901 3875 810 156 Londeon mr. Aenry Maijnand

1132 3982 2276 160 mij last ts you was on the 4 sur. sence non from you onely yd bill of 27 past en mee att

1145 4039 2273 183 vos for £400- att 35„6 which I supose y for my acctt haveing no advise from you, yett shall

1129 4160 2270 122 accept itt, butt for then future failen not to give advise, when you draw in mee, pray be vere

1125 4256 2277 116 carefull in buying the spanissh cloathes, fors wee loose severall customens by selling them

1120 4302 2307 160 that are en handes, as amonghst others haptined this day, & I feare to gett a badd name

3579 202 2430 128 by them, avoid all extravagancy in cullours & misture, & lett the browne be exacetely to the

3592 310 2333 109 and ensteed of 2 a 3 drap cullours take 4 butt under 8 p a yds pray once a gaine do yd best.

3582 352 2452 133 dispatch the  silver marckes desired, & besides them you must bespecke 5 more broad liste

3594 431 2388 130 towards the latter end of may, provide also 10 pack whites more 173.5 E yeallow, &

3565 526 2446 141 5.WW red marckes as best you can have them, butt be not to hasty if you thincks

3589 638 2397 117 to have them either better, or cheaper. I would faire have a bale of northaers all

3580 710 2434 150 dray cullours M:5 of about 4ƒ ayd raw, & 5 of about 5 p a yd raw, & where as Isupise

3602 810 2423 170 you may finde better pattarnes for them with you, so pray be vere carefull to send somes

3591 884 2399 157 lovely patt. to the north, to have a curious bale of draps, to serve to putt off all the

3585 1002 1399 177 aest, & depend here on, & upon yd expeditune

5602 1064 406 141 a 7 mert

3441 1100 666 169 Londen m. Edmund Warner

3600 1236 2403 115 I have before mee yd of 17 past, my thanckes for accepting my bills. all the packetts are

3594 1354 2391 121 will arrived in 2 tume att newpoorte to N. 20 inelus so that I hope you will receave them

3606 1430 2404 123 vere speedly, the stodin goods that are brought in good condition againe follow in a particeler

3585 1506 2428 121 packett N  nept mestengen, I observe what you say of the measure, touley I have

3607 1621 2385 130 alwayes much ado about itt, & yett the work women will stand upon an  & rather give their

3601 1692 2434 176 & a pennie cheaper, then to loose ⅓ as tley de pretend, though itt be osten disputable yett

3597 1821 2352 120 shall endeavour to comply with yd desire, as also to gett abatement off the numbers

3597 1958 2431 119 mentioned, for by them I know alwayes whoes makeing itt is: I do much long to know

3589 2074 2440 108 the safe arrivall oft the 10 last packetts, & hope they will give good content: as for more

3597 2127 2419 124 laus I am not to forward, & shall follow yd advise not haveing as yett above £140

3592 2257 2428 138 ready bought though al ready sevenall go away & will not leave theim goods at the

3592 2367 2413 99 formar price, so I am of opinion that itt will vise, seeng wee can nott meet such

3614 2426 2388 168 quanthes penniwerths as a month sence wee did yett be confident no endeavour is

3615 2531 1704 166 wanting to romote yd. intrest, & to imploy yd mony well

5404 2568 575 147 8 mais 16812

3470 2605 653 195 Brussel amia Peeters

3632 2690 2386 139 inantwoort aenden un van 7 deser segge dat 8 versprest e ick goetge

3610 2775 2387 123 vondes hebben geen gelt te betalen aenflanghter voor dat in maynard

3612 2848 2406 130 hier 1garde sijn. de weellen over 5 wcken hoor gemeest heeft, en met den

3614 2921 2412 131 welken gevij geen accort hebben komen maken: soo evenwel hebbe

3606 2991 2418 139 ƒ1300: geremitteert met ditto maijnerd, een mois versmeet is

3626 3061 2406 128 deiwaerts vertrockt, en hij heeft gelooft die sake af te doen & tgen

3642 3174 2394 96 tekert komt sal hij voor mij besergen, soo dat ick niet en wijtbl

3634 3204 2403 148 al lies sal ht u broeders vorderl afloomen, want ick nogt gedat

3622 3271 2394 147 heb kin een stuijver angelijk te daen maer alles en beste stlee

3654 3346 2380 133 n segge nock dat bij al wat ggj gedaen helebe, geen de minst

3628 3435 2400 147 frviiditde maervoor dere sullen geniet en geliyk mans teerspriet

3621 3503 2420 171 mij genoeghsaem heeft belooft te sullen uyt everben waer op noch geinft sij

5268 3600 614 109 8 mars 1682

3478 3585 813 194 Mons Jaquis bassecoust

4841 3632 138 92 n

3675 3648 2352 184 mons en respns a laon du 3 courant ie ney ras a ore send

3631 3774 2409 160 avars drapes de pagbeau, sen lement in E½ gu il trr

3640 3845 2349 141 et aommmnde inbetordre, si vous la voules ie vous

3645 3945 2386 121 anvoye u primiere, i'aband de our a auttre un pertie

3655 4046 2385 113 de draps deluck do ½ ½: 5½ deMW blane qui sort les pr lassoropne

3659 4130 2361 139 puis blanc de noirp si vous prvier epre servide lm ou de

3664 4171 2358 127 1 sulne korte comande hordiment, jory ent de draps noir

3624 4244 2367 127 desa 7: ƒ 3:6: ƒ3:10 & ƒ 4:p a si ens vannck en dis a lannede

3824 4350 1734 96 proudier vour afsever qui de suis
