8337 4588
2240 209 865 107 In Antwerpen 9 Juny 1681

719 253 727 157 Brussel Juff Bonnecroy

966 374 2212 162 naer dat gisteren aen ul heb gest hebbe het packen canten ontf, & sal het exam

948 524 2200 114 ul moet voor mij besorgen de hoogh raill wercken, renise gront, volgens

944 616 2218 123 het monster aen ul gelaten, segge volgens de mate ul gesonden, soo gelieft

957 729 2195 98 het ten eersten te besorgen, icq sal miet goets pesie naeste weeke bij ul

959 807 2191 147 sijn, gelieft van als wat gereet te maecken, daer en tussen, en manq. niet

952 941 2167 117 af te seynden de hooghe crawat canten, soo wel raille aes venise gront

952 1022 1556 153 soo haest die gereet sijn, sonder naer mij te waghten

2510 1039 679 175 In Antw: 9 Juny 1681

678 1096 809 152 Megoelen meiuff wigans

948 1227 2273 86 meinff Den ul van 6 deser met de canten ontfangen sende aen ul wederom

968 1285 2084 98 6 stuken te weten, 6 a a ƒ3 a a 58 a 6 a 46: a 3 ¼ a ƒ7 en 10¼ a 46

1464 1353 1745 94 en 5 ¼ a 150, open gront endient mij niet oock crasen

949 1362 2222 103 canten leeger als de mate ul gelaten, en mach ick niet koopen, soo waert

959 1456 2225 103 dat de a 3½ traille werck hoogh genoeghwaren soude die wel begeiren, alsoo

965 1509 2228 125 ick veel crawat warch van die hooghde moet hebben soo in venise als traille

966 1573 2169 142 gront ende de lenghde moeten sijn a 4 oft &oft 12 al met vieren differende

959 1638 2207 142 heb soo mij dunckt a 6 meer gevonden als op ue noticie staet, soo gelieft

957 1713 2161 116 mij de Rek op het aldernaerste te senden vant geene hier gehouden hebben

958 1775 2183 155 soo ul traillie en renise grout werke genoegh hadde soude wel wat

949 1878 1361 120 meerder Begeren terwijlen Blijve

2413 1836 773 167 10 In Antw: 19 Juny

698 1912 1044 156 London Pichering H Robinson

1894 2010 205 86 th 2

949 1979 2243 159 msssr. I have before mee yd of 27 pass. with acctt & pattarn for 5 bales of goods

950 2102 2145 102 bought & provided att leeds & schipt aboard John nelson att Hull forour

965 2167 2163 112 acctt. in compa for my ½ in which I have given you creditt, & accepted

972 2198 2212 147 yd bills for the valew thought I could have wished you had drawne sess

949 2294 2167 111 in consideration of the goods I have brought for you according to the

947 2346 2237 128 inclosed invoyce & acctt curitt bij which is due tomee £210:0:5 ½ for

977 2446 2194 120 which pray remitt mee the valew: the bale of tykes & N.15 hath been

961 2529 2166 107 reshipt here aboardabeurtman for gent & then reschipt againe for

965 2617 2213 96 Bruges which makes the undermost charges which are gafed when wee

961 2653 2200 129 can ship heredire otely for london the goods are the very best that

953 2713 2234 137 can be hadd for mony, begides thread beeng much risen will make the

941 2787 2256 146 tykes rise att least 10 styvers & 15  pr peece which you may observe & not

959 2853 2225 161 sell y without proffitt to content you may be sure to have y with the

944 2926 2246 185 first English vessel, nott beeng yett att bruges. I have had no time yett to

951 3031 2235 112 ex amm the in voyce of the 5 bales you sent, butt for the patt. they are

948 3076 2225 153 not to thene I sent for enstouctions the first of marck, principelly in

948 3185 2143 152 the modecolleurs which are not att all observed thought that is most

949 3249 2174 160 necessary I hope the goods may prove the better which bj the patte I do

947 3351 2180 123 not promised my self yett god sending them safe either to ostend or

964 3418 2201 188 brugges which is one the same & then here, shall be able to given you

950 3535 2237 126 my opinion whilst I exspect the bill of lrading & yd remises remaine

2262 3593 893 142 In Antwerp 11 Juny 1681

696 3619 681 159 London, John Loyd

947 3716 2152 118 Sr. I wrott you the yt curitt that yd pack of legaturen MN.1 are att brugges

953 3792 2216 136 exspecting the opportunitie of an English vessel to be sent to you which now

961 3867 2224 129 are dayly exspected : tought to have sent you an invoyce this day, butt the maker

949 3920 2268 186 sending an inperfect fortory of the 2p. of linnen vripp & sharges besides

955 3994 2274 169 not hoveing them from Brugges, so have dilayd sending itt you till next whilst

955 4107 2203 135 I have been in disbours some time for you & straightned for mony have this day

960 4160 2211 180 drawne on you in my bill payable to mr. Henrg Maynard £100: att 36:6

946 4256 2173 153 att 2 uso which please to honoer with acceptance & pass to acctt. accordingly

958 4354 2203 115 thought itt is litte more then this pack will come to yett shall make

3535 218 2412 127 itt you good to content. in case you have yett any tykesinsold be not to much

3516 294 2442 122 in laste to sell them because thread is risen considerably in so much that by all

3526 366 2436 137 apearence the tjkes will rise 10 a 15 stivers ap where in Iean serve you freely

3541 413 903 117 command mee that a

3306 436 806 145 London Henry Maynard

5021 428 922 174 In Antwarp 15 Juny 1681

4491 516 52 82 h

3526 567 2416 109 Sr. my last to you was on the 4 curit sence recd. yd of 27 past I have that our

3529 618 2429 107 goode are shipt before this time & that the Euglish vessels may come forward very

3512 691 2447 127 speedly: I observe what you say of the G.N. silver marck, pray do as much you

3532 780 2411 103 can to procure 5 peeces the sooner the better: there is butt 4 bales to be shipped

3536 832 2420 102 so you had don as well to have added the resting spa cloathes whoever as you thiugh

3524 893 2429 86 best drap cullours are much demandes whene fore trekon that the frises must

3536 963 2411 104 be all of sundry drap cullours, the livelier, the better, because Dull cullours

3517 1015 2432 82 will be not so propper if you please lett mee have some patt. & Ill presently a

3510 1087 2438 80 advise you the need full & if you should buy any could desire you to make a patd

3521 1154 2387 70 book of each bale like you are used to do with the cloathes, for I supose

3791 1208 60 48 is

3520 1200 2427 139 to sell y bij the patt. not to open them before needs must be Iam gladd you

3527 1276 2436 122 remember my packing press lett good order & lare betaken that itt be well kept

3503 1369 2421 85 & no where broaken: in closed my bill for £100:  att 2 uso att 35:6 in my

3503 1431 2459 85 owne bill for yd acctt on mr. John loyd for which please to procure the needfull

3513 1490 2423 81 as also to afford mee yd opinion of him though I have butt now & then smalle

3518 1555 2414 81 imploy from him I shall remitt for my acctt. att shithir time in closed acctt

3498 1620 2270 77 of sale of may last, which please to examintt finding urigh note in

3506 1696 2325 95 conformitie: I observe againe the recommendations of m. slaughter

3513 1754 2417 108 concerning the bussynes of mr. Peeters. I have wrott him severall timee

3513 1833 2404 111 & they give mee no answer attall, they leave all things, as if they were not

4946 1901 95 46 in

3508 1885 2457 134 concerned: the goods in the whare house of mad. Bouwens sell dayly by the cande

3505 1948 2445 115 thoughs to patt off those of JB there butt the yallow cullours will yeald

3511 2029 2338 95 little or no mory, so that I am att aloss, imless I might returne them for

3506 2115 2456 95 England, or that IP. be able to finde out some other meanes to procure satis=

3487 2207 2436 106 faction, butt he is not like toline any longer the heires of mad. bouwens

3511 2272 2414 110 will keep the goods you sent up on their accompt, so that is not to be altered

3505 2329 2436 112 the desirong to know where the bayes be you will be remboursed as I suposed

3509 2392 2398 114 about 3: or 4 weekes hence, butt if you wanted mony, you could butt draw

3497 2458 2424 136 up on the heires as mr. vandall hath don which keep to yd self leaving you to

3508 2512 754 99 do discresion remaine

5264 2592 553 105 11 june 1681

3318 2546 793 151 London Arthur Hineslay

4405 2617 114 78 th

3507 2610 2435 155 S. accordingly I wrott you the 31: past have advise from mr. Collier to have payd you

3494 2723 2438 110 £70st for my acctt. I shall remitt you mone p next very first noward my half

3498 2809 2438 64 in the rest of the in ordered goods which I hope are ready & shipt by this time att Exon

3501 2863 2442 89 of which pray give mee yd timely advise the bales N. 13: 24 are with mee & sold

3477 2936 2460 131 the bale N.13 of which the cullours were all good so do returne you the pattarnes

3472 3006 2443 130 that you please to order mr. wood to provide an ther such bale, besides one

3487 3094 2384 118 more assorted with i5 grajes most stone graijes & steel grayes & is of the

3474 3159 2394 131 in closed mode cols. so that will be 60p in all 22 yd serges besides one bale

3469 3225 2393 88 to cont. 15 cloth serges 22 yd broad ayd or or then about of 48: to5 ofs ap and

3472 3319 2469 114 15 serges 24g of these pattarnes also good goods, so emitt no prices butt desires

3468 3376 2375 148 to be well served this recommand sas to yd care & expedition whilst

3468 3449 1471 107 these pats returne the same to provide

3562 3499 2148 172 1Bale conr. 30 seges 3 30 p of the same sorts mone bale 22 yd

4149 3599 151 88 14

4472 3646 608 97 in an other bale

4122 3671 99 80 l

4403 3677 834 141 15 of the same Eucleurs

4412 3777 775 110 13„ grajes stone & steel

4384 3817 1059 138 50p ou an other of 22yds

3933 3810 266 147 in cont

4389 3940 1007 108 15 cloth serges of 45 a 50 p

4378 3984 1312 127 13 caryes 24 gard of the best sort al

4137 4028 154 136 l

3895 4094 1831 146 1 to cond . 30 sarges of these Callours in an other bal
