8460 4663
2662 247 525 153 a 4 agril 1681

753 282 945 151 am. de Hulter & van Homaigh

962 382 2287 122 op 28 pass was aen ul mijnen lesten, dan remitteerde £66„18:8 op ducquenoij de

977 447 2299 161 welcke hopt ul wel sullen sijn gewoorden, alhoe wel t'sedert geen van ul

927 568 2315 125 Aen besigh om voor im. natkan Loumm van Dublin eenige lanten

960 622 2317 168 gereet te maecken, oversulchx gelieft te adviseren wat o eost derwaer ie

965 724 2315 144 is, volgens te resuleeren, hebbende ord om de weerde in ul te valeenn

965 792 2134 174 soo sal op ul oprobate mijn desborgo dies wegens in uwe reeg anve

2695 860 496 147 a 4 Auys 188

728 895 872 152 Brussel seger vander borght

967 975 2298 173 monsr. Desen alleen tot advies, als dat ons schip ken van Hull wel is gearriv-

964 1057 2304 127 tot ostend soo dat in weijnigh dagen de goederen hier verwachte werden, oversulx

961 1139 2303 128 dat ick kan ul dienen, intgeene ul belieft, laet de pertije soo groot wesen

975 1196 2270 131 ast wilt tsij kersijen bayen tt want voor mij seer groote pertije aent

975 1268 2292 135 selve boort sijn soo bidde ul mij te commandeeren waer inne gedienen

2657 1336 473 159 a 4 dittoo

987 1376 688 109 kan &blijve

750 1405 855 153 Brussel And Artsens

984 1491 2242 117 monsr morgen sullen de baijen van hier vertreken, die buyten twijffel

971 1553 2267 112 Beter sullen sijn als ul verwaght, sal de speuficatie dan daer afsend

983 1651 2193 117 soo dint desen principallijk als dat heden hebbe scrijven ontfangen

980 1698 2227 105 van Brugge dat ons schip van Hull aldaer was gearriveert, met het

983 1775 2198 137 selve bekone seer vele kersijen en Bayen, en andere goederen soo ul

989 1826 2188 152 iets tekort comt, ul magh vrijelijk dependeren op mij die nae groet

718 1908 853 151 Brussel Antonio peeters

2658 1934 445 112 @ 4 ditto

985 2021 2239 96 mons. volgens wij gisteren scrijven stijden, soo verwaghte ul over

1003 2065 2196 105 morgen hier om alles tea ccommodeeren, hebbende de 2 brieven

1003 2124 2245 146 meyn handen als ul geseght daer entussche recommandeere mede

991 2202 2260 138 te brengen de noticie vant geene ul heeft ontf. van mons mirs

998 2286 2174 121 inde kerserine vanden geleverde spaensche wijn van crabb

985 2345 2275 136 opdat wiy soo alles mogen in volle & goede staet stellen sonder voor

988 2446 493 107 Retlucqu

2656 2426 491 168 6 7 ditto 136

715 2482 821 145 Lille Richd Southell

1009 2532 2292 146 Sr. I have duely recd. yd of 23.th pass. for want of occasion die not answer

1013 2665 2263 80 itt sooner I do not know what m. van Ess might have told you butt I can

1008 2725 2276 91 testifie with 2 withness that he him leffr brought. yd bill &ached fitt

1005 2770 2304 123 was good: Itold him that no advise from you, though I was ready to accept

1019 2866 2264 105 itt, he replyed that he was not in laste for itt, & there fore could keep it

1010 2909 2298 110 3 or 4 dayes which I die, which time beeng exspired & haveing no advises

992 2977 2319 94 from you have accepted itt & delivered him my self, without he asked

1005 3072 2279 75 ofor itt att all, so that you have no obligation to him for thouse things

1017 3113 2291 89 happen vere often & Itinck I did not in the least where in you can

1018 3195 2270 76 blame mee I want y yard of black flanders lace about ⅓ of advtis

1035 3209 2286 130 all broad or better which I knowing is made att lille so desire you to send

1026 3286 2175 113 itt mee pr. first of an indifferent sort so tis to be sent to greland

1020 3342 2215 163 I am ghad our bale N.10 is arrivee here is notking to doi no trade nor

1032 3422 2180 137 proffist yett vale att Brussels hath a quick trade & sells a woldof

1028 3486 2240 159 goods there & sy suplyes them, so that I can not come there any more

1016 3558 2169 153 I can not yett my mony of thomas seamad for stuffs he sold

995 3673 2258 102 for W.B & is about £40 p. Ballance & he knows no better

1028 3750 2193 99 butt that they be yours, so you will oblige mee to write to him

1015 3808 2172 123 & desiriny to make on end to that stuff bussines for Hold him

1027 3891 2248 91 you that they oy bo yours to you had been verenrgent

997 3954 2273 101 there noto of late there fore leet mee in treat you towrise

1034 4002 2208 144 him a letter under mij covert: for I doubt he will forls him self

1042 4097 2181 124 bij beeng so much a gentman, as he is keephorse & serwant

5060 229 897 95 En Auvers 5 Augost

3335 168 919 164 e   eeren

3504 267 2482 147 mades in respouse a la vre du 30 pastto j'ay vous envoye au jourdehuy a bris

3497 376 2488 120 amad: ana maixde volson packett manch EHN.1 pour envoye a vre grace

3508 457 1732 103 pr. lapremier la contune est un drap a la mode

5621 476 348 126 ƒ165:12

4202 496 1178 128 N. 680 a 34 ½. a 46: a ƒ3:12

5592 559 349 96 „125: 1

3745 567 1611 144 un drap ditto N. 660 „ 27 ½ „ 36: ¼. „ 3:9

5641 606 280 128 1

4905 641 369 79 a„ 28:-

3741 637 1094 136 un bay Blanc pour fardelver

4544 692 781 96 a paye sae rab atte

5378 663 587 132 comma ƒ318:33

3503 750 2347 115 Je ne reurpas toubter mequest touts serat avre contentement

3497 847 2408 73 car quison de bon marchandisse est dont que vous avez les esantilions

3505 908 2424 105 le plus atterant alls wes si vous auracis la mattie, de cas un mais &e

3521 907 2418 133 ne pas nost re costume jay receu beaucoup dedraps d'Engelitter de

3508 983 2407 152 double presse bides douzins de la mesme coulour & les autres si i

3507 1057 2465 143 case gue vous veni cy vous trouue ion contentement l'auttre

3518 1112 2449 134 de cela. jaj becau cop de drap supra fine de ma fabrigue de ƒ4:16:

3509 1198 2454 105 a rt couverno p vous me faiuut Brien ne doubt pon que vous

3512 1276 690 106 me trouvere

5059 1323 911 96 In Antwerp 6 augusti 1681

3334 1325 685 128 London Henry marnard

3539 1408 2393 96 S. my last to you was on the 30 past. sence non from you I have been att Brussel

3533 1464 2429 114 where I did not receane the exspected mony neither have I sold any thing considerable there

3531 1519 2433 94 as formerly I have don often, though they have there agreat demand & itt seems & T

3522 1587 2454 102 is the onely man now that can sell his goods, they beeng alwayes sold att arrivall

3549 1649 2414 99 whoever I can butt do my indeavour, here ist is not quick yett butt vere dead

3531 1741 2396 94 though wee now dayly exspect a good sale towards which the good abbatt pindar

3531 1777 2411 112 come vere seasourdlij) for he is( god betancked, well arrivde in closed remitt

3524 1841 2396 99 you ƒ592:7 att 52: which I make £128„ 6:7 st though there is less noted

3503 1889 2470 126 up on the bill, beeng due the  curitt on Jeremias nathaniel & sinon bonnell

3527 1963 2359 155 for my acctt & £250:  att 2 uso on m. William Scawen for yd acctt

3543 2034 2405 150 att 35:4 ½ for boath please to procure the needfull & note accordingly, I hope

3551 2108 2408 132 now to continew remise better then of late I have been able to do I hope

3538 2166 2439 159 mr. Scawen shall be in cash for mye to pay you £100: or some what more

3532 2291 2445 103 for my acctt. for I want itt by you there fore I hope he will not take itt

3535 2290 2428 163 ill in case you ashe him  I have no news yett of klarck or barbar

3552 2364 2436 141 butt hope they may come safe over: some of my custumers att Brussels

3549 2453 2418 132 that have seen the fine spanish cloathes which I  receaved of late

3547 2521 2427 120 have desired mee to in order 8 a 10 paurts supra fine peeces of the mwest

3563 2590 2393 127 mode that is att paris & bestow from so to 14 s ayd butt as to the

3563 2661 2384 111 cullours I know not which the draps. are not much demanded in suprad

3537 2723 2446 124 fine ggoods I have the last patt. you sent mee, & yett know nott which

3545 2786 2405 139 to venter so pray endeavour all you can to provide this tryall & do yd ut

3567 2865 2405 107 most to gest some thing perticulars, for I never had yett any supra fine

3564 2928 2374 132 from you & those JV last receaved are all sold & pleased his custunners

3554 2966 2421 161 as I understood, so you know best what itt was, itt vere 2 bales besides you

3558 3101 2260 86 know what is att Lille & paris demanded so leaved itt to you onely avoid

3575 3159 2390 89 extrauagant light cullours inclosed a letter to m. slaughter which please

3556 3242 1843 96 to deliveer him whirst I remaine with kinde saito

5290 3277 613 114 @ 6 August

3354 3263 849 141 London paris slaughter

3582 3364 2374 119 Sr. I have he therto don all I could to make mony of the effect of the

3570 3468 2402 84 peeters boath of standing out debts & goods in sold some of them

3578 3537 2398 87 are sold butt vere few, so that thereis yett 18 yr. resting & I will no

3569 3595 2328 100 longer be with nt even acctt. whith them there fore must intreat

3576 3636 2389 135 you to order mee to to send to you these goods up on condition that you

3570 3722 2427 116 shall sell them & the proceed allow up on their acctts & I shall remitt you

3572 3779 2343 127 as soone as you consent this so much as there is in cash, I thuck

3570 3855 2305 121 you can not loose for though the cloathes should yeald £50:-:

3557 3982 2375 91 less then their cost yett have the rest here in mony & standing out

3580 4035 2359 102 debto I have the 2 bills rectosthe charges theires of mad Bouwens which

3574 4096 2396 118 I keep to yd order the charges shall pay to them here so pray make

3579 4186 2399 108 an end to that bassynes that I be dischargee for assolute y the cloates

3676 4255 1422 112 enot tobe sald here & so remane
