8337 4601
2127 212 987 131 Antwerp. 18 June 1681

681 218 757 132 London Will Scawen

1964 259 132 86 th

989 308 2148 107 S. my last to you was the 4: curitt, sence non from you, this for

976 334 2234 152 covert of the inclosed invoyce for 77p. of tykes amonghst which there

968 442 2266 115 are 6  2 seales foalded in 3: so that them bare butt 3 peeces and each written

983 515 2245 117 up on  dobbel lead, so that you will finde 74: p viz 71 single & 3 dubble

969 561 2185 133 which I am informed do pass, so the pack is att bruges by this time

958 647 2282 114 & hope may come with Ben: clarck now in loading there you finding the

975 722 2294 101 invoyce well please to give mee creditt in yd acctt. for £138:6:8, I have rec. the rest of the

980 799 2272 103 callicoes from bruges & payd the aggreement, a bad capp: & the more because wee have no

967 862 2164 107 vent att present whoever I hope itt will come in time whilst I remaine

708 893 820 143 London Abram vivian

2705 919 367 91 @ 18 June

1928 939 111 95 th

984 947 2111 118 S. my last to you was on the 14: curitt to which referre, you, sence have

965 1033 2148 137 recd. yd of 3: ditto where by you tell mee the bayes to beatt Hull & the kersies

969 1117 2158 90 all bought, the pryses of which are high, so that I hope I shall have of the best

967 1171 2154 125 goods as formarly desired, and could wish come with smith, which I supose

2146 1261 67 49 4

976 1231 2133 146 is att zea, for John nelson sealed the 3: from Hull, and arrved the

965 1306 2163 104 next day att ostend for which god be thanked, he hath aboard for us thes bales

966 1357 2200 131 N. 32„ 33 & 34 which come in good season, god send all the rest sasve & I hope

966 1426 2180 151 then to give an acct. to content if onely the goods prove to exspectation

965 1510 2172 126 I hope that m. potters providing will be as his expedition, for the laster

949 1554 2237 173 do not blamd him, butt when I see the goods, shall advise you the needfull

951 1631 2134 158 I am sensible of yd straights for mony yett I can not assist you as

947 1710 2224 182 I could wish, whoever beleave mee that no endeavour is want omy to take

967 1800 2256 136 away all manner of complaints I could finde no mony att sight for london

965 1857 2210 188 so remitt onely £50: att 1 ½ uso on John lambe, by him accepted for my acctt

972 1925 2178 193 in case you please gett itt discounted & you may charge mee wish itt I

966 1988 2213 215 go for Brussels after to marrow & hope to finde mony to remitt pr. next

967 2079 2167 174 on which you may depend the laces will come also N.15 beeng intended by

961 2151 2159 151 Ben: Clarck who shall part withim 3 a 4 dayes, which is the needfulle

2767 2243 426 115 | 18 June

1950 2287 112 99 th

712 2264 774 159 London Henry Maynard

971 2347 2199 127 S. my last to you was on the 14: curitt sence non from you, so this Cheefly

954 2418 2173 122 for covert to the inclosed 2 bills of yd accepted. I understand that John

980 2445 2182 144 nelson is arrived att bruges from Hull, I wonder were smith should tarry

982 2521 2185 167 seeng him to have been much longer in loading then nelson, of which

977 2647 2205 111 yd advise, no news yett of any ships from London, butt I hope them over

967 2661 2185 157 by this time I do not know what do do in the concernes of

973 2741 2226 157 because there is no remedie to make mony for the yallow cloth, & gett

959 2828 2224 131 have an end to that  affaire, there fore lett mee intrest you

965 2914 2087 107 to persuade mr. slaughter lirker to take y. back, orto press peeters for better

974 2952 2240 201 satisfaction I understand as if I P was dead, which I shall certainely know

981 3082 1686 136 intending for Brussels after to morrow & so remain

2732 3047 445 168 @ 18 Juny 1681

725 3145 248 135 London

1001 3154 705 139 Francois Hertebout

803 3240 138 84 Gent

966 3236 2261 130 mons. Den ul van 16 deser maer gisteren avont ontf. als wanneer het pak

957 3297 2270 137 & robbe de chambre smorgens waer geworden ick twijffe oft de 2 packen tijken

975 3370 2251 124 N. 15 & 16 voor nu bij ul deselve moete met alle spoet nae brugge geexgid

984 3429 2248 138 worden alsoo daer een Engels schip de weke vertaeht op london met dew

957 3500 2275 129 de selve moeten mede geladen worden daer af het gepasseirde mij laet weten

969 3576 2218 123 in gesloten mijn tol brief de welk voorde pagk RN9 a 13 van Brugge

972 3637 2186 156 komende moet dien & ul sal de 3 pack ijp onvrij verklaeren & dient

951 3749 2067 108 d'anderaenstonts besorgen gegevende advies vant gepassert

969 3820 1684 153 de pack I N. 15 & 16: ider 70 stucken stijken

2580 3902 406 131 @ 18 Juny

738 3922 827 141 Brugge Raph: Coots:-

982 3997 2230 111 H in antwoort aende ul van 13„ &15 deser hebbe de cxtoene lijnwat

966 4073 2209 106 ontfangen, gesien tot B clarck het sijnde dese weeke sal afwncten

959 4159 2197 128 soo in twijffele niet oft de 2 dijck packen sullen in tijde comen & N°.15 sijnde voor

966 4287 2228 122 Piekerigh & Robruson In houdende 69st tijken & N°16 voor will schaden met

3556 236 2394 108 dt tijken a God., hebbe grand herrebouts belast de selve aen ul op 't alder spoedighst

3560 330 2403 100 voorts te sejnden, soo gelieft mede devoir te doen, dat de selve af geladen woorden

3542 392 2409 145 ende aen de vrinden het noodigh advise geeven, met exprestie in de conostementen

3544 508 2385 128 als geseght, icq dencke clerck het packee V. no° 15 wel sal bewaeren, daer

3540 612 2376 132 neghter as voor eijgen gelieft te doen. hebbe ul voor disbonso van pacq legaturen

3545 687 2394 176 geered., ende sal te traeta promt bess. seer geerne gesien het goet arived.

3553 810 2340 156 van Jan nelson van SHull met 8 packen voor mij, alsoo R N8 wor Richard

3537 921 2379 148 Southell van Rijssel is, In hebbende to noartsche lakens, soo gelieft aen mij

3547 1036 1869 156 alleen toe te sejnden RN°9 met 24 witte bayen 1 crapper

4415 1103 1189 159 10 met 18 witte bayen kersijen 2 vrappens

4422 1220 738 103 11 met 12 noorsse lakens

4349 1289 502 96 „12 met 12d

4425 1351 425 94 13 met 12d

4236 1377 577 141 „ 32 met 12d

4232 1458 620 140 39 met 12

4389 1517 641 165 34 met 24 dosijntiens

3543 1615 2233 163 dese 8 verwaghte op t spoedighste op dat andere mij de loef niet afstecken

3532 1734 2391 150 hope oocq dat smit sal sijn gearriv, die voor mij oocq 8& 9 packen moest

3519 1866 2361 133 In hebben, dogh weete eygenelijcq met de welcke, alleen t n.19 met 30 baijen

5108 1944 753 140 „ 25 met 12 noortse lakens

3549 1991 575 132 & vrappens, n° 25-

5091 2038 814 133 1 pack carsyen vant selve marck

3508 2149 2431 187 brneffens 3 a 4 packen bayen van A, ende te 2 met lakens, waer van ten naesten

3536 2267 2372 159 hope breeder te verstaen. de packen I.MN°. 20- met ½ &  gemeijn spaense lakens

4623 2371 932 135 „ 22- met soo veel vanjder d

4686 2448 1120 141 23- met de selve quantitijt, & qualitijt

4629 2559 1214 127 ƒ 24- met 5 witte pack lakens comen van

3503 2665 2449 120 londen, voor de een en d'ander, gelieft te sorgen as voor eijgen & aen mij expediere

3460 2746 2142 127 ten arriviemente aen mij exped. d adviseerende het gepasseerde

5189 2796 762 155 In Antwerp: 19 sune

3324 2816 662 159 Rott, Jacques Annier

3522 2866 2433 166 monsr. Ick hebbe op 23 past. aen ul gesonden een pack lijnweeete gemerck

3506 2971 2458 113 voor Rek van Joan seger van Encie omsijn ordre daer mede te volgen ick

3515 3061 2409 85 en will niet twijffelen ofte deselve sijn ul wel geworden dese alleer

3512 3120 2433 96 om ul te versoeke dat ul de selve lijnwaeten gelieft bij te houden, tot uged

3495 3166 2458 91 ordre vanden selve segers waer op hem sal verlaten, terwijlen van ul advies

5529 3225 111 70 20

3512 3235 1198 121 verwaghte wat gepasseert is

5409 3232 476 157 @:29 June

3338 3276 786 145 Brugge Raphael Coots

3508 3371 2369 151 mijn N. 18 deser hebbe aen ul large geboreven hakende de goederen aen boort nelson

3516 3447 2448 149 sedert den ul van 17 ditto bekomen geirne verstaen het arrivement van John Collinar

3507 3578 2403 78 van londonden w voor mij mede brenght M„N. 23 Met  &½ spaense lakens

4725 3626 1053 100 N. 24 met 5 witte pck laken

3498 3653 2416 146 roven dienen een pack LN. 38 met ¼ spaense lakens de selve gelieft te

3510 3767 2412 93 clearen & opt spoedighst aen mij te senden alsoo om despaense lakens wat verlegen

3486 3823 2449 140 ben MN. 20 & 22 sijn geladen aen boort the: whiting van London ten boort

3490 3887 2428 114 thomas jmith van Hull sijn geladen de 3 gemention packen  bovendien

3494 3969 2413 134 N ATV,„ N.350 met 12 gemengelde nortse lakens N. 29 „ 30 & 31 samen met

3492 4047 2439 137 103 p baijen sonder dat vrappers & all sonder dat ick wete  pressie

3485 4134 2434 108 hoeveck baijen in iderpack perticulier is, tgeene niet en twijffelle oft ul salt

3495 4202 2440 156 konnen bevinden int segelen verhopende deen & dander voor nu salvo sijn getrut

3478 4321 2454 121 & dat Joh nes son weder haest nae stull sal worden gedepeschert alsoo sij daeroneren

3482 4362 2457 115 12 van mijn packen hebben achter gelaten, recommandeereals aen uexpeditie & goede
