<?xml version="1.0" encoding="UTF-8"?>
<alto xmlns:xsi="http://www.w3.org/2001/XMLSchema-instance"
      xmlns="http://www.loc.gov/standards/alto/ns-v4#"
      xmlns:page="http://schema.primaresearch.org/PAGE/gts/pagecontent/2013-07-15"
      xsi:schemaLocation="http://www.loc.gov/standards/alto/ns-v4# https://www.loc.gov/standards/alto/v4/alto.xsd">
   <Description>
      <MeasurementUnit>pixel</MeasurementUnit>
      <OCRProcessing ID="IdOcr">
         <ocrProcessingStep>
            <processingDateTime>2022-02-04T12:07:38.411+01:00</processingDateTime>
            <processingSoftware>
               <softwareCreator>READ COOP</softwareCreator>
               <softwareName>Transkribus</softwareName>
            </processingSoftware>
         </ocrProcessingStep>
      </OCRProcessing>
   </Description>
   <Layout>
      <Page ID="Page1" PHYSICAL_IMG_NR="1" HEIGHT="4567" WIDTH="7948">
         <TopMargin HEIGHT="0" WIDTH="7948" VPOS="0" HPOS="0"/>
         <LeftMargin HEIGHT="4567" WIDTH="0" VPOS="0" HPOS="0"/>
         <RightMargin HEIGHT="4567" WIDTH="0" VPOS="0" HPOS="7948"/>
         <BottomMargin HEIGHT="0" WIDTH="7948" VPOS="4567" HPOS="0"/>
         <PrintSpace HEIGHT="4567" WIDTH="7948" VPOS="0" HPOS="0">
            <TextBlock ID="region_1638883766700_1645"
                       HEIGHT="4342"
                       WIDTH="2758"
                       VPOS="111"
                       HPOS="360">
               <Shape>
                  <Polygon POINTS="360,111 3118,111 3118,4453 360,4453"/>
               </Shape>
               <TextLine ID="region_1638883766700_1645l1"
                         BASELINE="444,212 494,212 544,212 595,212 645,212 696,212 746,212 796,212 847,212 897,212 948,212 998,212 1048,212 1099,212 1149,212 1200,210 1250,210 1300,208 1351,207 1401,206 1452,204"
                         HEIGHT="117"
                         WIDTH="1038"
                         VPOS="143"
                         HPOS="430">
                  <String ID="string_region_1638883766700_1645l1"
                          HEIGHT="117"
                          WIDTH="1038"
                          VPOS="143"
                          HPOS="430"
                          CONTENT="meuvrpon michiel vallego"/>
               </TextLine>
               <TextLine ID="region_1638883766700_1645l2"
                         BASELINE="2074,224 2123,224 2172,224 2221,224 2270,222 2319,222 2368,222 2417,220 2466,220 2515,218 2564,216 2613,214 2662,214 2711,212 2760,210 2809,208 2858,206 2907,203 2956,200 3005,198 3054,194"
                         HEIGHT="147"
                         WIDTH="1012"
                         VPOS="141"
                         HPOS="2057">
                  <String ID="string_region_1638883766700_1645l2"
                          HEIGHT="147"
                          WIDTH="1012"
                          VPOS="141"
                          HPOS="2057"
                          CONTENT="In Antwerpen 20 Jau"/>
               </TextLine>
               <TextLine ID="region_1638883766700_1645l3"
                         BASELINE="768,288 881,288 995,286 1108,286 1222,288 1336,289 1449,290 1563,292 1676,294 1790,296 1904,298 2017,300 2131,302 2244,302 2358,302 2472,301 2585,299 2699,296 2812,292 2926,287 3040,280"
                         HEIGHT="110"
                         WIDTH="2302"
                         VPOS="209"
                         HPOS="753">
                  <String ID="string_region_1638883766700_1645l3"
                          HEIGHT="110"
                          WIDTH="2302"
                          VPOS="209"
                          HPOS="753"
                          CONTENT="op 13 deser hebbe aen ul over Brugge geschreven, sijnde adves van"/>
               </TextLine>
               <TextLine ID="region_1638883766700_1645l4"
                         BASELINE="764,356 877,358 991,358 1105,360 1219,362 1333,364 1446,366 1560,368 1674,368 1788,370 1902,372 2015,372 2129,372 2243,372 2357,371 2471,369 2584,366 2698,362 2812,356 2926,350 3040,342"
                         HEIGHT="115"
                         WIDTH="2308"
                         VPOS="298"
                         HPOS="748">
                  <String ID="string_region_1638883766700_1645l4"
                          HEIGHT="115"
                          WIDTH="2308"
                          VPOS="298"
                          HPOS="748"
                          CONTENT="eenigh paxken kanten, principallijs RSN. b. het welcke hope voor nu"/>
               </TextLine>
               <TextLine ID="region_1638883766700_1645l5"
                         BASELINE="756,442 871,440 986,440 1101,438 1216,438 1331,438 1446,440 1561,440 1676,440 1791,440 1906,440 2021,440 2136,440 2251,438 2366,436 2481,435 2596,432 2711,428 2826,423 2941,418 3056,410"
                         HEIGHT="151"
                         WIDTH="2332"
                         VPOS="332"
                         HPOS="739">
                  <String ID="string_region_1638883766700_1645l5"
                          HEIGHT="151"
                          WIDTH="2332"
                          VPOS="332"
                          HPOS="739"
                          CONTENT="door ul. op Engelant is versonden, heden sende aen ul pr. bode joos hijs"/>
               </TextLine>
               <TextLine ID="region_1638883766700_1645l6"
                         BASELINE="778,522 889,520 1001,518 1112,518 1224,516 1336,516 1447,516 1559,516 1670,516 1782,516 1894,516 2005,516 2117,514 2228,512 2340,510 2452,506 2563,502 2675,496 2786,489 2898,482 3010,472"
                         HEIGHT="107"
                         WIDTH="2263"
                         VPOS="433"
                         HPOS="761">
                  <String ID="string_region_1638883766700_1645l6"
                          HEIGHT="107"
                          WIDTH="2263"
                          VPOS="433"
                          HPOS="761"
                          CONTENT="van hier directelijck een paxken A.VN.9 de welke met alle spoet"/>
               </TextLine>
               <TextLine ID="region_1638883766700_1645l7"
                         BASELINE="760,600 870,598 981,596 1092,596 1203,594 1314,594 1425,596 1536,596 1647,596 1758,596 1869,596 1979,596 2090,594 2201,592 2312,590 2423,586 2534,581 2645,574 2756,566 2867,557 2978,546"
                         HEIGHT="197"
                         WIDTH="2249"
                         VPOS="471"
                         HPOS="745">
                  <String ID="string_region_1638883766700_1645l7"
                          HEIGHT="197"
                          WIDTH="2249"
                          VPOS="471"
                          HPOS="745"
                          CONTENT="gelieft voort ganck tegeven over dover nae london, ten mons."/>
               </TextLine>
               <TextLine ID="region_1638883766700_1645l8"
                         BASELINE="744,680 860,676 977,674 1094,672 1210,672 1327,672 1444,672 1560,674 1677,674 1794,676 1911,676 2027,676 2144,674 2261,672 2377,669 2494,664 2611,658 2727,649 2844,638 2961,625 3078,608"
                         HEIGHT="170"
                         WIDTH="2369"
                         VPOS="556"
                         HPOS="726">
                  <String ID="string_region_1638883766700_1645l8"
                          HEIGHT="170"
                          WIDTH="2369"
                          VPOS="556"
                          HPOS="726"
                          CONTENT="Abram vivians, versoeckende vanden ontfanck deses als mede vant"/>
               </TextLine>
               <TextLine ID="region_1638883766700_1645l9"
                         BASELINE="760,756 850,753 941,752 1031,750 1122,748 1213,748 1303,748 1394,748 1484,748 1575,748 1666,748 1756,748 1847,750 1937,750 2028,749 2119,748 2209,748 2300,746 2390,744 2481,742 2572,738"
                         HEIGHT="110"
                         WIDTH="1842"
                         VPOS="683"
                         HPOS="746">
                  <String ID="string_region_1638883766700_1645l9"
                          HEIGHT="110"
                          WIDTH="1842"
                          VPOS="683"
                          HPOS="746"
                          CONTENT="gepasseerde een woort advies waermed Blijve"/>
               </TextLine>
               <TextLine ID="region_1638883766700_1645l10"
                         BASELINE="724,836 840,831 956,828 1072,824 1188,824 1305,824 1421,824 1537,824 1653,826 1769,826 1886,826 2002,826 2118,826 2234,824 2350,822 2467,817 2583,811 2699,803 2815,792 2931,781 3048,764"
                         HEIGHT="157"
                         WIDTH="2356"
                         VPOS="707"
                         HPOS="708">
                  <String ID="string_region_1638883766700_1645l10"
                          HEIGHT="157"
                          WIDTH="2356"
                          VPOS="707"
                          HPOS="708"
                          CONTENT="hebbe noch een atwee te gende naest weeke gereet soo dat ick wenste"/>
               </TextLine>
               <TextLine ID="region_1638883766700_1645l11"
                         BASELINE="760,904 872,904 985,902 1098,902 1211,900 1324,900 1437,900 1550,900 1663,900 1776,898 1889,898 2001,896 2114,894 2227,892 2340,888 2453,884 2566,879 2679,872 2792,865 2905,856 3018,844"
                         HEIGHT="141"
                         WIDTH="2288"
                         VPOS="780"
                         HPOS="745">
                  <String ID="string_region_1638883766700_1645l11"
                          HEIGHT="141"
                          WIDTH="2288"
                          VPOS="780"
                          HPOS="745"
                          CONTENT="devoriges salvo in Engelant salu waeren gekomen de maght"/>
               </TextLine>
               <TextLine ID="region_1638883766700_1645l12"
                         BASELINE="768,966 860,968 953,968 1045,969 1138,970 1231,970 1323,970 1416,970 1508,970 1601,970 1694,968 1786,968 1879,966 1971,964 2064,962 2157,960 2249,956 2342,954 2434,950 2527,947 2620,942"
                         HEIGHT="92"
                         WIDTH="1881"
                         VPOS="910"
                         HPOS="754">
                  <String ID="string_region_1638883766700_1645l12"
                          HEIGHT="92"
                          WIDTH="1881"
                          VPOS="910"
                          HPOS="754"
                          CONTENT="tot costij wort door mij getaelt pro gooverno"/>
               </TextLine>
               <TextLine ID="region_1638883766700_1645l13"
                         BASELINE="2028,1036 2079,1033 2130,1030 2181,1025 2232,1024 2283,1020 2334,1018 2385,1014 2436,1011 2487,1008 2538,1006 2589,1003 2640,1001 2691,998 2742,994 2793,992 2844,988 2895,984 2946,981 2997,977 3048,974"
                         HEIGHT="186"
                         WIDTH="1052"
                         VPOS="889"
                         HPOS="2011">
                  <String ID="string_region_1638883766700_1645l13"
                          HEIGHT="186"
                          WIDTH="1052"
                          VPOS="889"
                          HPOS="2011"
                          CONTENT="In Antwerpen 20 Janu 81"/>
               </TextLine>
               <TextLine ID="region_1638883766700_1645l14"
                         BASELINE="498,1024 545,1022 592,1020 639,1020 687,1018 734,1018 781,1018 829,1018 876,1018 923,1018 971,1018 1018,1020 1065,1020 1112,1021 1160,1022 1207,1022 1254,1024 1302,1024 1349,1024 1396,1024 1444,1024"
                         HEIGHT="170"
                         WIDTH="976"
                         VPOS="906"
                         HPOS="483">
                  <String ID="string_region_1638883766700_1645l14"
                          HEIGHT="170"
                          WIDTH="976"
                          VPOS="906"
                          HPOS="483"
                          CONTENT="Brugge Raphael Coots"/>
               </TextLine>
               <TextLine ID="region_1638883766700_1645l15"
                         BASELINE="784,1084 896,1080 1008,1080 1120,1080 1232,1080 1344,1082 1456,1084 1568,1087 1680,1090 1792,1092 1905,1095 2017,1096 2129,1098 2241,1096 2353,1096 2465,1092 2577,1088 2689,1081 2801,1072 2913,1060 3026,1046"
                         HEIGHT="127"
                         WIDTH="2272"
                         VPOS="1004"
                         HPOS="769">
                  <String ID="string_region_1638883766700_1645l15"
                          HEIGHT="127"
                          WIDTH="2272"
                          VPOS="1004"
                          HPOS="769"
                          CONTENT="17 deser heb het noodigh aen ul geschreven het paxken kanten N.825"/>
               </TextLine>
               <TextLine ID="region_1638883766700_1645l16"
                         BASELINE="750,1150 864,1146 979,1144 1094,1142 1209,1144 1324,1146 1438,1148 1553,1152 1668,1155 1783,1158 1898,1161 2012,1164 2127,1164 2242,1164 2357,1160 2472,1156 2586,1149 2701,1139 2816,1127 2931,1111 3046,1090"
                         HEIGHT="159"
                         WIDTH="2325"
                         VPOS="1050"
                         HPOS="736">
                  <String ID="string_region_1638883766700_1645l16"
                          HEIGHT="159"
                          WIDTH="2325"
                          VPOS="1050"
                          HPOS="736"
                          CONTENT="dan op gehouden, ende volght heden p bode Joos hijs den ul van 17 ditto"/>
               </TextLine>
               <TextLine ID="region_1638883766700_1645l17"
                         BASELINE="752,1220 866,1218 981,1218 1095,1219 1210,1220 1325,1222 1439,1226 1554,1228 1668,1230 1783,1234 1898,1235 2012,1236 2127,1236 2241,1236 2356,1234 2471,1230 2585,1224 2700,1217 2814,1207 2929,1196 3044,1180"
                         HEIGHT="142"
                         WIDTH="2323"
                         VPOS="1130"
                         HPOS="736">
                  <String ID="string_region_1638883766700_1645l17"
                          HEIGHT="142"
                          WIDTH="2323"
                          VPOS="1130"
                          HPOS="736"
                          CONTENT="wel ontfangen kan niet bedencken waerom Bek clarck tardeert"/>
               </TextLine>
               <TextLine ID="region_1638883766700_1645l18"
                         BASELINE="706,1288 822,1286 938,1286 1055,1286 1171,1288 1288,1290 1404,1292 1520,1295 1637,1298 1753,1300 1870,1302 1986,1304 2102,1304 2219,1302 2335,1300 2452,1296 2568,1290 2684,1281 2801,1271 2917,1258 3034,1242"
                         HEIGHT="143"
                         WIDTH="2358"
                         VPOS="1197"
                         HPOS="691">
                  <String ID="string_region_1638883766700_1645l18"
                          HEIGHT="143"
                          WIDTH="2358"
                          VPOS="1197"
                          HPOS="691"
                          CONTENT="dese weest winde behoorde hem over te brengen t welk geerne verstaen"/>
               </TextLine>
               <TextLine ID="region_1638883766700_1645l19"
                         BASELINE="752,1364 867,1363 983,1362 1099,1363 1215,1364 1331,1366 1447,1368 1563,1370 1679,1371 1795,1372 1911,1372 2026,1372 2142,1372 2258,1370 2374,1366 2490,1362 2606,1356 2722,1346 2838,1334 2954,1321 3070,1306"
                         HEIGHT="142"
                         WIDTH="2350"
                         VPOS="1264"
                         HPOS="737">
                  <String ID="string_region_1638883766700_1645l19"
                          HEIGHT="142"
                          WIDTH="2350"
                          VPOS="1264"
                          HPOS="737"
                          CONTENT="soude de twee balen cxtoen sijn mij wel geworden, voor de selveen"/>
               </TextLine>
               <TextLine ID="region_1638883766700_1645l20"
                         BASELINE="762,1442 877,1442 992,1442 1107,1444 1222,1444 1338,1446 1453,1448 1568,1450 1683,1452 1798,1452 1914,1454 2029,1452 2144,1452 2259,1448 2374,1445 2490,1440 2605,1432 2720,1423 2835,1412 2950,1398 3066,1382"
                         HEIGHT="141"
                         WIDTH="2334"
                         VPOS="1344"
                         HPOS="746">
                  <String ID="string_region_1638883766700_1645l20"
                          HEIGHT="141"
                          WIDTH="2334"
                          VPOS="1344"
                          HPOS="746"
                          CONTENT="sal ul geenhalf de half scheep vraght comen schoopen, met belooft"/>
               </TextLine>
               <TextLine ID="region_1638883766700_1645l21"
                         BASELINE="746,1520 863,1522 980,1524 1098,1526 1215,1527 1333,1528 1450,1530 1567,1532 1685,1532 1802,1532 1920,1530 2037,1529 2154,1526 2272,1522 2389,1516 2507,1510 2624,1502 2741,1490 2859,1479 2976,1464 3094,1448"
                         HEIGHT="151"
                         WIDTH="2379"
                         VPOS="1398"
                         HPOS="730">
                  <String ID="string_region_1638883766700_1645l21"
                          HEIGHT="151"
                          WIDTH="2379"
                          VPOS="1398"
                          HPOS="730"
                          CONTENT="in Laken packen in plaets te levegen, de welck egnter voortgeheel"/>
               </TextLine>
               <TextLine ID="region_1638883766700_1645l22"
                         BASELINE="742,1602 858,1598 974,1596 1090,1596 1206,1596 1323,1596 1439,1596 1555,1596 1671,1598 1787,1598 1904,1596 2020,1596 2136,1594 2252,1590 2368,1585 2485,1579 2601,1571 2717,1561 2833,1548 2949,1533 3066,1514"
                         HEIGHT="146"
                         WIDTH="2356"
                         VPOS="1467"
                         HPOS="725">
                  <String ID="string_region_1638883766700_1645l22"
                          HEIGHT="146"
                          WIDTH="2356"
                          VPOS="1467"
                          HPOS="725"
                          CONTENT="koope water niet soecke aen boort gestelt te worden de sjde"/>
               </TextLine>
               <TextLine ID="region_1638883766700_1645l23"
                         BASELINE="734,1678 846,1676 959,1673 1072,1672 1184,1670 1297,1670 1410,1672 1522,1672 1635,1672 1748,1672 1861,1672 1973,1670 2086,1670 2199,1666 2311,1662 2424,1657 2537,1650 2649,1642 2762,1631 2875,1617 2988,1602"
                         HEIGHT="147"
                         WIDTH="2286"
                         VPOS="1554"
                         HPOS="716">
                  <String ID="string_region_1638883766700_1645l23"
                          HEIGHT="147"
                          WIDTH="2286"
                          VPOS="1554"
                          HPOS="716"
                          CONTENT="houssens kan ul doen dobbel u baleer en &amp; aendobbelaer mede"/>
               </TextLine>
               <TextLine ID="region_1638883766700_1645l24"
                         BASELINE="744,1744 858,1742 973,1742 1087,1742 1202,1742 1316,1742 1431,1742 1545,1742 1660,1742 1774,1740 1889,1739 2003,1736 2118,1734 2232,1730 2347,1724 2461,1718 2576,1710 2690,1702 2805,1693 2919,1680 3034,1666"
                         HEIGHT="186"
                         WIDTH="2320"
                         VPOS="1608"
                         HPOS="729">
                  <String ID="string_region_1638883766700_1645l24"
                          HEIGHT="186"
                          WIDTH="2320"
                          VPOS="1608"
                          HPOS="729"
                          CONTENT="geven den sel ue heden nae costij vertreckende gelieft hem te"/>
               </TextLine>
               <TextLine ID="region_1638883766700_1645l25"
                         BASELINE="714,1810 831,1812 949,1812 1066,1814 1184,1814 1301,1812 1419,1812 1536,1810 1654,1810 1771,1806 1889,1804 2006,1801 2124,1797 2241,1793 2359,1788 2476,1782 2594,1776 2711,1769 2829,1762 2946,1752 3064,1744"
                         HEIGHT="179"
                         WIDTH="2380"
                         VPOS="1675"
                         HPOS="698">
                  <String ID="string_region_1638883766700_1645l25"
                          HEIGHT="179"
                          WIDTH="2380"
                          VPOS="1675"
                          HPOS="698"
                          CONTENT="belasten daer seer goede sorge voorte dragen aermede ick"/>
               </TextLine>
               <TextLine ID="region_1638883766700_1645l26"
                         BASELINE="2272,1854 2308,1854 2345,1853 2382,1852 2418,1851 2455,1850 2492,1850 2528,1848 2565,1848 2602,1846 2639,1845 2675,1844 2712,1841 2749,1840 2785,1838 2822,1836 2859,1833 2895,1830 2932,1828 2969,1824 3006,1822"
                         HEIGHT="143"
                         WIDTH="765"
                         VPOS="1763"
                         HPOS="2256">
                  <String ID="string_region_1638883766700_1645l26"
                          HEIGHT="143"
                          WIDTH="765"
                          VPOS="1763"
                          HPOS="2256"
                          CONTENT="In Antw: 28"/>
               </TextLine>
               <TextLine ID="region_1638883766700_1645l27"
                         BASELINE="488,1884 537,1884 587,1884 637,1884 686,1884 736,1884 786,1884 835,1884 885,1882 935,1882 985,1881 1034,1880 1084,1880 1134,1878 1183,1878 1233,1878 1283,1876 1332,1876 1382,1876 1432,1874 1482,1874"
                         HEIGHT="165"
                         WIDTH="1027"
                         VPOS="1775"
                         HPOS="471">
                  <String ID="string_region_1638883766700_1645l27"
                          HEIGHT="165"
                          WIDTH="1027"
                          VPOS="1775"
                          HPOS="471"
                          CONTENT="Brussel Anthoni opeeters"/>
               </TextLine>
               <TextLine ID="region_1638883766700_1645l28"
                         BASELINE="746,1964 860,1962 975,1960 1089,1958 1204,1958 1318,1958 1433,1958 1547,1956 1662,1956 1776,1954 1891,1952 2005,1950 2120,1948 2234,1943 2349,1938 2463,1931 2578,1923 2692,1914 2807,1903 2921,1890 3036,1876"
                         HEIGHT="145"
                         WIDTH="2321"
                         VPOS="1840"
                         HPOS="730">
                  <String ID="string_region_1638883766700_1645l28"
                          HEIGHT="145"
                          WIDTH="2321"
                          VPOS="1840"
                          HPOS="730"
                          CONTENT="in antwoort vanden ul van 17 deser wegkens de onverkoght"/>
               </TextLine>
               <TextLine ID="region_1638883766700_1645l29"
                         BASELINE="736,2028 849,2027 963,2026 1076,2026 1190,2026 1304,2026 1417,2026 1531,2026 1644,2026 1758,2026 1872,2024 1985,2022 2099,2020 2212,2016 2326,2010 2440,2002 2553,1995 2667,1984 2780,1972 2894,1958 3008,1940"
                         HEIGHT="145"
                         WIDTH="2304"
                         VPOS="1902"
                         HPOS="719">
                  <String ID="string_region_1638883766700_1645l29"
                          HEIGHT="145"
                          WIDTH="2304"
                          VPOS="1902"
                          HPOS="719"
                          CONTENT="deventer paijen en laken deselve sijn saltijt tot ul dispositie midt"/>
               </TextLine>
               <TextLine ID="region_1638883766700_1645l30"
                         BASELINE="748,2104 862,2102 977,2102 1092,2100 1206,2100 1321,2100 1436,2100 1550,2100 1665,2100 1780,2098 1895,2096 2009,2094 2124,2089 2239,2085 2353,2076 2468,2069 2583,2059 2697,2046 2812,2032 2927,2015 3042,1996"
                         HEIGHT="190"
                         WIDTH="2325"
                         VPOS="1951"
                         HPOS="733">
                  <String ID="string_region_1638883766700_1645l30"
                          HEIGHT="190"
                          WIDTH="2325"
                          VPOS="1951"
                          HPOS="733"
                          CONTENT="mij ontlastende en ben den alderuytterste verwondert dat ul sich"/>
               </TextLine>
               <TextLine ID="region_1638883766700_1645l31"
                         BASELINE="738,2172 853,2174 968,2175 1083,2176 1198,2176 1314,2176 1429,2176 1544,2174 1659,2171 1774,2168 1890,2164 2005,2158 2120,2152 2235,2144 2350,2137 2466,2128 2581,2119 2696,2107 2811,2093 2926,2079 3042,2064"
                         HEIGHT="208"
                         WIDTH="2334"
                         VPOS="2025"
                         HPOS="722">
                  <String ID="string_region_1638883766700_1645l31"
                          HEIGHT="208"
                          WIDTH="2334"
                          VPOS="2025"
                          HPOS="722"
                          CONTENT="sulck preiuditie doet oock hebbe ul broeders dat geschreven &amp; door"/>
               </TextLine>
               <TextLine ID="region_1638883766700_1645l32"
                         BASELINE="738,2244 856,2246 974,2246 1092,2246 1210,2246 1328,2244 1446,2242 1564,2240 1682,2236 1800,2233 1918,2227 2036,2221 2154,2215 2272,2207 2390,2198 2508,2188 2626,2177 2744,2166 2862,2153 2980,2139 3098,2124"
                         HEIGHT="190"
                         WIDTH="2394"
                         VPOS="2084"
                         HPOS="721">
                  <String ID="string_region_1638883766700_1645l32"
                          HEIGHT="190"
                          WIDTH="2394"
                          VPOS="2084"
                          HPOS="721"
                          CONTENT="ander doen seggen om door ons affeeren eijnde te doen maken"/>
               </TextLine>
               <TextLine ID="region_1638883766700_1645l33"
                         BASELINE="736,2324 850,2320 965,2317 1080,2314 1195,2312 1310,2312 1425,2310 1540,2308 1655,2306 1770,2303 1885,2300 1999,2296 2114,2290 2229,2284 2344,2276 2459,2265 2574,2254 2689,2241 2804,2224 2919,2206 3034,2184"
                         HEIGHT="216"
                         WIDTH="2330"
                         VPOS="2139"
                         HPOS="720">
                  <String ID="string_region_1638883766700_1645l33"
                          HEIGHT="216"
                          WIDTH="2330"
                          VPOS="2139"
                          HPOS="720"
                          CONTENT="hebbe alde gaederen moet doen erpersen op doen &amp; omtegens de "/>
               </TextLine>
               <TextLine ID="region_1638883766700_1645l34"
                         BASELINE="748,2400 858,2392 969,2389 1079,2386 1190,2383 1300,2382 1411,2380 1521,2378 1632,2376 1742,2375 1853,2372 1963,2370 2074,2366 2184,2359 2295,2352 2405,2343 2516,2332 2626,2319 2737,2302 2847,2283 2958,2260"
                         HEIGHT="197"
                         WIDTH="2245"
                         VPOS="2213"
                         HPOS="731">
                  <String ID="string_region_1638883766700_1645l34"
                          HEIGHT="197"
                          WIDTH="2245"
                          VPOS="2213"
                          HPOS="731"
                          CONTENT="motten te bevrijden, en oock weijnigh verkoght waer vande Rek"/>
               </TextLine>
               <TextLine ID="region_1638883766700_1645l35"
                         BASELINE="738,2470 852,2466 966,2464 1080,2461 1194,2460 1308,2458 1422,2456 1536,2454 1650,2450 1764,2448 1878,2444 1992,2439 2106,2433 2220,2426 2334,2417 2448,2407 2562,2396 2676,2381 2790,2365 2904,2346 3018,2324"
                         HEIGHT="245"
                         WIDTH="2313"
                         VPOS="2281"
                         HPOS="721">
                  <String ID="string_region_1638883766700_1645l35"
                          HEIGHT="245"
                          WIDTH="2313"
                          VPOS="2281"
                          HPOS="721"
                          CONTENT="p naeste sal sende als mede ul iek courant ick verwonder en"/>
               </TextLine>
               <TextLine ID="region_1638883766700_1645l36"
                         BASELINE="744,2546 861,2542 978,2540 1095,2538 1213,2536 1330,2534 1447,2531 1565,2528 1682,2524 1799,2521 1917,2515 2034,2508 2151,2500 2268,2491 2386,2480 2503,2468 2620,2452 2738,2436 2855,2417 2972,2394 3090,2370"
                         HEIGHT="277"
                         WIDTH="2379"
                         VPOS="2307"
                         HPOS="729">
                  <String ID="string_region_1638883766700_1645l36"
                          HEIGHT="277"
                          WIDTH="2379"
                          VPOS="2307"
                          HPOS="729"
                          CONTENT="mij noch meer dat ul hier komt ende nae ul intrest niet een"/>
               </TextLine>
               <TextLine ID="region_1638883766700_1645l37"
                         BASELINE="750,2618 865,2615 981,2612 1097,2609 1213,2606 1329,2605 1444,2602 1560,2600 1676,2598 1792,2594 1908,2590 2023,2585 2139,2577 2255,2569 2371,2560 2487,2549 2602,2536 2718,2521 2834,2504 2950,2483 3066,2460"
                         HEIGHT="248"
                         WIDTH="2349"
                         VPOS="2394"
                         HPOS="734">
                  <String ID="string_region_1638883766700_1645l37"
                          HEIGHT="248"
                          WIDTH="2349"
                          VPOS="2394"
                          HPOS="734"
                          CONTENT="omsiet Ick hebbe de weduwe Rouwens den Eert brief van £200:"/>
               </TextLine>
               <TextLine ID="region_1638883766700_1645l38"
                         BASELINE="740,2696 857,2691 975,2686 1092,2683 1210,2680 1327,2677 1445,2674 1562,2671 1680,2668 1797,2664 1915,2660 2032,2655 2150,2648 2267,2641 2385,2632 2502,2623 2620,2609 2737,2595 2855,2578 2972,2560 3090,2538"
                         HEIGHT="227"
                         WIDTH="2381"
                         VPOS="2494"
                         HPOS="722">
                  <String ID="string_region_1638883766700_1645l38"
                          HEIGHT="227"
                          WIDTH="2381"
                          VPOS="2494"
                          HPOS="722"
                          CONTENT="betael nu manqueert maer gelt voor dandere d'welck wenschte"/>
               </TextLine>
               <TextLine ID="region_1638883766700_1645l39"
                         BASELINE="746,2762 859,2757 973,2752 1087,2748 1201,2744 1315,2742 1428,2740 1542,2737 1656,2734 1770,2732 1884,2728 1997,2724 2111,2718 2225,2712 2339,2703 2453,2692 2566,2680 2680,2665 2794,2648 2908,2627 3022,2604"
                         HEIGHT="242"
                         WIDTH="2309"
                         VPOS="2571"
                         HPOS="729">
                  <String ID="string_region_1638883766700_1645l39"
                          HEIGHT="242"
                          WIDTH="2309"
                          VPOS="2571"
                          HPOS="729"
                          CONTENT="ul konde bij brengen, om sot als tadiisteere want verstaen"/>
               </TextLine>
               <TextLine ID="region_1638883766700_1645l40"
                         BASELINE="744,2844 859,2838 975,2833 1091,2828 1207,2824 1323,2822 1439,2818 1555,2815 1671,2810 1787,2807 1903,2802 2018,2796 2134,2790 2250,2781 2366,2772 2482,2761 2598,2748 2714,2734 2830,2715 2946,2697 3062,2674"
                         HEIGHT="223"
                         WIDTH="2349"
                         VPOS="2632"
                         HPOS="727">
                  <String ID="string_region_1638883766700_1645l40"
                          HEIGHT="223"
                          WIDTH="2349"
                          VPOS="2632"
                          HPOS="727"
                          CONTENT="en wille vandie saeck een eijnde hebben, en sal waer toe sal"/>
               </TextLine>
               <TextLine ID="region_1638883766700_1645l41"
                         BASELINE="738,2918 852,2912 966,2906 1081,2902 1195,2898 1310,2894 1424,2892 1538,2888 1653,2886 1767,2882 1882,2877 1996,2872 2110,2865 2225,2857 2339,2848 2454,2836 2568,2823 2682,2807 2797,2789 2911,2767 3026,2744"
                         HEIGHT="253"
                         WIDTH="2324"
                         VPOS="2700"
                         HPOS="719">
                  <String ID="string_region_1638883766700_1645l41"
                          HEIGHT="253"
                          WIDTH="2324"
                          VPOS="2700"
                          HPOS="719"
                          CONTENT="contribeeren, wat van mijn cant kan verwaght worden ul "/>
               </TextLine>
               <TextLine ID="region_1638883766700_1645l42"
                         BASELINE="734,2994 851,2986 968,2980 1085,2974 1202,2969 1319,2964 1436,2962 1553,2958 1670,2954 1787,2950 1904,2946 2021,2941 2138,2934 2255,2927 2372,2919 2489,2908 2606,2896 2723,2882 2840,2866 2957,2847 3074,2826"
                         HEIGHT="233"
                         WIDTH="2370"
                         VPOS="2779"
                         HPOS="717">
                  <String ID="string_region_1638883766700_1645l42"
                          HEIGHT="233"
                          WIDTH="2370"
                          VPOS="2779"
                          HPOS="717"
                          CONTENT="moet sich niet reguleeren vant anderlieden segen van verkop"/>
               </TextLine>
               <TextLine ID="region_1638883766700_1645l43"
                         BASELINE="752,3060 868,3056 985,3054 1102,3050 1218,3046 1335,3043 1452,3039 1568,3034 1685,3028 1802,3023 1919,3016 2035,3009 2152,3001 2269,2992 2385,2983 2502,2971 2619,2960 2735,2945 2852,2931 2969,2915 3086,2898"
                         HEIGHT="238"
                         WIDTH="2369"
                         VPOS="2851"
                         HPOS="734">
                  <String ID="string_region_1638883766700_1645l43"
                          HEIGHT="238"
                          WIDTH="2369"
                          VPOS="2851"
                          HPOS="734"
                          CONTENT="van goederen, waat ick hebbe deventer bayen van alle prijsen"/>
               </TextLine>
               <TextLine ID="region_1638883766700_1645l44"
                         BASELINE="1984,3100 2014,3100 2044,3100"
                         HEIGHT="101"
                         WIDTH="92"
                         VPOS="3032"
                         HPOS="1968">
                  <String ID="string_region_1638883766700_1645l44"
                          HEIGHT="101"
                          WIDTH="92"
                          VPOS="3032"
                          HPOS="1968"
                          CONTENT="2"/>
               </TextLine>
               <TextLine ID="region_1638883766700_1645l45"
                         BASELINE="732,3128 787,3126 843,3126 899,3126 954,3124 1010,3122 1066,3122 1121,3120 1177,3117 1233,3115 1289,3112 1344,3110 1400,3108 1456,3106 1511,3102 1567,3100 1623,3096 1678,3094 1734,3090 1790,3088 1846,3084"
                         HEIGHT="131"
                         WIDTH="1148"
                         VPOS="3037"
                         HPOS="714">
                  <String ID="string_region_1638883766700_1645l45"
                          HEIGHT="131"
                          WIDTH="1148"
                          VPOS="3037"
                          HPOS="714"
                          CONTENT="sul van 16 sp delle blijve"/>
               </TextLine>
               <TextLine ID="region_1638883766700_1645l46"
                         BASELINE="2222,3132 2263,3134 2305,3136 2346,3138 2388,3138 2429,3138 2471,3136 2512,3135 2554,3133 2595,3130 2637,3129 2678,3126 2720,3123 2761,3122 2803,3120 2844,3118 2886,3118 2927,3118 2969,3118 3010,3121 3052,3122"
                         HEIGHT="147"
                         WIDTH="860"
                         VPOS="3035"
                         HPOS="2207">
                  <String ID="string_region_1638883766700_1645l46"
                          HEIGHT="147"
                          WIDTH="860"
                          VPOS="3035"
                          HPOS="2207"
                          CONTENT="In Antwerp 21 Janu8"/>
               </TextLine>
               <TextLine ID="region_1638883766700_1645l47"
                         BASELINE="424,3196 453,3195 483,3194 513,3194 542,3194 572,3195 602,3196 631,3197 661,3199 691,3201 721,3203 750,3204 780,3204 810,3206 839,3206 869,3206 899,3206 928,3204 958,3202 988,3199 1018,3194"
                         HEIGHT="176"
                         WIDTH="624"
                         VPOS="3076"
                         HPOS="409">
                  <String ID="string_region_1638883766700_1645l47"
                          HEIGHT="176"
                          WIDTH="624"
                          VPOS="3076"
                          HPOS="409"
                          CONTENT="Bergen Biltins"/>
               </TextLine>
               <TextLine ID="region_1638883766700_1645l48"
                         BASELINE="748,3276 863,3269 978,3264 1093,3260 1209,3256 1324,3254 1439,3254 1555,3252 1670,3252 1785,3252 1901,3252 2016,3252 2131,3250 2246,3250 2362,3248 2477,3244 2592,3241 2708,3235 2823,3229 2938,3221 3054,3210"
                         HEIGHT="168"
                         WIDTH="2338"
                         VPOS="3123"
                         HPOS="732">
                  <String ID="string_region_1638883766700_1645l48"
                          HEIGHT="168"
                          WIDTH="2338"
                          VPOS="3123"
                          HPOS="732"
                          CONTENT="Mons. Ick hebbe geconsidereert de schildereij daer ul van schrijft en "/>
               </TextLine>
               <TextLine ID="region_1638883766700_1645l49"
                         BASELINE="752,3344 869,3342 987,3340 1105,3338 1222,3338 1340,3336 1458,3336 1575,3336 1693,3334 1811,3334 1929,3332 2046,3332 2164,3330 2282,3328 2399,3326 2517,3322 2635,3319 2752,3314 2870,3308 2988,3302 3106,3296"
                         HEIGHT="119"
                         WIDTH="2385"
                         VPOS="3268"
                         HPOS="736">
                  <String ID="string_region_1638883766700_1645l49"
                          HEIGHT="119"
                          WIDTH="2385"
                          VPOS="3268"
                          HPOS="736"
                          CONTENT="soude lightelijck &amp; stucken koopen soo mij die aenstaen ofte meer daerom"/>
               </TextLine>
               <TextLine ID="region_1638883766700_1645l50"
                         BASELINE="2650,3358 2676,3355 2702,3351 2728,3350 2755,3348 2781,3348 2807,3347 2834,3346"
                         HEIGHT="69"
                         WIDTH="217"
                         VPOS="3307"
                         HPOS="2632">
                  <String ID="string_region_1638883766700_1645l50"
                          HEIGHT="69"
                          WIDTH="217"
                          VPOS="3307"
                          HPOS="2632"
                          CONTENT="reanden"/>
               </TextLine>
               <TextLine ID="region_1638883766700_1645l51"
                         BASELINE="730,3420 844,3420 958,3422 1072,3422 1186,3422 1300,3422 1414,3422 1528,3422 1642,3422 1756,3422 1870,3420 1984,3420 2098,3418 2212,3415 2326,3412 2440,3410 2554,3406 2668,3400 2782,3396 2896,3391 3010,3384"
                         HEIGHT="124"
                         WIDTH="2311"
                         VPOS="3339"
                         HPOS="713">
                  <String ID="string_region_1638883766700_1645l51"
                          HEIGHT="124"
                          WIDTH="2311"
                          VPOS="3339"
                          HPOS="713"
                          CONTENT="kan ul mij de 4 levens groote &amp; d'ander 4 van 12 pass sal mijn"/>
               </TextLine>
               <TextLine ID="region_1638883766700_1645l52"
                         BASELINE="734,3502 846,3502 959,3504 1072,3504 1185,3506 1298,3506 1411,3506 1524,3506 1637,3506 1750,3506 1863,3506 1975,3504 2088,3502 2201,3500 2314,3498 2427,3494 2540,3490 2653,3486 2766,3480 2879,3474 2992,3468"
                         HEIGHT="162"
                         WIDTH="2291"
                         VPOS="3413"
                         HPOS="717">
                  <String ID="string_region_1638883766700_1645l52"
                          HEIGHT="162"
                          WIDTH="2291"
                          VPOS="3413"
                          HPOS="717"
                          CONTENT="gost imij daer uijt nemen en soo sij mij animeeren p avontured al"/>
               </TextLine>
               <TextLine ID="region_1638883766700_1645l53"
                         BASELINE="738,3588 841,3588 944,3586 1047,3586 1150,3586 1253,3586 1356,3586 1459,3586 1562,3586 1665,3586 1769,3586 1872,3584 1975,3584 2078,3582 2181,3580 2284,3578 2387,3574 2490,3571 2593,3566 2696,3560 2800,3552"
                         HEIGHT="124"
                         WIDTH="2091"
                         VPOS="3487"
                         HPOS="723">
                  <String ID="string_region_1638883766700_1645l53"
                          HEIGHT="124"
                          WIDTH="2091"
                          VPOS="3487"
                          HPOS="723"
                          CONTENT="doch ick moetse sien ter wijlen ul antwoort waghden"/>
               </TextLine>
               <TextLine ID="region_1638883766700_1645l54"
                         BASELINE="2184,3650 2227,3650 2271,3648 2314,3648 2358,3647 2401,3646 2445,3646 2488,3646 2532,3644 2575,3644 2619,3644 2662,3642 2706,3641 2749,3640 2793,3637 2836,3636 2880,3632 2923,3629 2967,3626 3010,3620 3054,3616"
                         HEIGHT="144"
                         WIDTH="903"
                         VPOS="3554"
                         HPOS="2166">
                  <String ID="string_region_1638883766700_1645l54"
                          HEIGHT="144"
                          WIDTH="903"
                          VPOS="3554"
                          HPOS="2166"
                          CONTENT="En Anvers 21 Janu 1681"/>
               </TextLine>
               <TextLine ID="region_1638883766700_1645l55"
                         BASELINE="468,3686 514,3682 560,3679 607,3677 653,3674 700,3672 746,3670 792,3668 839,3667 885,3666 932,3664 978,3664 1024,3664 1071,3664 1117,3664 1164,3664 1210,3664 1256,3664 1303,3664 1349,3664 1396,3664"
                         HEIGHT="143"
                         WIDTH="959"
                         VPOS="3587"
                         HPOS="451">
                  <String ID="string_region_1638883766700_1645l55"
                          HEIGHT="143"
                          WIDTH="959"
                          VPOS="3587"
                          HPOS="451"
                          CONTENT="Mons Pierre Meurant"/>
               </TextLine>
               <TextLine ID="region_1638883766700_1645l56"
                         BASELINE="730,3740 847,3740 964,3740 1081,3740 1199,3740 1316,3740 1433,3741 1551,3742 1668,3742 1785,3742 1903,3740 2020,3740 2137,3738 2254,3737 2372,3734 2489,3732 2606,3728 2724,3724 2841,3720 2958,3714 3076,3708"
                         HEIGHT="136"
                         WIDTH="2376"
                         VPOS="3655"
                         HPOS="716">
                  <String ID="string_region_1638883766700_1645l56"
                          HEIGHT="136"
                          WIDTH="2376"
                          VPOS="3655"
                          HPOS="716"
                          CONTENT="Mons. in response a la vre du 17 &amp; 19 courant je vous diray qu'ilat "/>
               </TextLine>
               <TextLine ID="region_1638883766700_1645l57"
                         BASELINE="740,3804 853,3804 967,3804 1081,3806 1195,3806 1309,3808 1423,3810 1537,3812 1651,3812 1765,3814 1879,3815 1992,3816 2106,3816 2220,3814 2334,3813 2448,3810 2562,3808 2676,3804 2790,3798 2904,3790 3018,3782"
                         HEIGHT="117"
                         WIDTH="2307"
                         VPOS="3747"
                         HPOS="725">
                  <String ID="string_region_1638883766700_1645l57"
                          HEIGHT="117"
                          WIDTH="2307"
                          VPOS="3747"
                          HPOS="725"
                          CONTENT="ma foute touchant le temp de la lattre £292:14:2 a cause que jay me"/>
               </TextLine>
               <TextLine ID="region_1638883766700_1645l58"
                         BASELINE="722,3886 841,3886 960,3884 1079,3884 1198,3884 1318,3884 1437,3886 1556,3886 1675,3888 1794,3888 1914,3888 2033,3890 2152,3890 2271,3890 2390,3888 2510,3888 2629,3886 2748,3884 2867,3880 2986,3876 3106,3870"
                         HEIGHT="106"
                         WIDTH="2415"
                         VPOS="3834"
                         HPOS="707">
                  <String ID="string_region_1638883766700_1645l58"
                          HEIGHT="106"
                          WIDTH="2415"
                          VPOS="3834"
                          HPOS="707"
                          CONTENT="souven is de lusance d'espaine quil fait trois mois icy maiscelle de verien"/>
               </TextLine>
               <TextLine ID="region_1638883766700_1645l59"
                         BASELINE="728,3960 846,3960 965,3960 1084,3960 1203,3960 1322,3962 1440,3962 1559,3962 1678,3962 1797,3964 1916,3964 2034,3964 2153,3964 2272,3964 2391,3964 2510,3962 2628,3962 2747,3960 2866,3959 2985,3956 3104,3954"
                         HEIGHT="101"
                         WIDTH="2406"
                         VPOS="3889"
                         HPOS="712">
                  <String ID="string_region_1638883766700_1645l59"
                          HEIGHT="101"
                          WIDTH="2406"
                          VPOS="3889"
                          HPOS="712"
                          CONTENT="troi deux, en fin vre remise est paye, et ceste celle pour cent liure de"/>
               </TextLine>
               <TextLine ID="region_1638883766700_1645l60"
                         BASELINE="730,4034 848,4032 966,4030 1085,4028 1203,4028 1322,4028 1440,4028 1558,4030 1677,4032 1795,4032 1914,4034 2032,4035 2150,4036 2269,4036 2387,4036 2506,4034 2624,4032 2742,4030 2861,4026 2979,4020 3098,4014"
                         HEIGHT="114"
                         WIDTH="2397"
                         VPOS="3970"
                         HPOS="715">
                  <String ID="string_region_1638883766700_1645l60"
                          HEIGHT="114"
                          WIDTH="2397"
                          VPOS="3970"
                          HPOS="715"
                          CONTENT="a la charye d' Jan franc Donckers eft accepte, layayement jen"/>
               </TextLine>
               <TextLine ID="region_1638883766700_1645l61"
                         BASELINE="734,4106 849,4102 965,4100 1080,4098 1196,4098 1312,4098 1427,4098 1543,4100 1658,4100 1774,4102 1890,4104 2005,4105 2121,4106 2236,4106 2352,4106 2468,4106 2583,4104 2699,4102 2814,4098 2930,4093 3046,4086"
                         HEIGHT="123"
                         WIDTH="2340"
                         VPOS="4033"
                         HPOS="720">
                  <String ID="string_region_1638883766700_1645l61"
                          HEIGHT="123"
                          WIDTH="2340"
                          VPOS="4033"
                          HPOS="720"
                          CONTENT="pas doubbe, vous tirre sur moy £500: ti0 deros I la doimeray lon"/>
               </TextLine>
               <TextLine ID="region_1638883766700_1645l62"
                         BASELINE="714,4186 830,4182 947,4180 1063,4178 1180,4178 1297,4178 1413,4180 1530,4180 1646,4181 1763,4182 1880,4184 1996,4184 2113,4184 2229,4184 2346,4184 2463,4182 2579,4180 2696,4176 2812,4172 2929,4166 3046,4158"
                         HEIGHT="113"
                         WIDTH="2361"
                         VPOS="4115"
                         HPOS="698">
                  <String ID="string_region_1638883766700_1645l62"
                          HEIGHT="113"
                          WIDTH="2361"
                          VPOS="4115"
                          HPOS="698"
                          CONTENT="honoure sontemp, mais a cause vre grace est intention destre icy"/>
               </TextLine>
               <TextLine ID="region_1638883766700_1645l63"
                         BASELINE="714,4254 832,4252 951,4250 1070,4248 1188,4248 1307,4248 1426,4248 1544,4248 1663,4248 1782,4250 1901,4250 2019,4250 2138,4250 2257,4250 2375,4248 2494,4248 2613,4246 2731,4242 2850,4239 2969,4234 3088,4228"
                         HEIGHT="147"
                         WIDTH="2403"
                         VPOS="4157"
                         HPOS="699">
                  <String ID="string_region_1638883766700_1645l63"
                          HEIGHT="147"
                          WIDTH="2403"
                          VPOS="4157"
                          HPOS="699"
                          CONTENT="davant a lors, il vous foudroit avoir fait un lettre, al charge de vous"/>
               </TextLine>
               <TextLine ID="region_1638883766700_1645l64"
                         BASELINE="714,4330 831,4328 948,4328 1065,4328 1182,4328 1299,4326 1416,4326 1533,4326 1650,4326 1767,4326 1885,4324 2002,4324 2119,4323 2236,4322 2353,4320 2470,4318 2587,4316 2704,4312 2821,4310 2938,4305 3056,4300"
                         HEIGHT="128"
                         WIDTH="2373"
                         VPOS="4239"
                         HPOS="698">
                  <String ID="string_region_1638883766700_1645l64"
                          HEIGHT="128"
                          WIDTH="2373"
                          VPOS="4239"
                          HPOS="698"
                          CONTENT="maine payable dans ma maison silon lacastome aon bele ordre"/>
               </TextLine>
               <TextLine ID="region_1638883766700_1645l65"
                         BASELINE="732,4388 848,4388 965,4386 1081,4386 1198,4384 1315,4384 1431,4384 1548,4384 1664,4382 1781,4382 1898,4382 2014,4381 2131,4380 2247,4378 2364,4377 2481,4375 2597,4372 2714,4370 2830,4368 2947,4364 3064,4360"
                         HEIGHT="101"
                         WIDTH="2361"
                         VPOS="4310"
                         HPOS="717">
                  <String ID="string_region_1638883766700_1645l65"
                          HEIGHT="101"
                          WIDTH="2361"
                          VPOS="4310"
                          HPOS="717"
                          CONTENT="commeyous la foudrat pecier dans je vous atteadrays ou si la reese"/>
               </TextLine>
            </TextBlock>
            <TextBlock ID="region_1638883769708_1648"
                       HEIGHT="4298"
                       WIDTH="2731"
                       VPOS="106"
                       HPOS="3179">
               <Shape>
                  <Polygon POINTS="3179,106 5910,106 5910,4404 3179,4404"/>
               </Shape>
               <TextLine ID="region_1638883769708_1648l1"
                         BASELINE="3548,218 3665,210 3783,204 3901,200 4019,196 4137,194 4254,192 4372,192 4490,190 4608,192 4726,192 4843,194 4961,194 5079,196 5197,198 5315,198 5432,200 5550,200 5668,202 5786,200 5904,200"
                         HEIGHT="159"
                         WIDTH="2385"
                         VPOS="84"
                         HPOS="3533">
                  <String ID="string_region_1638883769708_1648l1"
                          HEIGHT="159"
                          WIDTH="2385"
                          VPOS="84"
                          HPOS="3533"
                          CONTENT=" salaervonr aee   lad ces "/>
               </TextLine>
               <TextLine ID="region_1638883769708_1648l2"
                         BASELINE="3544,288 3662,280 3780,272 3898,267 4016,262 4134,258 4252,256 4370,254 4488,254 4606,254 4724,254 4842,256 4960,256 5078,258 5196,258 5314,258 5432,258 5550,258 5668,258 5786,256 5904,254"
                         HEIGHT="153"
                         WIDTH="2391"
                         VPOS="162"
                         HPOS="3529">
                  <String ID="string_region_1638883769708_1648l2"
                          HEIGHT="153"
                          WIDTH="2391"
                          VPOS="162"
                          HPOS="3529"
                          CONTENT="enc necessite touts les manifactures d'Enyellettee dan olott son chan"/>
               </TextLine>
               <TextLine ID="region_1638883769708_1648l3"
                         BASELINE="3552,344 3669,337 3786,332 3903,328 4020,325 4138,322 4255,322 4372,320 4489,320 4606,321 4724,322 4841,322 4958,322 5075,324 5192,324 5310,323 5427,322 5544,320 5661,318 5778,314 5896,310"
                         HEIGHT="118"
                         WIDTH="2373"
                         VPOS="258"
                         HPOS="3538">
                  <String ID="string_region_1638883769708_1648l3"
                          HEIGHT="118"
                          WIDTH="2373"
                          VPOS="258"
                          HPOS="3538"
                          CONTENT="il atuncelle party pour moy arrive a brugge, queil soratt icy quandles "/>
               </TextLine>
               <TextLine ID="region_1638883769708_1648l4"
                         BASELINE="3546,410 3662,406 3778,404 3895,402 4011,400 4128,398 4244,398 4360,397 4477,396 4593,396 4710,396 4826,396 4942,396 5059,396 5175,396 5292,396 5408,396 5524,396 5641,396 5757,394 5874,394"
                         HEIGHT="118"
                         WIDTH="2359"
                         VPOS="344"
                         HPOS="3531">
                  <String ID="string_region_1638883769708_1648l4"
                          HEIGHT="118"
                          WIDTH="2359"
                          VPOS="344"
                          HPOS="3531"
                          CONTENT="oux seront overt, non obstant que jesues encore asse pour veu, lovz"/>
               </TextLine>
               <TextLine ID="region_1638883769708_1648l5"
                         BASELINE="3564,480 3680,480 3797,478 3914,478 4031,478 4148,478 4264,476 4381,476 4498,476 4615,475 4732,474 4848,473 4965,472 5082,470 5199,468 5316,466 5432,463 5549,460 5666,456 5783,452 5900,446"
                         HEIGHT="110"
                         WIDTH="2367"
                         VPOS="395"
                         HPOS="3547">
                  <String ID="string_region_1638883769708_1648l5"
                          HEIGHT="110"
                          WIDTH="2367"
                          VPOS="395"
                          HPOS="3547"
                          CONTENT="en n'etein pas a present son cours presentente, tellement que ie vous pour"/>
               </TextLine>
               <TextLine ID="region_1638883769708_1648l6"
                         BASELINE="3568,548 3683,548 3798,548 3913,548 4028,548 4143,548 4258,548 4373,546 4488,546 4603,545 4718,544 4833,542 4948,538 5063,536 5178,533 5293,530 5408,525 5523,520 5638,514 5753,507 5868,500"
                         HEIGHT="121"
                         WIDTH="2333"
                         VPOS="452"
                         HPOS="3551">
                  <String ID="string_region_1638883769708_1648l6"
                          HEIGHT="121"
                          WIDTH="2333"
                          VPOS="452"
                          HPOS="3551"
                          CONTENT="rien recique sur chemin mais envoye p la change depsuis que je suis "/>
               </TextLine>
               <TextLine ID="region_1638883769708_1648l7"
                         BASELINE="3234,614 3341,612 3448,610 3555,610 3663,610 3770,610 3877,612 3985,614 4092,614 4199,616 4307,618 4414,618 4521,618 4628,618 4736,617 4843,614 4950,610 5058,606 5165,600 5272,592 5380,582"
                         HEIGHT="152"
                         WIDTH="2176"
                         VPOS="516"
                         HPOS="3220">
                  <String ID="string_region_1638883769708_1648l7"
                          HEIGHT="152"
                          WIDTH="2176"
                          VPOS="516"
                          HPOS="3220"
                          CONTENT="London Abram rivians Desen volgen brief is versond 18 Jan"/>
               </TextLine>
               <TextLine ID="region_1638883769708_1648l8"
                         BASELINE="5108,648 5148,644 5188,642 5228,639 5268,638 5308,636 5348,634 5388,632 5428,632 5468,629 5508,628 5548,627 5588,625 5628,622 5668,621 5708,620 5748,617 5788,614 5828,612 5868,608 5908,604"
                         HEIGHT="162"
                         WIDTH="834"
                         VPOS="503"
                         HPOS="5091">
                  <String ID="string_region_1638883769708_1648l8"
                          HEIGHT="162"
                          WIDTH="834"
                          VPOS="503"
                          HPOS="5091"
                          CONTENT="In Antwarp 23 Janu 88"/>
               </TextLine>
               <TextLine ID="region_1638883769708_1648l9"
                         BASELINE="4270,678 4300,683 4330,684 4360,679 4390,674"
                         HEIGHT="88"
                         WIDTH="152"
                         VPOS="624"
                         HPOS="4254">
                  <String ID="string_region_1638883769708_1648l9"
                          HEIGHT="88"
                          WIDTH="152"
                          VPOS="624"
                          HPOS="4254"
                          CONTENT="th"/>
               </TextLine>
               <TextLine ID="region_1638883769708_1648l10"
                         BASELINE="3636,684 3656,684"
                         HEIGHT="66"
                         WIDTH="48"
                         VPOS="632"
                         HPOS="3622">
                  <String ID="string_region_1638883769708_1648l10"
                          HEIGHT="66"
                          WIDTH="48"
                          VPOS="632"
                          HPOS="3622"
                          CONTENT=""/>
               </TextLine>
               <TextLine ID="region_1638883769708_1648l11"
                         BASELINE="3560,748 3677,744 3794,742 3911,740 4029,738 4146,738 4263,736 4381,736 4498,736 4615,734 4733,732 4850,732 4967,729 5084,726 5202,723 5319,718 5436,714 5554,706 5671,700 5788,689 5906,680"
                         HEIGHT="168"
                         WIDTH="2377"
                         VPOS="624"
                         HPOS="3543">
                  <String ID="string_region_1638883769708_1648l11"
                          HEIGHT="168"
                          WIDTH="2377"
                          VPOS="624"
                          HPOS="3543"
                          CONTENT="S. my last to you was o1 curitt to which Referee you now I hope the packett"/>
               </TextLine>
               <TextLine ID="region_1638883769708_1648l12"
                         BASELINE="3540,828 3657,824 3775,822 3892,820 4010,816 4127,815 4245,814 4362,812 4480,810 4597,809 4715,808 4832,806 4950,804 5067,800 5185,798 5302,794 5420,790 5537,786 5655,780 5772,773 5890,766"
                         HEIGHT="159"
                         WIDTH="2383"
                         VPOS="700"
                         HPOS="3524">
                  <String ID="string_region_1638883769708_1648l12"
                          HEIGHT="159"
                          WIDTH="2383"
                          VPOS="700"
                          HPOS="3524"
                          CONTENT="N with you by this time N.7 i supose will come by adriaen block"/>
               </TextLine>
               <TextLine ID="region_1638883769708_1648l13"
                         BASELINE="3564,904 3679,902 3795,898 3911,896 4027,894 4143,892 4258,890 4374,889 4490,886 4606,884 4722,882 4837,878 4953,876 5069,872 5185,867 5301,862 5416,856 5532,849 5648,843 5764,834 5880,824"
                         HEIGHT="158"
                         WIDTH="2348"
                         VPOS="773"
                         HPOS="3548">
                  <String ID="string_region_1638883769708_1648l13"
                          HEIGHT="158"
                          WIDTH="2348"
                          VPOS="773"
                          HPOS="3548"
                          CONTENT="a binlander from ostendas I desired N.7 is with him still till other order"/>
               </TextLine>
               <TextLine ID="region_1638883769708_1648l14"
                         BASELINE="3568,980 3684,973 3800,969 3916,966 4032,962 4148,960 4264,958 4380,956 4496,954 4612,952 4729,950 4845,948 4961,946 5077,944 5193,940 5309,935 5425,930 5541,922 5657,915 5773,906 5890,894"
                         HEIGHT="168"
                         WIDTH="2352"
                         VPOS="849"
                         HPOS="3552">
                  <String ID="string_region_1638883769708_1648l14"
                          HEIGHT="168"
                          WIDTH="2352"
                          VPOS="849"
                          HPOS="3552"
                          CONTENT="or opportunnntie now according to yd order of 27 pasttt have provided"/>
               </TextLine>
               <TextLine ID="region_1638883769708_1648l15"
                         BASELINE="3562,1054 3677,1048 3792,1043 3907,1040 4022,1036 4137,1034 4252,1032 4367,1030 4482,1030 4597,1028 4713,1026 4828,1025 4943,1022 5058,1020 5173,1018 5288,1013 5403,1008 5518,1002 5633,994 5748,985 5864,974"
                         HEIGHT="192"
                         WIDTH="2334"
                         VPOS="918"
                         HPOS="3546">
                  <String ID="string_region_1638883769708_1648l15"
                          HEIGHT="192"
                          WIDTH="2334"
                          VPOS="918"
                          HPOS="3546"
                          CONTENT="a fes narrow laces, which shall send by next packett boat with one"/>
               </TextLine>
               <TextLine ID="region_1638883769708_1648l16"
                         BASELINE="3582,1130 3697,1125 3813,1120 3928,1116 4044,1114 4160,1112 4275,1110 4391,1108 4506,1106 4622,1106 4738,1104 4853,1102 4969,1100 5084,1098 5200,1094 5316,1090 5431,1084 5547,1078 5662,1070 5778,1060 5894,1050"
                         HEIGHT="157"
                         WIDTH="2343"
                         VPOS="1004"
                         HPOS="3565">
                  <String ID="string_region_1638883769708_1648l16"
                          HEIGHT="157"
                          WIDTH="2343"
                          VPOS="1004"
                          HPOS="3565"
                          CONTENT=" broad in a small packett N.9 of which an acctt pr. next all accomps "/>
               </TextLine>
               <TextLine ID="region_1638883769708_1648l17"
                         BASELINE="3572,1204 3688,1200 3804,1197 3921,1194 4037,1192 4154,1190 4270,1188 4386,1188 4503,1186 4619,1184 4736,1182 4852,1180 4968,1178 5085,1175 5201,1172 5318,1166 5434,1162 5550,1156 5667,1148 5783,1139 5900,1128"
                         HEIGHT="159"
                         WIDTH="2362"
                         VPOS="1088"
                         HPOS="3555">
                  <String ID="string_region_1638883769708_1648l17"
                          HEIGHT="159"
                          WIDTH="2362"
                          VPOS="1088"
                          HPOS="3555"
                          CONTENT="of sale are made up, so intend to send them next wreck time is very dead"/>
               </TextLine>
               <TextLine ID="region_1638883769708_1648l18"
                         BASELINE="3572,1280 3687,1276 3803,1274 3918,1271 4034,1268 4150,1268 4265,1266 4381,1264 4496,1263 4612,1262 4728,1260 4843,1258 4959,1256 5074,1254 5190,1251 5306,1248 5421,1242 5537,1238 5652,1232 5768,1226 5884,1218"
                         HEIGHT="114"
                         WIDTH="2339"
                         VPOS="1171"
                         HPOS="3558">
                  <String ID="string_region_1638883769708_1648l18"
                          HEIGHT="114"
                          WIDTH="2339"
                          VPOS="1171"
                          HPOS="3558"
                          CONTENT="now so that would not remitt att present as I exspected to have don for yd acctt"/>
               </TextLine>
               <TextLine ID="region_1638883769708_1648l19"
                         BASELINE="3564,1348 3680,1344 3797,1342 3914,1338 4031,1338 4148,1336 4264,1334 4381,1334 4498,1332 4615,1332 4732,1330 4848,1330 4965,1328 5082,1326 5199,1324 5316,1320 5432,1316 5549,1310 5666,1306 5783,1298 5900,1290"
                         HEIGHT="172"
                         WIDTH="2368"
                         VPOS="1231"
                         HPOS="3549">
                  <String ID="string_region_1638883769708_1648l19"
                          HEIGHT="172"
                          WIDTH="2368"
                          VPOS="1231"
                          HPOS="3549"
                          CONTENT="yett hope by my endeavours to graipe some I what for yd acccmmodation"/>
               </TextLine>
               <TextLine ID="region_1638883769708_1648l20"
                         BASELINE="3540,1426 3651,1424 3763,1424 3875,1422 3987,1422 4099,1421 4211,1420 4323,1420 4435,1418 4547,1416 4659,1414 4770,1413 4882,1410 4994,1408 5106,1404 5218,1400 5330,1395 5442,1390 5554,1383 5666,1377 5778,1368"
                         HEIGHT="123"
                         WIDTH="2270"
                         VPOS="1311"
                         HPOS="3525">
                  <String ID="string_region_1638883769708_1648l20"
                          HEIGHT="123"
                          WIDTH="2270"
                          VPOS="1311"
                          HPOS="3525"
                          CONTENT="pray tell mr. Cole that he doth not repray N.4. for n thenvoyces "/>
               </TextLine>
               <TextLine ID="region_1638883769708_1648l21"
                         BASELINE="3564,1504 3679,1502 3795,1500 3911,1498 4027,1498 4143,1498 4258,1498 4374,1498 4490,1498 4606,1497 4722,1496 4837,1496 4953,1493 5069,1490 5185,1487 5301,1482 5416,1475 5532,1468 5648,1459 5764,1447 5880,1434"
                         HEIGHT="177"
                         WIDTH="2346"
                         VPOS="1376"
                         HPOS="3548">
                  <String ID="string_region_1638883769708_1648l21"
                          HEIGHT="177"
                          WIDTH="2346"
                          VPOS="1376"
                          HPOS="3548"
                          CONTENT="find severall mu stakes to yd preiudice viz in those I fV.N1 a 24"/>
               </TextLine>
               <TextLine ID="region_1638883769708_1648l22"
                         BASELINE="3564,1580 3680,1578 3797,1578 3914,1578 4031,1578 4148,1578 4264,1578 4381,1580 4498,1580 4615,1580 4732,1578 4848,1578 4965,1576 5082,1574 5199,1570 5316,1566 5432,1560 5549,1554 5666,1546 5783,1536 5900,1524"
                         HEIGHT="130"
                         WIDTH="2368"
                         VPOS="1460"
                         HPOS="3547">
                  <String ID="string_region_1638883769708_1648l22"
                          HEIGHT="130"
                          WIDTH="2368"
                          VPOS="1460"
                          HPOS="3547"
                          CONTENT="so that them mistlee well examined in N.13 onely is £10 mistake"/>
               </TextLine>
               <TextLine ID="region_1638883769708_1648l23"
                         BASELINE="3550,1658 3664,1658 3778,1658 3893,1658 4007,1658 4122,1658 4236,1658 4350,1658 4465,1658 4579,1658 4694,1658 4808,1658 4922,1656 5037,1654 5151,1650 5266,1646 5380,1642 5494,1636 5609,1631 5723,1621 5838,1612"
                         HEIGHT="135"
                         WIDTH="2319"
                         VPOS="1562"
                         HPOS="3533">
                  <String ID="string_region_1638883769708_1648l23"
                          HEIGHT="135"
                          WIDTH="2319"
                          VPOS="1562"
                          HPOS="3533"
                          CONTENT="viz 10 bajes att 34 he make itt £27 is butt £12 &amp; 10 more p next"/>
               </TextLine>
               <TextLine ID="region_1638883769708_1648l24"
                         BASELINE="5084,1734 5123,1730 5163,1728 5203,1726 5243,1724 5283,1722 5323,1720 5363,1719 5403,1718 5443,1716 5483,1716 5522,1714 5562,1712 5602,1711 5642,1708 5682,1706 5722,1705 5762,1701 5802,1698 5842,1694 5882,1690"
                         HEIGHT="158"
                         WIDTH="831"
                         VPOS="1631"
                         HPOS="5067">
                  <String ID="string_region_1638883769708_1648l24"
                          HEIGHT="158"
                          WIDTH="831"
                          VPOS="1631"
                          HPOS="5067"
                          CONTENT="In Antwerp 21 janu 81"/>
               </TextLine>
               <TextLine ID="region_1638883769708_1648l25"
                         BASELINE="3240,1764 3288,1761 3336,1760 3384,1758 3432,1758 3480,1758 3528,1758 3576,1758 3624,1758 3672,1758 3721,1760 3769,1760 3817,1760 3865,1758 3913,1758 3961,1756 4009,1754 4057,1750 4105,1748 4153,1743 4202,1736"
                         HEIGHT="183"
                         WIDTH="994"
                         VPOS="1637"
                         HPOS="3224">
                  <String ID="string_region_1638883769708_1648l25"
                          HEIGHT="183"
                          WIDTH="994"
                          VPOS="1637"
                          HPOS="3224"
                          CONTENT="London Abram Vivians"/>
               </TextLine>
               <TextLine ID="region_1638883769708_1648l26"
                         BASELINE="4172,1788 4212,1784"
                         HEIGHT="65"
                         WIDTH="74"
                         VPOS="1741"
                         HPOS="4153">
                  <String ID="string_region_1638883769708_1648l26"
                          HEIGHT="65"
                          WIDTH="74"
                          VPOS="1741"
                          HPOS="4153"
                          CONTENT="th"/>
               </TextLine>
               <TextLine ID="region_1638883769708_1648l27"
                         BASELINE="3570,1834 3686,1838 3803,1840 3920,1842 4037,1844 4154,1844 4270,1844 4387,1844 4504,1842 4621,1840 4738,1838 4854,1834 4971,1830 5088,1826 5205,1822 5322,1817 5438,1812 5555,1806 5672,1800 5789,1793 5906,1786"
                         HEIGHT="177"
                         WIDTH="2363"
                         VPOS="1692"
                         HPOS="3555">
                  <String ID="string_region_1638883769708_1648l27"
                          HEIGHT="177"
                          WIDTH="2363"
                          VPOS="1692"
                          HPOS="3555"
                          CONTENT="so mij last on the 18: curitt to which referse you sence recd. both yd of 3&amp; 9dit"/>
               </TextLine>
               <TextLine ID="region_1638883769708_1648l28"
                         BASELINE="3556,1912 3670,1914 3784,1914 3898,1916 4012,1916 4126,1916 4240,1916 4354,1916 4468,1914 4582,1912 4696,1910 4810,1908 4924,1904 5038,1900 5152,1897 5266,1893 5380,1888 5494,1884 5608,1877 5722,1872 5836,1866"
                         HEIGHT="118"
                         WIDTH="2311"
                         VPOS="1867"
                         HPOS="3539">
                  <String ID="string_region_1638883769708_1648l28"
                          HEIGHT="118"
                          WIDTH="2311"
                          VPOS="1867"
                          HPOS="3539"
                          CONTENT="yd bill for £100: so shall finde due honnour &amp; payement &amp; be past to my"/>
               </TextLine>
               <TextLine ID="region_1638883769708_1648l29"
                         BASELINE="3562,1992 3674,1994 3787,1996 3900,1998 4013,1998 4126,1998 4239,1998 4352,1998 4465,1996 4578,1994 4691,1992 4803,1990 4916,1986 5029,1982 5142,1978 5255,1974 5368,1968 5481,1962 5594,1956 5707,1949 5820,1942"
                         HEIGHT="169"
                         WIDTH="2286"
                         VPOS="1886"
                         HPOS="3547">
                  <String ID="string_region_1638883769708_1648l29"
                          HEIGHT="169"
                          WIDTH="2286"
                          VPOS="1886"
                          HPOS="3547"
                          CONTENT="acctt. according to yd order besides if possible shall remitt some more"/>
               </TextLine>
               <TextLine ID="region_1638883769708_1648l30"
                         BASELINE="3550,2076 3667,2076 3784,2078 3901,2078 4018,2078 4135,2080 4252,2080 4369,2080 4486,2078 4603,2078 4720,2076 4837,2074 4954,2072 5071,2070 5188,2066 5305,2062 5422,2056 5539,2049 5656,2043 5773,2034 5890,2026"
                         HEIGHT="117"
                         WIDTH="2372"
                         VPOS="1980"
                         HPOS="3534">
                  <String ID="string_region_1638883769708_1648l30"
                          HEIGHT="117"
                          WIDTH="2372"
                          VPOS="1980"
                          HPOS="3534"
                          CONTENT="intending in few dayes for Brussel in hopes to graspe some mony att "/>
               </TextLine>
               <TextLine ID="region_1638883769708_1648l31"
                         BASELINE="3538,2160 3655,2160 3772,2160 3889,2160 4006,2160 4123,2158 4240,2158 4357,2157 4474,2156 4591,2154 4708,2152 4825,2150 4942,2148 5059,2144 5176,2141 5293,2137 5410,2133 5527,2128 5644,2123 5761,2118 5878,2112"
                         HEIGHT="132"
                         WIDTH="2371"
                         VPOS="2047"
                         HPOS="3521">
                  <String ID="string_region_1638883769708_1648l31"
                          HEIGHT="132"
                          WIDTH="2371"
                          VPOS="2047"
                          HPOS="3521"
                          CONTENT="this time when that com is so scarry. I observe that the packers in "/>
               </TextLine>
               <TextLine ID="region_1638883769708_1648l32"
                         BASELINE="3558,2238 3669,2238 3781,2238 3893,2238 4005,2238 4117,2238 4229,2236 4341,2236 4453,2235 4565,2234 4677,2232 4788,2230 4900,2228 5012,2225 5124,2222 5236,2218 5348,2214 5460,2209 5572,2205 5684,2200 5796,2192"
                         HEIGHT="140"
                         WIDTH="2268"
                         VPOS="2129"
                         HPOS="3541">
                  <String ID="string_region_1638883769708_1648l32"
                          HEIGHT="140"
                          WIDTH="2268"
                          VPOS="2129"
                          HPOS="3541"
                          CONTENT="the northre have been ma mistanzabout ordering the goods you"/>
               </TextLine>
               <TextLine ID="region_1638883769708_1648l33"
                         BASELINE="3562,2312 3676,2312 3790,2312 3904,2312 4018,2312 4132,2312 4246,2312 4360,2312 4474,2310 4588,2310 4703,2308 4817,2306 4931,2305 5045,2302 5159,2300 5273,2296 5387,2293 5501,2288 5615,2284 5729,2278 5844,2272"
                         HEIGHT="147"
                         WIDTH="2311"
                         VPOS="2199"
                         HPOS="3547">
                  <String ID="string_region_1638883769708_1648l33"
                          HEIGHT="147"
                          WIDTH="2311"
                          VPOS="2199"
                          HPOS="3547"
                          CONTENT="brought there for which am sorry, principally because the bayes are"/>
               </TextLine>
               <TextLine ID="region_1638883769708_1648l34"
                         BASELINE="3558,2390 3675,2390 3792,2390 3909,2390 4027,2390 4144,2390 4261,2390 4379,2390 4496,2388 4613,2388 4731,2386 4848,2384 4965,2382 5082,2378 5200,2375 5317,2372 5434,2366 5552,2362 5669,2357 5786,2350 5904,2344"
                         HEIGHT="171"
                         WIDTH="2377"
                         VPOS="2286"
                         HPOS="3542">
                  <String ID="string_region_1638883769708_1648l34"
                          HEIGHT="171"
                          WIDTH="2377"
                          VPOS="2286"
                          HPOS="3542"
                          CONTENT="packt without notice of sorts or prijses, truly itt should be much better"/>
               </TextLine>
               <TextLine ID="region_1638883769708_1648l35"
                         BASELINE="3554,2474 3670,2472 3787,2472 3903,2472 4020,2470 4136,2470 4253,2470 4369,2468 4486,2468 4602,2466 4719,2464 4835,2464 4952,2460 5068,2458 5185,2454 5301,2450 5418,2446 5534,2440 5651,2433 5767,2426 5884,2418"
                         HEIGHT="131"
                         WIDTH="2362"
                         VPOS="2367"
                         HPOS="3538">
                  <String ID="string_region_1638883769708_1648l35"
                          HEIGHT="131"
                          WIDTH="2362"
                          VPOS="2367"
                          HPOS="3538"
                          CONTENT="to order them to be impackett againe, &amp; to looks them over nthen to be"/>
               </TextLine>
               <TextLine ID="region_1638883769708_1648l36"
                         BASELINE="3556,2546 3672,2543 3789,2542 3906,2540 4023,2540 4140,2538 4257,2538 4374,2538 4491,2536 4608,2536 4725,2534 4841,2532 4958,2530 5075,2528 5192,2524 5309,2520 5426,2516 5543,2512 5660,2505 5777,2498 5894,2490"
                         HEIGHT="171"
                         WIDTH="2371"
                         VPOS="2426"
                         HPOS="3540">
                  <String ID="string_region_1638883769708_1648l36"
                          HEIGHT="171"
                          WIDTH="2371"
                          VPOS="2426"
                          HPOS="3540"
                          CONTENT="packt, that so wee kan know the true contents of every bale, otherwis"/>
               </TextLine>
               <TextLine ID="region_1638883769708_1648l37"
                         BASELINE="3544,2618 3661,2616 3779,2614 3897,2612 4014,2610 4132,2610 4250,2608 4367,2608 4485,2607 4603,2606 4721,2604 4838,2604 4956,2602 5074,2600 5191,2597 5309,2594 5427,2590 5544,2585 5662,2579 5780,2573 5898,2564"
                         HEIGHT="135"
                         WIDTH="2385"
                         VPOS="2527"
                         HPOS="3529">
                  <String ID="string_region_1638883769708_1648l37"
                          HEIGHT="135"
                          WIDTH="2385"
                          VPOS="2527"
                          HPOS="3529"
                          CONTENT="I am att aloss here &amp; where as wee some times sell the bales without"/>
               </TextLine>
               <TextLine ID="region_1638883769708_1648l38"
                         BASELINE="3536,2684 3654,2684 3773,2686 3891,2688 4010,2690 4128,2690 4247,2690 4365,2692 4484,2692 4602,2690 4721,2690 4839,2688 4958,2686 5076,2684 5195,2680 5313,2677 5432,2672 5550,2666 5669,2661 5787,2654 5906,2646"
                         HEIGHT="151"
                         WIDTH="2400"
                         VPOS="2589"
                         HPOS="3521">
                  <String ID="string_region_1638883769708_1648l38"
                          HEIGHT="151"
                          WIDTH="2400"
                          VPOS="2589"
                          HPOS="3521"
                          CONTENT="opening in case I know not the contents shall be forceed, to open them"/>
               </TextLine>
               <TextLine ID="region_1638883769708_1648l39"
                         BASELINE="3560,2772 3673,2768 3787,2766 3900,2764 4014,2764 4127,2764 4241,2764 4354,2764 4468,2764 4581,2765 4695,2766 4808,2766 4922,2764 5035,2764 5149,2762 5262,2758 5376,2755 5489,2749 5603,2744 5716,2736 5830,2726"
                         HEIGHT="134"
                         WIDTH="2302"
                         VPOS="2679"
                         HPOS="3544">
                  <String ID="string_region_1638883769708_1648l39"
                          HEIGHT="134"
                          WIDTH="2302"
                          VPOS="2679"
                          HPOS="3544"
                          CONTENT="allhere att once which will be a preiudice whoeverdo as best you can"/>
               </TextLine>
               <TextLine ID="region_1638883769708_1648l40"
                         BASELINE="3546,2838 3663,2836 3780,2835 3897,2834 4014,2834 4131,2834 4248,2834 4365,2836 4482,2836 4599,2836 4717,2838 4834,2838 4951,2838 5068,2838 5185,2836 5302,2836 5419,2833 5536,2830 5653,2826 5770,2821 5888,2816"
                         HEIGHT="136"
                         WIDTH="2371"
                         VPOS="2754"
                         HPOS="3532">
                  <String ID="string_region_1638883769708_1648l40"
                          HEIGHT="136"
                          WIDTH="2371"
                          VPOS="2754"
                          HPOS="3532"
                          CONTENT="that every single dosin is a sunder in a toillett wee must now have"/>
               </TextLine>
               <TextLine ID="region_1638883769708_1648l41"
                         BASELINE="3552,2916 3668,2914 3785,2914 3902,2912 4019,2912 4136,2912 4252,2912 4369,2912 4486,2912 4603,2912 4720,2912 4836,2912 4953,2912 5070,2912 5187,2912 5304,2910 5420,2908 5537,2906 5654,2903 5771,2900 5888,2896"
                         HEIGHT="110"
                         WIDTH="2365"
                         VPOS="2836"
                         HPOS="3538">
                  <String ID="string_region_1638883769708_1648l41"
                          HEIGHT="110"
                          WIDTH="2365"
                          VPOS="2836"
                          HPOS="3538"
                          CONTENT="itt as itt comes, though the charges will be some that more there on"/>
               </TextLine>
               <TextLine ID="region_1638883769708_1648l42"
                         BASELINE="3570,3000 3681,2998 3792,2996 3904,2994 4015,2994 4127,2992 4238,2992 4349,2992 4461,2992 4572,2992 4684,2992 4795,2990 4906,2990 5018,2990 5129,2988 5241,2986 5352,2984 5463,2982 5575,2979 5686,2975 5798,2970"
                         HEIGHT="130"
                         WIDTH="2257"
                         VPOS="2914"
                         HPOS="3555">
                  <String ID="string_region_1638883769708_1648l42"
                          HEIGHT="130"
                          WIDTH="2257"
                          VPOS="2914"
                          HPOS="3555"
                          CONTENT="those goods you bought will be suffisient for our lents provisions "/>
               </TextLine>
               <TextLine ID="region_1638883769708_1648l43"
                         BASELINE="3562,3096 3677,3094 3793,3092 3908,3092 4024,3090 4139,3090 4255,3090 4370,3090 4486,3090 4601,3088 4717,3088 4832,3086 4948,3086 5063,3083 5179,3080 5294,3076 5410,3072 5525,3066 5641,3058 5756,3051 5872,3040"
                         HEIGHT="142"
                         WIDTH="2341"
                         VPOS="2988"
                         HPOS="3546">
                  <String ID="string_region_1638883769708_1648l43"
                          HEIGHT="142"
                          WIDTH="2341"
                          VPOS="2988"
                          HPOS="3546"
                          CONTENT="if god pleases to send y. safe over, so shall onely exspect pattarnes &amp;"/>
               </TextLine>
               <TextLine ID="region_1638883769708_1648l44"
                         BASELINE="3560,3176 3673,3172 3786,3168 3899,3166 4012,3164 4125,3162 4238,3162 4351,3162 4464,3162 4577,3162 4691,3162 4804,3164 4917,3164 5030,3164 5143,3164 5256,3162 5369,3160 5482,3158 5595,3156 5708,3151 5822,3144"
                         HEIGHT="113"
                         WIDTH="2293"
                         VPOS="3080"
                         HPOS="3545">
                  <String ID="string_region_1638883769708_1648l44"
                          HEIGHT="113"
                          WIDTH="2293"
                          VPOS="3080"
                          HPOS="3545"
                          CONTENT="invoyces of all to governe my self accordingly John nelson is"/>
               </TextLine>
               <TextLine ID="region_1638883769708_1648l45"
                         BASELINE="3540,3262 3657,3258 3775,3256 3892,3253 4010,3252 4127,3250 4245,3250 4362,3250 4480,3250 4597,3250 4715,3250 4832,3250 4950,3250 5067,3250 5185,3248 5302,3246 5420,3242 5537,3238 5655,3233 5772,3226 5890,3218"
                         HEIGHT="149"
                         WIDTH="2379"
                         VPOS="3169"
                         HPOS="3525">
                  <String ID="string_region_1638883769708_1648l45"
                          HEIGHT="149"
                          WIDTH="2379"
                          VPOS="3169"
                          HPOS="3525"
                          CONTENT="now in loading att hull &amp; ready to saile with the first opportunitie"/>
               </TextLine>
               <TextLine ID="region_1638883769708_1648l46"
                         BASELINE="3548,3344 3663,3338 3779,3334 3894,3330 4010,3328 4125,3326 4241,3324 4356,3324 4472,3324 4587,3324 4703,3326 4818,3326 4934,3326 5049,3326 5165,3326 5280,3324 5396,3323 5511,3320 5627,3316 5742,3312 5858,3306"
                         HEIGHT="124"
                         WIDTH="2337"
                         VPOS="3254"
                         HPOS="3534">
                  <String ID="string_region_1638883769708_1648l46"
                          HEIGHT="124"
                          WIDTH="2337"
                          VPOS="3254"
                          HPOS="3534"
                          CONTENT="where fore I supose itt will not be a miss to lett come with him"/>
               </TextLine>
               <TextLine ID="region_1638883769708_1648l47"
                         BASELINE="3562,3414 3677,3413 3793,3412 3909,3410 4024,3408 4140,3408 4256,3408 4371,3406 4487,3406 4603,3406 4719,3406 4834,3406 4950,3406 5066,3406 5181,3406 5297,3406 5413,3406 5528,3406 5644,3406 5760,3404 5876,3404"
                         HEIGHT="128"
                         WIDTH="2344"
                         VPOS="3319"
                         HPOS="3546">
                  <String ID="string_region_1638883769708_1648l47"
                          HEIGHT="128"
                          WIDTH="2344"
                          VPOS="3319"
                          HPOS="3546"
                          CONTENT="what you langett ready I take notice, that all northren goods are"/>
               </TextLine>
               <TextLine ID="region_1638883769708_1648l48"
                         BASELINE="3546,3496 3662,3496 3779,3496 3896,3496 4013,3496 4130,3496 4247,3496 4364,3494 4481,3494 4598,3494 4715,3494 4831,3494 4948,3494 5065,3494 5182,3494 5299,3494 5416,3494 5533,3496 5650,3496 5767,3498 5884,3500"
                         HEIGHT="122"
                         WIDTH="2368"
                         VPOS="3417"
                         HPOS="3532">
                  <String ID="string_region_1638883769708_1648l48"
                          HEIGHT="122"
                          WIDTH="2368"
                          VPOS="3417"
                          HPOS="3532"
                          CONTENT="so much rissen I shall governe my self accordingly, I Rekon not"/>
               </TextLine>
               <TextLine ID="region_1638883769708_1648l49"
                         BASELINE="3556,3564 3673,3564 3790,3566 3907,3566 4024,3567 4141,3568 4258,3569 4375,3570 4492,3570 4609,3572 4727,3572 4844,3574 4961,3574 5078,3576 5195,3576 5312,3578 5429,3578 5546,3578 5663,3580 5780,3580 5898,3580"
                         HEIGHT="96"
                         WIDTH="2371"
                         VPOS="3511"
                         HPOS="3541">
                  <String ID="string_region_1638883769708_1648l49"
                          HEIGHT="96"
                          WIDTH="2371"
                          VPOS="3511"
                          HPOS="3541"
                          CONTENT="to in order any more goods before may next or j une, when I hope"/>
               </TextLine>
               <TextLine ID="region_1638883769708_1648l50"
                         BASELINE="3560,3650 3676,3650 3793,3650 3909,3652 4026,3652 4143,3652 4259,3652 4376,3654 4492,3654 4609,3656 4726,3656 4842,3658 4959,3659 5075,3660 5192,3662 5309,3664 5425,3666 5542,3668 5658,3670 5775,3672 5892,3674"
                         HEIGHT="105"
                         WIDTH="2361"
                         VPOS="3587"
                         HPOS="3546">
                  <String ID="string_region_1638883769708_1648l50"
                          HEIGHT="105"
                          WIDTH="2361"
                          VPOS="3587"
                          HPOS="3546"
                          CONTENT="they will be more plenty &amp; cheaper in the north: itt is good wee have"/>
               </TextLine>
               <TextLine ID="region_1638883769708_1648l51"
                         BASELINE="3540,3738 3653,3736 3767,3736 3880,3736 3994,3736 4108,3736 4221,3738 4335,3738 4448,3740 4562,3740 4676,3742 4789,3744 4903,3744 5016,3746 5130,3746 5244,3746 5357,3748 5471,3747 5584,3746 5698,3746 5812,3744"
                         HEIGHT="127"
                         WIDTH="2302"
                         VPOS="3674"
                         HPOS="3525">
                  <String ID="string_region_1638883769708_1648l51"
                          HEIGHT="127"
                          WIDTH="2302"
                          VPOS="3674"
                          HPOS="3525"
                          CONTENT="our provisions bought in so cheap as you promise god send them"/>
               </TextLine>
               <TextLine ID="region_1638883769708_1648l52"
                         BASELINE="3546,3826 3629,3824 3713,3823 3797,3822 3880,3822 3964,3822 4048,3822 4131,3822 4215,3822 4299,3822 4383,3822 4466,3824 4550,3824 4634,3824 4717,3824 4801,3826 4885,3826 4968,3826 5052,3824 5136,3824 5220,3822"
                         HEIGHT="121"
                         WIDTH="1706"
                         VPOS="3744"
                         HPOS="3530">
                  <String ID="string_region_1638883769708_1648l52"
                          HEIGHT="121"
                          WIDTH="1706"
                          VPOS="3744"
                          HPOS="3530"
                          CONTENT="lafe over, that I may see, which proves well x"/>
               </TextLine>
               <TextLine ID="region_1638883769708_1648l53"
                         BASELINE="3538,3904 3655,3906 3773,3906 3891,3908 4009,3908 4127,3908 4244,3910 4362,3910 4480,3908 4598,3908 4716,3908 4833,3906 4951,3904 5069,3902 5187,3900 5305,3898 5422,3894 5540,3890 5658,3885 5776,3880 5894,3874"
                         HEIGHT="112"
                         WIDTH="2386"
                         VPOS="3830"
                         HPOS="3522">
                  <String ID="string_region_1638883769708_1648l53"
                          HEIGHT="112"
                          WIDTH="2386"
                          VPOS="3830"
                          HPOS="3522"
                          CONTENT="inclosed invoyce of the last packett of law AVN.9 sent to newport "/>
               </TextLine>
               <TextLine ID="region_1638883769708_1648l54"
                         BASELINE="3538,3998 3653,3998 3768,4000 3884,4000 3999,4000 4115,4002 4230,4002 4345,4004 4461,4004 4576,4004 4692,4004 4807,4004 4922,4004 5038,4002 5153,4001 5269,4000 5384,3998 5499,3994 5615,3990 5730,3986 5846,3982"
                         HEIGHT="132"
                         WIDTH="2338"
                         VPOS="3915"
                         HPOS="3523">
                  <String ID="string_region_1638883769708_1648l54"
                          HEIGHT="132"
                          WIDTH="2338"
                          VPOS="3915"
                          HPOS="3523"
                          CONTENT="to michiel vallego N17 &amp; 8 is att bruges till these become to yd hand "/>
               </TextLine>
               <TextLine ID="region_1638883769708_1648l55"
                         BASELINE="3544,4092 3661,4090 3779,4088 3897,4088 4015,4086 4133,4086 4251,4086 4369,4086 4487,4086 4605,4086 4723,4086 4840,4086 4958,4086 5076,4086 5194,4086 5312,4086 5430,4084 5548,4082 5666,4080 5784,4078 5902,4074"
                         HEIGHT="95"
                         WIDTH="2388"
                         VPOS="4043"
                         HPOS="3528">
                  <String ID="string_region_1638883769708_1648l55"
                          HEIGHT="95"
                          WIDTH="2388"
                          VPOS="4043"
                          HPOS="3528"
                          CONTENT="them beeng the most needfull assortment: I have for about ƒ8000: more"/>
               </TextLine>
               <TextLine ID="region_1638883769708_1648l56"
                         BASELINE="3546,4176 3664,4178 3782,4180 3900,4180 4018,4182 4136,4182 4254,4182 4372,4180 4490,4180 4608,4178 4726,4178 4844,4176 4962,4174 5080,4172 5198,4170 5316,4168 5434,4166 5552,4164 5670,4162 5788,4162 5906,4160"
                         HEIGHT="103"
                         WIDTH="2391"
                         VPOS="4095"
                         HPOS="3530">
                  <String ID="string_region_1638883769708_1648l56"
                          HEIGHT="103"
                          WIDTH="2391"
                          VPOS="4095"
                          HPOS="3530"
                          CONTENT="in laces because of the penny worth which is beleaved not tobe so a month"/>
               </TextLine>
               <TextLine ID="region_1638883769708_1648l57"
                         BASELINE="3546,4266 3659,4264 3773,4262 3886,4260 4000,4260 4113,4258 4227,4258 4340,4258 4454,4258 4567,4258 4681,4258 4794,4258 4908,4258 5021,4256 5135,4256 5248,4254 5362,4252 5475,4251 5589,4248 5702,4244 5816,4240"
                         HEIGHT="93"
                         WIDTH="2299"
                         VPOS="4198"
                         HPOS="3531">
                  <String ID="string_region_1638883769708_1648l57"
                          HEIGHT="93"
                          WIDTH="2299"
                          VPOS="4198"
                          HPOS="3531"
                          CONTENT="hener where fore intend to keep them by sill I understand that N8 &amp; 9"/>
               </TextLine>
               <TextLine ID="region_1638883769708_1648l58"
                         BASELINE="3544,4356 3659,4354 3775,4352 3890,4350 4006,4348 4121,4348 4237,4348 4352,4348 4468,4348 4583,4348 4699,4350 4814,4350 4930,4350 5045,4352 5161,4352 5276,4352 5392,4352 5507,4351 5623,4350 5738,4348 5854,4346"
                         HEIGHT="90"
                         WIDTH="2340"
                         VPOS="4270"
                         HPOS="3529">
                  <String ID="string_region_1638883769708_1648l58"
                          HEIGHT="90"
                          WIDTH="2340"
                          VPOS="4270"
                          HPOS="3529"
                          CONTENT="be well arrived when N7 &amp; 8 shall p resentley follow &amp; the rest wat "/>
               </TextLine>
            </TextBlock>
         </PrintSpace>
      </Page>
   </Layout>
</alto>
