8563 4622
1073 268 2276 69 that was robbed didasist till att last wee have found out that itt is of the

1087 313 2285 89 garison of gant, where I left mons. vandenbroek with the messenger infull

1069 366 2251 105 hopes of recoverey the loss, because yeasterday wee were acquainted where is

1090 462 2278 90 the goods should be yett all in effect which if betrue & that the goods be not

1096 496 2251 100 diverted I hope wee shall have itt all restored, which never the less I have suffered

1088 571 2272 101 the greatest alterations & sorry what can be magined besides al ready great

1113 658 2244 92 changes, amissortune which never happined before to any crisfian soul intle

1116 717 2202 95 wold that passed that way apassage which evee reconed so secured that by

1094 780 2247 94 order of severall of my principally I have sent great somme of mony in

1104 846 2248 98 goed to come to England & by which are sent thousands of packetts & never my

1111 916 2245 79 man molested: truly our governor seems to be concerned att itt Iam the

1096 993 2217 49 more troubled, because itt is for you, that knows mee no better yett hby

1097 1046 2282 74 whom I was in hopes to have greater imployment, yett console tome

1081 1099 2275 110 self a litte wishiny that that loss will not actogheter discorridge you,

1060 1177 2275 107 breakes ofte yd favour towards mee, forist itt was to safe my like scould

1115 1257 2254 75 do no more then what I have don already & yett shall dotill wee knoweertanly

1106 1321 2233 103 if itts shall be aloss or no mons. vanden broeck in london & brother inlaw

1091 1406 2266 105 to m. pieter udy whome thuckes is the greatest interressed there 3-

1099 1471 2251 114 talian packetts for him besides 3 a 4 of our countray laces: I hope p. next

1096 1553 2269 88 to give you better tnews, whilst prointrim orderare given by our governor

1101 1621 2275 98 that all villages shall keep good watch & no souldiers may coume out of their

1100 1671 2239 135 post upon paine of Death, so that I hope the passage will henceforward

1103 1704 2294 147 be the securet god in heaver qive mee better sortiune & you a most prospertn

1105 1829 1138 88 & happy new yeare & so remane

2680 1808 652 145 a 21 xb: 1681

840 1895 877 95 Ienwnorte michhel valllego

1112 1911 2263 117 mons. in antwoort aenden ul van 17 deser, het paxken RNN.8 was ul geworden

1120 2022 2202 108 ende op dovers voorts gesonden, tgeene wel is, sal ul ordre observeeren in

1094 2082 2235 81 andere wegens het parcken van Antonio Roussear ick hebbe dat op het

1105 2144 2171 102 ongescrift uyt gedaen ende door den bode aen ul postelion doen seggen

1102 2197 2215 113 dat het selve niet honde mede comen vermidts het dien dagh niet was

1108 2260 2221 118 aengekomen, intijts, volgens mons. roseas daghs te vooren hed gescreven

1104 2348 2254 110 versoekende daerop soude passen soo maehte mijne advies brief vaerdigh

1109 2405 2255 159 al oft het gearriveert was want meest alsijne voorgaende vande seuyt van

1106 2489 2250 136 brussel aenden bode soo sijn gelevert, ende hebbende met den bode wel tot een

1109 2549 2219 149 une verwaght, houde het selve niet mede komen, soo hebbe alleen op het

1113 2597 2202 158 opserijft aen ul brief uyt gedaen, ende als boven den bode belast, want

1108 2673 2251 209 geenitijt was een ander te scrijven, dit maekt monsr. kossear eenighsenen

1122 2748 2232 186 verstelt, al hoewel op 14 deser tot brussel sijnde aen hem hebbe geseyt

1095 2815 2269 179 tgeene gepasseirt was, hij serijft mij nu dat ul 4 packiette soude hebbe

1124 2880 2232 186 ontfangen vanden maendaghse bode van is deser, daer nochtanshy

1119 3013 2225 114 mij niet willen aennemen, als met conditie de selve p wagen over

1107 3067 2253 169 geert te senden, en sulx enis mij noyt toegestaen, daer entuschen

1120 3120 2199 157 en twijffele niet oft ul sal het ongeluck den bode van erdenbergh

1119 3198 2251 149 overkomen vernomen hebben met den welle ditto 4 paxken, endenoch

1115 3277 2248 151 4 voor mons. Rosseau sijn gespoliert beneffens 2 E ADN N.9:10 ende 43

1122 3330 2279 167 van mons. vandenbroek een alte groot verlies voor waer, waer insedert

1117 3446 2184 109 alle debvoor gedaen sijn van de werelt om te recoureren, die vant

1110 3503 2261 184 garnisen van gent hebbent dat gedaen waer mons. vanden broek noch

1133 3611 2149 121 soon uyt te vinden iet mogelijk ondertusschen het stynt dat alle

1116 3689 2273 137 aveum stantien hebben hemne gevoeght omons dit ongeluck bijte

1119 3796 2251 93 brengen godt verleene beter 29 deser hebp bode crestiaen de mesure

1124 3880 2245 84 aen ul gesonden een paxken tlele met advies brief van goan

1124 3974 2232 93 vale van brussel de welke hopee ul wel sal sijn geworden daeren

1110 4059 2254 111 tuschen gelieft ul brief van 8 deser eens te examimeeren waden

1066 4169 2282 104 Dorse & ul postilion ofte heb selve soo niet s verneme geen eet

1112 4275 343 119 uszeut

5087 204 912 98 Antw 35 nb 1681  at

3413 232 690 95 London Abram vivian

3559 242 2438 135 8 my last to you was on the 20: curiss unto which exspect yd answer principally

3553 321 2466 117 to know whom to draw up on next month for itt beeng the deadest tume

3550 400 2407 133 of the yeare with as will mett mee to great straights for mony, now

3546 460 2367 128 have befire mee yd of 6. curitt of which & observe the contents whist

3559 515 2444 160 intrim Iam in the dorck whether the 2 packes be shipt aboard smith

3560 595 2422 133 orno hopeing you will be able to procure the other 50 p. time enough also to

3540 656 2401 134 come with him. I shall exspect yds acctt. to promise hem for you are

3541 720 2442 148 almost finished to come pr. first & soremaine wishing you aprosperone

3546 849 694 125 & happy new yeare

4050 825 1549 178 aus Deo Anno 1682: In Antwerpen

5517 895 339 137 6 2 nt

3454 915 675 155 Gent mr. Baus Hensbout

3551 1020 2401 133 naer wenlekinge van een geliek saligh nieuw saer, hebbe van mr. vande boock

3580 1089 2364 117 verstaen het gene coste gepart. is wegens onst astuiren, hope den Bre vandemont

3566 1213 2426 104 daer in ons sal d effeet geeven, gisteren hebben mij eenen brief met die Postijker aen de

3583 1285 2391 117 bode Juf. doen behandigen, den welcken hope hem is gewoorden, 't is principalijcq om te

3574 1401 2454 109 weeten wie den famiglaersten is met de Prince vandem 't sij den segisaris ofte stalnd

3570 1448 2432 150 om met P. van reccomandare & geloften van eenigh gelt aen him bij sijn sroogh. te dat

3565 1579 2441 114 aen houden tot het recoureren van de canten. wat past. gelieft mij dagelijckx te laten

4238 1647 1463 132 een woordt wegens de 3 201- & ul he & naesten

3464 1664 507 138 weeten

3459 1751 694 115 Imiiolies oan Cutton

5332 1704 618 160 adij 2 Januarij

3570 1834 2404 94 eersame vrint, nae renschinge van saligh nieuwe daer, in antwoort aenden ul

3571 1890 2440 96 van 31 pass. seght men hier dat alle de pretentie met vranckrijk geaccordeert

3582 1966 2423 96 sijn oversulx hope dat men met ruste sal conmen leven, het gelt dat ul mij

3577 2003 2419 133 gesonden heeft hebbe oock ontf endevinde onder de half  3 st te veel matr

3562 2057 2484 132 daer is een stoter bij, soo dat ick ul hebbe gecreditteert in kolancke weirde twee honder

3566 2128 2453 137 guldens hes als ul meergelieft te senden sal aengenamen wesen, wegkens

3567 2166 2460 136 witte cottons en hebbergeen, die ick minder kangeven als 12 p voor ul 12

3593 2249 2426 138 oock niet minder dan sevallen goedt & ick verkoopse soo veel permissie in geslot

3587 2308 2453 131 eene brief van m collier als mede syne wissel brief, is salke ul den selve acetter

3574 2380 2468 146 niet wel en kan betaelen ofte dendeele sal ul wisselbr. tot laste van mr. colliur

5611 2451 451 137 a 5 Januerij 81

3587 2484 867 103 artfreken waer mede bljve

4320 2534 428 125 iet versonden

3459 2541 710 137 bredael Leurreys De kan

3592 2594 2401 148 monsr. hebbe gisteren het breet lijft wel ontf dee noch loger bevinde

3581 2673 2409 129 als oijt voordesen noch een gehadt hebbe, want soodanigh goedt nergens toe

3601 2748 1994 115 mit is & tot groote schade maer sal sloemen quijt worden

5557 2768 453 157 @ 3 Janu

3458 2822 590 138 leuven & vande goede

3602 2870 2429 127 mons. in antwoort aenden ul van 31 pass wegens het quartien root laken, en kan

3597 2962 2441 141 soo veel stucken niet maeken sal daer voor een emijnsn p a laten rebatteeren

3597 3030 2465 107 ul seght te clagen omdat sijmn wel soecht te betalen daer voor bedanck ick ul

3590 3120 2440 85 maer gelieft dan te weten dat wij ons goedt niet voor niet hebbe maer goedt

3607 3115 2450 165 confantgelt voor moeten geven & dewinste nisos cleyn sijn datter iets afmagh

3613 3190 2426 157 ick sal een perpetuan doen gereet maken, wegens den seu & violette ban hebben

3617 3276 2425 149 gisteren thuys becomen, ende als ick meyn den helft seull dander helf acos

3592 3315 2451 159 tevinden soo sijnse beyde gaede feu, soo is men algequest inde werelt niet

3605 3401 2415 153 demenschen, soo ben ick genoot saekt geweest een ander in tegeven dese bay

3601 3476 2418 117 cost p 28 witt de verver sal sijn ontrent  24 hij can ul deen oft dander

3599 3532 2401 144 tijt wel geheelgh dinen & sal sien violelt te senden de naeste weeke sal

3600 3615 2342 138 soude ict bij een ander gaen soeke waer medewenshe ul saligh nieure jaer

5543 3673 484 103 3 January

4295 3710 111 66 th

3474 3681 672 115 London a mund warner

3617 3715 2425 130 S. my last to you was of 30 ulso sence is our governor more ample informed of the concernes

3609 3791 2352 112 then mentioned & the beeng with all the court att gant hath arrested the his officiers

3604 3851 2423 132 of the regiment, out, of which 11 souldiers did itt though the souldiers die esschape

3611 3958 2361 101 itt, yett the prime randemond generall of the korse hath promised up on his

3616 4016 2444 121 honour to procure the goods or maker the officiers now in prison pay for itt, so that

3616 4084 2422 126 our hope doth increase still to recover the goods, there beeng continually some of

3614 4198 2441 89 the interresse datt gant to bbserve the generall intrest, god inheaven give itt well

3620 4257 2358 110 to suced that by mynent &might give you yett beter news, whilst now

3625 4316 360 93 remaine
