8310 4581
3554 253 2405 124 geerne gemaeck de heef op vrouw lakens door den selfste kam die ul voor

3538 284 2430 148 mijn Hr. Demont salic gebruykt heeft & d'ander ½ dijke van 3600 een 12 smet

3542 389 2420 113 oock gelijk ul voor hem heeft gemaekt siet dat u uytterste beste doet op dat wij

3546 458 2407 126 mogen continueeren daer entuschen soo haest de 2 stucken af sijn dew pr testamd

3538 531 2419 117 voor ul sijn soo laet die in hollant vollen & aen mij opt spoedighste toesenden

3528 600 2413 116 op dat magh sien waernae mij hebt te reguleeren verwaght ul advies &

3519 654 441 113 Blijve

5173 690 735 142 Antwerp 31 maij 1681

3328 696 804 170 London. Abram Vivian

3528 756 2409 143 Sr. my last to you was on the 28: curitt to which referre you, sence receaned yd of 16

3522 862 2441 134 ditto: with invoyce & pattarnes of the bale N. 32 in which perceave mr. potter hath

3518 937 2363 105 observed the direction of the pattarnes, except that one of the stone grayes

3530 1000 2278 95 should have been amush krays which I supose wee will finde in other baled

3522 1082 2383 130 inclosed you have i2 fresh pattarnes according to each please to order one

3528 1140 2359 116 cloth, and so each bale assorted with 12 peeces as well for the low prijses

3521 1194 2405 162 dozins, northrens, as fine broad cloathes so these pattarnes ferve for a new

3524 1274 2434 168 assortment of 3 bales you do not advise mee of any goods as wett beeng shipt

3523 1334 2371 154 which I feare might cause great preiudicie, because I understand that

3509 1447 2449 80 thomas smith is ready to saile from Hull & may be gon by this time: John

3515 1500 2437 88 nelson is ready to e from also in loading by which endeavour that part

3505 1570 2379 132 of the kerseis may come, for wee may not be backward: 2 of our best

3510 1618 2440 117 dealers beeng dead, so 2 ware houses are void & the trade left off, wherefore

3500 1688 2401 117 do all you can that I be timely suplyed, for all our goods ought to be here

3515 1770 2427 147 a month hence and as much as perceave these of our towne, have most

3516 1843 2424 115 their provision aboard suith: so long to heare of what past in that I have

3519 1922 2436 145 yd pattarnes & instructions for yd antwarp laces desired which now I underst

3502 2007 2441 138 and have bought some already so shall send one packett p. next post: I finde every

3512 2076 2414 156 sort to content except the broad laces, which are broader then uswally for

3504 2161 2323 107 Crawats where fore an forceed to gett them made, you are to much exa

3487 2213 2462 127 in the breath, for I finde 20 peeces, broader or narrower as yd note, that I finde

3497 2296 2369 108 butt few of the prefect sise, whoever Ill endeavour to accomplish

3510 2350 2433 170 yd order to content & to incorridge the fature whilst & remaine kindesalu

3319 2402 702 147 London Henry Maynard

5163 2477 726 110 Antwerp 31 maij 1681

4457 2490 112 69 th

3506 2473 2413 166 Sr. my last to you was on the 28: curitt to which please to be referred sence have rect

3504 2596 2399 133 yd of 16 dritto with the acctt of sale of Aprill, which inclosed I returne you rectified

3490 2674 2433 137 you made the cloathes sold 49 which is butt 41: because the undermost parcell

3501 2730 2431 109 is noted 8 & is of 5 spanish or call cloathes & 3 whites, which are the 8mentioned

3501 2804 2438 75 bothat the 3 pack whites are comprehended thankes be god that vandewal

3473 2866 2401 139 did to well escape itt, as also that our goods aboard the binlanders were still

3485 2942 2454 138 with you, for which am very gladd you will do well to ship y for ostend aboard

3474 3007 2441 101 the English vessels & to divert the risce of the see with putting aboord of

3469 3110 2365 92 each vessel & todiven th 2 or 3 bales, for these now ordered to take

3483 3189 2447 120 over the goods from the binlanders, will presently befull & I hope make

3451 3230 2478 157 dispatch on their royage, of which do exspect to heare what past you have

3463 3337 2449 122 righten mr. Hill to my direction & send him the pattarnes, which is well

3474 3398 2463 155 I hope he will Effect itt accordingly that I desire no ve grayes, is the mord

3454 3511 2405 103 because I have to many an hand, & do finde that the modish, mush &

3475 3557 2449 174 stone grayes are the most demanded, so assoone as the hath ready any of

3466 3672 2416 133 the goods desired, lett them besent forward to formar orders aboard english

3473 3747 2422 101 vessels you have don well asso to in order the 30 kersies white and redsloathes

3453 3803 2478 150 from the north concerningthe 6 sN silver marck stuck cloathes

3447 3928 2436 119 I hope you know what sort I meane, they have aboard black lists andare of

3441 4016 2393 123 about 75 et weight our Jesuits gett them dyed here & make there haditts

3446 4096 2445 142 of them mr. Kent is used to send them to Roosendael & now I have undertaken

3431 4173 2469 151 to deliver them to the good fathers, so pray be curious, in this tryale that I might

3441 4244 2404 146 be continued in that imploy for they want about 20 peeces a yeare, and are good

3444 4356 2045 107 payement so shall exspect 5 p. for atryall the sooner the better
