8508 4615
2057 214 801 139 Anvers 28 fulet 1682

874 233 855 133 brussel Anthon rousseau

1102 311 2246 136 mons: estant de retour, ey ie vous ay credite pour la partie de dantelles

1112 408 497 135 a moij doorne

3060 431 355 112 £44:1:4

1102 467 1574 181 pour la lettre a la chers de mons de clejn reccu

3055 518 299 105 £150:-

1097 590 2312 148 pour la lettre sur mons andrada de £70: sterlix a 35 ƒ 3.. :123:7:6

3060 660 366 150 £317:6:10

1131 663 366 155 ensemble

1123 752 2209 176 a contre vous debite pour la lettre sur mons. Hersavons a casse

3051 833 370 135 £278:13:4

1115 860 593 145 pejt en largent

3049 918 250 139 „40:

1118 950 1065 134 pour ma lettre sas mons serlaer

1121 1013 2026 140 pour m'on ordre sud mons Kins in blanco vous priant de moy

1130 1108 2224 96 voulow advise combien vous aura receu pour maitre a l'advenant

1126 1227 2272 122 a oudre de dantelles ordone ie vous en pris d'afictes pour moy per primiere

1114 1264 2184 115 un partie pour de man chettes comme en fuit 8ps de cette auseur de

1107 1371 2205 88 bride ordinaire 4 ps de meme auiteur de palies, & ps du ditte auteud

1124 1446 2274 96 100 fon de pris a sorte de prise de 36 a 60 patars, 12 ps de brede ordinaire

1127 1523 2230 110 de cette auteur, & ps de trailies de meme auteur, de 28 a 50 patars

1127 1609 2231 75 ce que ie vous en pris de diligenter ou mellieur pour plaire mes amis

1123 1690 2266 132 cas autrement ie ne pouroit pas estre employe, en attendent de vous

1135 1770 597 90 reponse de meude

2855 1771 541 137 6 29 Julij 1681

2136 1807 99 107 th

1147 1840 490 111 Abram tivian

903 1843 208 150 London

1232 1804 2064 189 mij last to gon ao on the 22 cois since res dyc of 13 ditto which

1125 1974 2256 108 doth vere much troable mee, because you do not meanon one the least

1108 2053 2319 125 oord off what I desired by mine off 1118 ditto principally abaut the bayes

1118 2134 2281 118 haveing sold agreat mony to deliver att tharrital of pindon, vanting

1116 2200 2269 130 noless then 50 ps off 40 a 42  sreight, as here before oreehate hadd it

1132 2306 2302 122 3 packes could beready, 2 off themeach, with 20 keaby bayes, & 2o of the

1144 2389 2300 139 A.H.3 greon sead you must contrire itt so that each vessel may bring no less

1127 2480 2344 139 then 2 packe of bayes, & rather 3 for smith, now to divert our risics you might

1139 2558 2312 107 send 2 bales of cloth, & one of bayes by way of Rotterdam on dort. I observe

1143 2661 2325 105 my ord. to be for 5 bales of dosins of they be not already, lett come butt 4 of

1139 2765 2334 129 prijses as these 2 al ready recd their invoyce, & the fiste of a lower sort to be

1141 2849 2340 139 of about 3f ayd now, and amonfitt them 4 r 5 of this cullours, & att least I b

1129 2936 2329 159 grages as N. 540, & 541 in the bale N. 62, for that cullour is realy good: I have

1141 3026 2340 174 fiven you credit for the valew of the invoyces sent mee, butt I wonder you o not advis

1133 3126 2124 166 mee where the goods are, & what is shipt, to gev. my self accordingly

1118 3238 2350 127 Inclosed a bill for £100- att ½ 1so on John van ladt, & one for £80- att vr, for

1136 3327 2344 120 boath which please bo procure the need full & pass to my acctt., I hope to rimittin

1139 3438 2337 90 more next week. as for laces you dave sere o moenr tis answer I oss

2479 3496 991 72 not returnethe that are not well for they nas sell here

1137 3515 2331 117 what you weight about the cornetts, if they will, sell, sere: as for pours I cave sont

1133 3592 2347 151 you not pourt of france, though you would buy 2 cornetds, I know you may sava then

1125 3681 2359 179 from france dixcetely, butt poutt de malins hom this place. m. Willingltonm

1137 3797 2330 127 would faine have a foint cornett & laces for sleeves, I have nrott him, that you

1121 3907 2210 131 have the sort, so see what you can do with In about one of the maline

3480 189 757 161 London mr. Henry Maynard

5416 212 671 151 C 29 ulij 1682 113

3655 251 2419 176 mij last to you was on the 22½ curtt. sence reed yo of 14 d. have given you credit

3663 406 2423 145 for miy ½ part In the 2 bales of Herties aboard of Pindar N33 is of great

3662 471 2413 161 paysen, butt t is no maeser if the goods be accordingly. I am sorry to see no

3659 602 2422 133 1 silver marp shipt yett, & do long bo seare witl much inpase what is past

3669 712 2366 142 abait them, for I must dave them I take notice of yd spiculation of rifing

3667 808 2408 129 markers, espetally reds, so would have you take yds burne with good tine

3663 850 2300 163 & oppontinntie to provide one bale of reds assorted from £9„10 to £11: 10

3689 960 2392 161 inclosed patt. according to which you please to provide 12 p of spanish cloaches

3662 1053 2340 172 from 8: to 11.6, thougs I would rather have non of 8, butt 9 the lowest

3670 1161 2347 119 this I could wish to be a curious affortment, because I finde I do much

3661 1287 2362 116 want itt to sent of the rest, Porter is well arrived: yd. bill for £200-

3660 1354 1583 155 shall finde du donour, & be past to my acctt

3506 1444 698 169 Londen Eamund Warner

5503 1483 305 122 C 29 d

3641 1566 2432 156 my last to you was ontle 22th curtt. sence recd yd of 14d. by which I amglad

3666 1670 2347 156 to understand yd. good arrivall. as for the mistakes in the invoyce of N. 26

3665 1809 2414 116 you save credit for, as I advised you bay my last you complaine of the goods sent

3661 1910 2394 126 you, truly of the cornets do not prove well, or will not sell to content returne

3659 2016 2419 109 them, & s'll dispose of them other vise, butt for cheape chespness, I can not beleave

3651 2122 2420 119 any is served better, and endeed I would advise you to make a tryall of some

3673 2218 2397 79 boddy elce, & give n att the vere same time one & the same sustine

3659 2312 2429 112 as you do mee, & pray see then who doth best, thougs now laces ae fallen

3663 2385 2375 118 sence yd. departure well 15  which will not contineuw longer then  ot 2

3667 2495 2389 116 Monshs att finthest, the cometts I bespooke in yd beeng bere are disposed off

3669 2606 2398 108 otherwiye, because then I found you not to well inclined to have them yet

3658 2665 2417 138 I ease I can finde any to yo. desire, I'll gett them & send to you, as also the

3664 2757 2398 150 parcell for custs to yd. instrnetions, which I could save in in few dayes, did not

3666 2867 2360 164 you limitt mee so much the breath, butt I laveing most part of my goods

3505 2956 2545 154 out of nonnerres, begoijn lores, & from fills devotes that live within the countrey

3665 3061 2394 109 muss exspect my turne, & then I am sure to gett the best penneworthts as

3686 3144 2387 161 you may exspect. yd acctt. you may exspect 3 first Intrnu wee negleet

3662 3246 2425 148 nothing in the persieuthing of the stole goods att gantt, futt the ofters are

3665 3373 2391 155 vere haid against is, because the soldiers are all deserted, that did itt, &

3662 3472 2375 170 they make the governor beleave that they have restored most part, r as if

3655 3607 2432 92 wee made greather pretence as wee must have, in somuch that wee car not

3662 3697 2398 128 procure, or gett sin consent to receave our satisfaction, which the states of

3657 3787 2400 125 solanders dad consinted, wee impley what freinds wee car, & truly the longer

3662 3870 2004 144 itt nunmes, the worse itt be, yett wee can butt do the uttmost
