8515 4636
1143 211 2269 115 vo young traders. I have noless then £8000 flenish standng out

1154 304 2233 153 of last yeare, yett every one shincks itt strange to save not returne

1142 408 2243 122 en  wroever I hope by godts assistance to gett reeit of all

1142 506 2285 144 trables this yeare & thien to begn the weald, for my owne, ooh with no

1152 631 2279 120 more ther what I have, & I ampersuadce itt lwill be much the best

1124 736 1754 110 way, though I confess, the gaine wilt be butt little

1138 824 2312 137 I have this day drawne on you for my acctt £100 flemich als dubbe

1157 938 2291 116 voe payable to the rd of m. Jacques Bosschaert which please to accept

1154 990 2260 174 & pass to acctt. accordingly, itt cost mee 1½, suis discours of warr

1149 1117 1069 158 againe, is there nonews with you

2838 1158 556 213 @ 3 Julij 1682

936 1202 774 190 Brussel Jan van Elsen

1139 1336 2289 139 In antw. aen den ul van gisteren, seer geerne gesien dat ul het geergie goet

1146 1434 2242 150 hadt ontfl, dogh hoore niet geerne tlaghten, voor soo veel as het root laken

1136 1554 2306 139 te sat is, daer moet ick ul voorgacandeeren, alsoo maer redelijck is dat ul die

1155 1640 2257 146 maete deeft die ul bet moet. daer en tussen claeght de over dat bruyn grijs

1146 1747 2282 140 laken 't welck ick niet en hadde verwaghten, soo het selve een puijck  is &

1163 1841 2104 130 die hien a7 & 58 ss can vercoopen, dat A 56 het seer goeden coop is.

1155 1912 2270 147 wegens den baij daer ul van seght te smal te wesen, den selven can niet per

1153 2002 2299 180 erreur gesonden sijn, oock en twijffele niet ofte sal aen de marcken aeedenen

1135 2121 2317 123 evonwel ul gelieft den selven te bewaren tot dat ick bij ul som 't weeck

1153 2248 2285 115 dencke in 't eijnde van de naeste weeke wesen sal, daer en testen bliyve

941 2332 709 168 Brussel anna Peeter

2832 2313 273 183 a 17 d.

1169 2451 2276 119 den 5 deser hebbe scq aen ul ges sedert geene vanul ick meijnde morgen

1151 2536 2303 149 bij ul geweest te hebben, dogh om eenige reden & marckelijck beletsel sal

1156 2621 2296 166 voor de naeste weeke bij ul niet connen, daer en tussen, seynde ick morgen ver

1148 2733 2318 136 beurtschip de3 resterende laeckens, de welcke icq sal consig. inde halle aen mij

1157 2837 2313 123 ord. om de selve als dan bij ul sijnde te doen bestellen daer het ul sal geleene

1160 2922 2273 135 't welck Ick hebbe goet gedaght ul te laeten weeten, dat ul gelieft sigh naer

1162 3024 2306 139 advenant te reguleeren, daer en tussen gelieft mij te laeten weeten oft ick het

1162 3105 2318 170 gelt op het bagijnsef bij ul sal besorgen ofte bij ul mamere, wenschende il

1159 3240 507 128 alles goets blyve

2924 3281 281 160 a 17 d.

956 3318 667 168 Brede Laurejs Kaa

1136 3402 2334 190 Ick heb den ul van 15 desr ontf als mede het drap de dame. hadde ul

1155 3522 2321 188 het selve tot proftijt vercoght, het soude aeng geweett hebben ul hadde het selve

1155 3665 2314 145 wel bij dom connen sonden, & mij daer over schrijven, dogh dat is nu te laet

1182 3762 2286 140 den bereijder van leyden, die de laeckens van mijn swaget sal bereijden en antw

1136 3858 2343 101 hem niet, soo gelieft ul aen hem eens te schrijven, dat hij aen Jac bouwens

1141 3946 2344 130 mijn swager gelieft te antw.s, dat bij de laeckens omf bieft & hoe veare de

1126 4048 2357 158 selve geavancenet sijn, alsoo icq twijffele dat ul ons den naem niet welen heeft

1151 4157 2321 138 opgegeeven, alsoo my geen antw. ontf. mons. sal wol besorgen naet dat te

1159 4247 2315 110 vrouwe laken & 2 satnen sullen gemaeckt sijn, sal ul 1 a 2 coleuren oock maecken om

1137 4327 2070 116 soo van alles wae te troeven. de stalen sal scgn bij tijts seynden

3513 183 594 161 Brussel ant. Rousseau

5316 217 768 167 @17 Julij 1682 n

3664 307 2417 162 a dirr estoit a vrd q ma derniece a la quele je me referre an sond iny jeeste

3675 432 2398 154 voor appres les leres de Brussel, ouelles quisle sont venu  le mescager a11 Deuns

3659 485 2420 191 & par mij celles trouva rien de vous, a le mescag. me disoit de n'avoir pat de pacquey

3671 610 2400 135 pour moy, la barcque astant alors arrive al inttant sur la bourse je rouva

3636 661 2433 225 glaposte la vre. de  par la quelle je truve que vous aviez donne 2 pacquettes

3660 772 2425 233 an mesiag. de foir, appres je suis retourne chez la mesagies, & monstra vre lodre

3662 895 2399 217 quand alors vres pacquettes ont este rouvee, mais trop taid pour estre depechee

3661 1021 2418 190 ausourd duy, ce que m'at bien facke, tellem gre a cause que ne fent pas fre

3652 1135 2417 133 achemine devant liendy, vous ferien moieur d'envoyer vres pacquedes far le

3654 1208 2390 184 Jndy, a cause que nous encoutron quulque voys de  retardement

4986 1313 131 90 jour

3663 1307 2402 216 mary quand vous ne peuves point les envoyer, le judy, & que vous les envoyez

3640 1432 2419 163 senlend. le Judy de sous pour le vendredy, vous ser bien, d'envoyer  les

3634 1491 2378 242 & la barcque, notant double porte liere a un sel beur, se prendre

3659 1648 2423 164 amcqune gaede de facquage, car alom je  scira l'arriven det pacquie

3665 1764 2418 157 ceque je ne sray das aussi tempse avec la foste, car il est bien 12 sur

3656 1839 2348 201 devant que les letris de fost sont l le que vous serve d'advis de

3526 1952 856 185 London m. Henry Maynard

5458 2017 329 149 C 18d

3639 2061 2424 253 mij last to you was on the 15 curt. to which referre you seme recd. god of

3643 2193 2390 172 30 pase, I doubt that yd goods fhom the north, will come to lase to come by

3650 2328 2398 154 Brudo, because I perseave that be will be ready vere suddamly yett

3649 2442 2407 144 pay do yd endeavour. I observe that the N. slver marey will yett

3637 2483 2445 162 tarry for which I am sorry, because I do much want them, and noless

3638 2593 2429 174 then 15 more before instmas or 20, butt I would dave you gott them

3650 2710 2427 156 made as formerly, because these long ones ae to thin, & I can not putt

3640 2793 2445 178 them of to content, se pray waite the makes to make them of thicknes

3653 2896 2413 198 lenght, breath, & werght, as alwayes ten before he hach dan for oum

3661 3009 2413 194 reverend fathers beleave, that they are fulled, and not milled enongh

3663 3073 2407 222 as endead I beleave, they beeng bothn, & slights, to faile not touse

3654 3179 2420 215 yd ntmost to have them as JK. sach alwayes had them, for their

3653 3328 2426 172 weight & thichness must sell them, a god. the acctt of last months sale

3661 3407 2396 194 beeng made up foinder erreur, which will keep the sending of itt, back

3641 3548 2435 139 till nept post, shere is due to you upon the acctt of least yeare I knom, brett

3663 3636 2424 157 mony comes in so roedions that I dare not poceed in assording the whare douss

3663 3741 2405 127 as other wise I should donct I hoye before nept monch to be in a good forwaed

3620 3804 2459 200 =mess againe whilst yd 2 bills a re acepted, & past to yd acctt., If you finde

3653 3922 2411 186 any a fearence of a rising op  & could draw att 35.3:4 a 5 2 N20 you

3635 4067 2423 136 may greely dispose of £100- or 2 for my acctt, because I could not remitt

3643 4149 2404 159 ander 35.2 sight this dan eas tons. de coninck, I have discoursed on

3653 4248 2420 156 and gott mr. Scawens bill accepsed by hom, & have delvvered it to p lunde
