8501 4636
723 253 2550 108 Amst De Hulter  van Homright Antw: 8 9d 1683a

956 333 2239 83 Mess. in antwoort aenden ul van 4 deser ben verwondert over mr. lune sjn

977 383 2258 103 neglicentie, eghter tot uwe satisfactie sende hier ingesloten sijn ordre waerbij

957 442 2226 104 hir commandeert de canten & de selve aen ul. toe te senden als mede mij

973 532 2305 70 op ul te ram bourseeren hebbende sedert noch naeder ordre vanden selve bekomen

961 575 2300 91 tot vermeerderinge van de pertije canten & het koopen van het stut selsoo

961 686 2302 76 ul en kan dien volgens niet mitdoen aen mij de weerde te vergoede het tratsel

961 697 2268 130 & packette kanten p eerst occasie on Dublen voot gaenckte geaen: de ratten

976 765 2234 136 betlfacte boter is mij noch niet geworden soo die. eenighsins goet is salde

983 851 2154 114 hooghste prijs traghte voor te bekomen wat de leijn rattiens belanght

970 935 2286 117 heb daer over noch niet gesproken onderwijle heeft de versche & andere

971 998 2258 143 rijt lansche boter voor eenige dagen voor in komende rechte dooor een perticu

990 1099 2192 103 ordinintie belast geweest, doch die is eghter aerstants afgedaen

970 1140 2309 128 soo dat de boter on belast is, hakende de wolle voor Andvan Roosendael afgelden

950 1210 2324 156 sal traghte tegens naest post dagh de spaensche merken te noteeren, als mede

985 1277 2274 140 wat wegens de sorte vant gesonden monster sal resolueeren alsoo myn

999 1356 2228 167 principaelste werckman uijtter stadt is eghter naer mijn deucke

1012 1493 2248 93 soude daer vanderven ordannen, soo gelieft tot nast

989 1551 2287 140 postdagh eenigh tn bespirck tehouden want wel pertij sond

987 1628 2265 121 ordanen waer omen soo deselve daeren tiessen ni ge

1010 1711 2152 114 verkoght worden soo behout 2 a 3 balen waermodl

2477 1803 713 120 Antwerpen 9 rb 1681

753 1816 948 125 London Arthur Anneslay

1752 1853 200 92 h

1001 1867 2177 135 S. in answer to yd of 26: past. have given you creditt for my halfe share

988 1930 2213 150 in the i5 serges aboard John Ewinghs from Exon, up on examination

998 2014 2205 128 of the patt. finde some of avere dull cullour yett god sending them safe

993 2093 2240 115 to arrive, shall endeavour to dispose off them to content, whilst alswor

993 2173 2244 109 do all I can to make you returnes as last as possible, for I could rather

1001 2226 2217 142 wish to advance for you 2o then butt 6 a 8 pec., yett must have patience

1004 2312 2176 108 as things now yo: I have accepted yd bill for £1501- for my acctt

994 2371 2085 120 & noted according to yd order whilst I remaine with kinde saluts

2685 2426 475 99 @ 9 ditto 1681

2173 2469 72 78 th

725 2434 837 140 London William pinder

1016 2483 2159 141 Sr. I have in due course recd. yd of 17: dune last & 27 past & according

1005 2564 2236 145 to the first have accepted & payd yd bill of £40 att 36:1 which is according

1000 2629 2257 169 past to acct att last have now sold yd. 6 resting serges so all is notwsted, butt

996 2692 2265 145 the mony not yett come in, towards which I do all possible endavour that

1002 2765 2220 134 so I may remit you the ballance & send toghether the acct. of all, for I am as

1004 2824 2231 141 desirous as you self to even that old bussynes, whower, I must tell you not to

992 2910 2277 132 draw on mee because when yd mony comes in itt shall be remitted withont

1011 3011 1407 111 faile on which you may deien which Irest

2747 2991 437 129 @ 9 ditto 1681

761 3035 986 138 London Eduind Warner

1965 3089 75 72 th

1019 3069 2198 153 Sr. I have before mee yd of 22: past & returnee you thanckes for the

1026 3140 2195 153 honour you gave my bill not doubting, butt that you forind all to contard

993 3210 2201 159 & that boath the packetts from Italy as wese as mine are come sale

1013 3280 2204 127 to yd handes the letter beeng marched ES.WN.3 was att meuwporte

996 3357 2220 125 the 11: past according to what mr. vallego wrott mee, when I doubt

1017 3414 2227 137 not butt itt is gott over att Dover where they are often ditained for

1030 3490 2151 138 want of secure passage to london yett yd correspondent there ought

1005 3575 2207 115 to anquunt you, as so one af the receaves any packetts as m. Vallugo

990 3615 2230 173 Doth to mee of their Receipt & sendny for ward att niespost in casoor

1009 3712 2193 119 finde any in corrigment, or where in Elce I can serve you freey

1024 3810 1873 97 command him that remaine with kinde salats

1004 3916 2166 123 ½ aus here are cheaper by 4 pec sence I send packett & likely

1021 3999 2132 115 yett to continew so for some time haceing bought of lat

1015 4068 1203 145 good parcell for freinds of lost

4979 232 992 83 In Antwarp 9 sestember 81

3351 220 658 123 London Will Scaven

4461 244 101 77 th

3545 294 2444 97 Sr. I have before mee yd of 26: past. & returne you thanckes for paying mr. maynard

3546 363 2397 107 £109„ 670„ for the neat proceed of the 2 packetts of laces sent you, which I have

3550 428 2394 110 noted accordingly in yd creditt as for tykes they will not be cheaper this yeare, for

3554 485 2419 126 forne is to deare & wore much risen whoever I can afford y. you cheaper then

3537 555 2419 124 any other p and have att present about 150 peeces bj mee which in case you please

3548 605 2379 146 to have, shall assort them as you please to have y they beeng as by the inclosed

3540 672 2367 140 note you will see all chosen goods, and up on the word of an honest man I could

3558 755 2357 135 not have an other such parcell by 3 Pcc. so please not to delay yd answer

3543 808 2396 133 that in case you please not to have y. I may otherwise dispose of them as for

3550 888 2327 99 our Callicoes there are still about 1 so salempores with the dungarees dyed

3548 970 2404 139 insold besides 50 white & rawos brouwne, & other goods, so that I shall want

3560 1030 2403 158 butt fews or non, except they were vere cheap, for in france is an Estundia

3554 1097 2391 156 schip arrived & 8 inholand, from wheme they bring the goods so cheap here

3532 1174 2382 165 that ours stand us in deaver here then I can buy them my self if the

3546 1252 2384 162 browne long cloth of N.6 sells under 30 s you may provide 3 bales &

3559 1321 2368 116 100 salempores to putt off the rest & no more which is allatt present I hiss

3560 1392 2361 144 yd handes & so remaine  I have here a parcell of good flax, pray a word

3552 1431 1180 159 how that com. selss now with you

3383 1464 772 146 Sublin Elnathan Lumme

5223 1531 644 111 @19 sber 1682

3553 1575 2435 127 S. this Souert to the inclosed accompt for one packett of laces and a screen, which

3548 1616 2325 168 are now in handes of the mess de Hulter & van Homrisht att amsterdam to come

3547 1701 2400 143 forward with the first vessel butt still they write mee to have ns order from you

3545 1781 2448 134 for seipping or doing mee good the valew, yett have ordered them to loose no opportunitie

3560 1866 2353 122 in dieportching the same & that I should write for yd order to them of paying the

3545 1941 2319 93 samce the valew: I will not doubt butt when you seen the lacces you will be

3557 1994 2375 125 in corridged to in order more, for they are as cheap as ever laces were so that you mast

3549 2059 2422 124 advance well by them, which I perceave by the continuall commissions I have from

3548 2129 2381 78 london for that com. where in I can further serve you, you may assure yd self

3559 2180 2431 136 that, yd commands shall be performed writh all lare & exactness imaginable that aw

3355 2247 740 141 London obram vivian

5828 2289 155 94 6

4429 2319 111 60 th

5303 2285 453 114 28 @ 10 ditto

3572 2337 2403 112 Sr. my last to you was on the 3: curitt to which please to be referred sence recd yd of 26 past

3566 2427 2372 98 with the bill of loading for 2 packes more aboard smith, god send him selfs overt

3574 2474 2391 112 seeng the bayes could not come must exspect them by pindar, with the rest of the

3563 2544 2390 107 bayes & other goods I shall in order no more for our winter provisions, butt exspect

3558 2600 2374 94 out the time how sale will be besides, I tinckes when all what is in ordered

3569 2673 2399 99 shall be here, that I shall be well assorted, except god did send us a better sale, then

3554 2739 2405 107 as yett the time doth promises which comes most by the french continuall

3552 2789 816 118 pretentions & disturbands

4476 2804 1414 109 I hape the rest of our goods will speedly be ready to

3567 2867 2361 94 come with pindar & that I shall see you here suddamly: intrim the laces are ready & go

3573 2927 2352 119 forward to marrow, butt forwant of time can not send you the invoyce now,

3576 3017 1877 86 which you have to exspect p. next wilst with kinde saluts

5466 2988 407 132 @ 10 ditto

3398 3014 638 146 London Henry Collier

5418 3050 129 108 y

4463 3069 134 89 th

3584 3084 2356 123 Sr. my last to you was on the 3: curitt sence rec. yd of 22 & 26 past part of the

3565 3168 2418 120 cottons are sold & shall endeavour toe putt off the rest as well I can asalso the

3562 3259 2425 110 gett resting goods, as for matters of trade beleave mee I have no comissions, butt from

3554 3312 2418 99 you & ami not tyed to any boddy, butt which I finde doth best, thought I confees

3567 3363 2387 113 I have some goods in comp. butt in case our trade doth continew to deercase as

3571 3457 2279 80 this yeare hath don, am resolued to to ido more then what I shall be able to

3561 3512 2362 109 compash with my owne for I finde I can hardely please these I serve yett

3569 3565 2365 93 no endeavour in the least is wanting on my side to promote the intrest of

3559 3651 2381 101 my freinds as well as mine, nay more where I can, where fore I am vere

3569 3733 2422 111 sensible, that you would Re kone mee so indiscrett that I should have ammede

3565 3812 2415 101 to beat you off from trade, which brought mee to itt nay though I should have

3571 3868 2419 106 as great a stock againe, & beable to drive. my whole concernes for my acctt yettar

3564 3945 2346 104 long as I liver shall endeavour to avoidall manners of imgrate fuslneer

3557 3989 2387 121 to you butt ois a long you promised that then, on then you should have been in way

3562 4108 2340 91 to leave off drawing & to spare mee as others do, so that I can not finde great

3557 4158 2400 93 reasons why you should blame mee I have receaved never one fine cloathes butt

3560 4250 2422 101 from you so that I have no goods of that sort to sell, butt for you & yett you ree

3564 4314 2369 103 that Ihat no howfer you sended this yeare and still there are in all 17 of

3570 4375 2419 94 yd cloathes msold, so that our sale is in considerable which in case dothmend
