8460 4670
1060 264 2217 99 of complaints to leave ould freinds, for I can not be youd my force

1054 322 2220 136 yett in all occasion am ready to demonstrate my obligation to

1037 413 2260 129 you for formar kindoress ptimes are vere badd with, us & mony fcavy

1052 475 2254 103 att no rate which comes because of the continuall french pretentions

1056 531 2171 142 & threatuings, so that some times I am att my wits end for many

1043 598 2242 129 to comply with every onely  as to the transported debts of the

1064 679 2204 114 widow bolls, itt is in all £83:6:1 of which £52:16:3 on the

1062 762 2223 109 vidow lenon, which was executed in law & though there waspawned

1057 820 2158 108 before, yett the charges of the sute come more to then the powned

1055 910 2227 94 so is sold for, so that will prove badd £26:6:2 of lieven verooten

1066 979 2221 125 of Leale is not one penny to be recovered £1:10:- is abated of philips

1042 1077 2199 123 rander gugkt & £2:13:8 by hiliphf rancois de behaat de mons, so

1040 1140 2254 145 that I see butt little hopes to recover & any thingh of all boubt itt all

1042 1210 2252 134 abad debt, butt for that you can not blame mee, as yett I have mads

1053 1286 2141 144 no bad bebts, butt on my side, for which god be thanckes butt if

1036 1352 2255 185 the french should prevaill up on us I know nothow all things could

1034 1460 2255 173 fall out: the 5 packes of cottons are well arrived Dayly here expected

1050 1554 2106 145 butt yd invoyce tarryes to long, for I can sell now withrat itt

1058 1604 2196 176 as for TH as soone the varantie is past wee will be upon him againe

1063 1695 1926 145 & give you the advise of the succes & mmilst I remain

2696 1744 620 136 @ 16 Auyusts

764 1776 806 173 London mr. Abram Tivian

1047 1843 2147 181 mij last to you was on the 9 rutt to which please to be refferred sence reed.

1067 1957 2196 141 yd of p deste, tis well that you shall in order the desired bayes & because ours do go

1066 2032 2211 132 of here a race, so desire you to in onder to or 50 bayes more assorted, from 36 tot6 ƒ

1069 2125 2184 111 de peece, butt lett no more mr. chipping middle with any, because I must have

1059 2208 2202 113 an acnd. of every pack particular: inclosed you have the note under my ocone

1069 2310 2140 118 hand of the bayes I receaved, & no more wee ought so pay, for itt is not my

1072 2378 2183 120 mistate, & the packts have no where been opened butt in my owne house. I have

1062 2488 2171 114 given you creditt for my half share in the bale N.42 in which N441. is to reddisch

1056 2559 2217 128 & 433 to extravagant nott att all to the patt. sent whoever God sending then

1089 2650 2140 120 will over, hope to sell them to content, I am told that smith will be ready to

1071 2746 2168 120 saile from sHull vere speedly, because Pindar lest a good deale behinde, so I hope

1071 2828 2063 129 that the rest of our goods will come safe with him, seeng there are few or no

1069 2953 2161 97 white grayes to be hadd in the markett, so you have don well to gett thim to be made

1057 3005 2144 160 I have recd the packes out of Pindar, & compared them by the invoyces, & do no

1076 3105 2121 122 where finde the bale N37, so please to advise mee of any such numberbe

1085 3185 2220 132 made up: I am sensible, thatt you have not that suply, which yd. occasions dosacqiun

1072 3303 2168 121 yett I do finde that Included the bale N.42 you ave not £25- s in disbours for my

1076 3372 2173 130 acctt where to the contrary I am much more in disbours  y. acctt with

1092 3494 2140 107 yd. lase bill of £200- wel £340-  butt now the season comts on that sale is

1082 3567 2109 127 alive, & hanvest past, shall bring us mony plintie, whilst never the less

1095 3649 2168 114 the first I can gett shall be for you, because I must have all advantages in

1089 3747 2174 132 the northren tradethat can by be exspected, I hope to see you here af so one

1080 3843 2205 130 as the goods are shipt, for then you sall have bitt lillle to do in our concerne

1076 3926 2181 139 & exspect that others of yd ow ne will not detaine you, & so with kinde saluts

2709 4009 517 126 @ 16 suynst 17

788 4001 833 164 London Henry maynard -

1093 4064 2205 177 Sr. sence my last to you of 9 curitt recd. yd of P ditto Ben klarck

1093 4200 2190 93 is well arrived: and the goods come with pindar from hich are with mee

1082 4281 2165 97 now I have given you creditt for my half share in the 3 packes aboard

1074 4354 2242 140 John Collinier as soone as the super fijn cloathes be ready, lett them

3539 232 2391 114 come forward, as for the wrapping of our packes. I lett n welf do as

3537 323 2437 90 he thinckes fitt, butt for my past when you comply to my directions

3536 405 2356 101 you shall finde never complaints butt to pay 44 a 44:6 for bayes

3531 450 2434 126 in london where these you send from the north att 39 are much bettes

3530 530 2430 126 I will not meddle rith you says something of late of their breath

3530 584 2443 152 them you sent from London att 43 a 44 are scarey ⅓ of ayd broades

3529 668 2453 133 them you from hull 39 are thicher & well ⅓ of a yd broad which is much

3530 730 2428 142 in bayes - butt when you here shall shew you the difference: by the

3530 808 2424 142 last of mr. Scawen he told mee he would pay you without faile

3548 893 2381 130 when you meet the opportuintie to buy ½ worster frises of adrap

3556 948 2338 140 cullours as the last buy them in yd next pray note the prijse of FF

3545 1029 2449 129 yallow marck pack writes haveing non by mee att present I hope you

3529 1089 2465 148 shall speedly be suplyed with the G.N silver merck I want 5 pack

3537 1186 2421 107 whites of about £25:- the 5p: if you finde some where arn

3542 1285 2446 67 hazard to gett 5 suck pr please to do itt & send them to mee, as so one

3540 1313 2446 122 as this comes to yd hand, order in the north the providing of 50 o168

3538 1413 1678 120 whiter mant heften sayes assorted in prijses

4173 1467 1081 144 20 p. from 36 to 40 g a p

4179 1536 1078 137 20- from 40 to 48 st a

4188 1605 1072 140 20- from 48 to 56„  ap

3547 1626 2447 185 and them 60 pr. to be divided in 2 bales of each prise some in each bale

3539 1755 2365 83 to accommodate those customers that love to buy a whole bale: I have

3543 1784 2380 125 about 200p. of tykes bj mee in case you could discose of them should

3537 1891 2263 81 send then to you for yd acctt intrim remainne with kinde salato

5284 1945 287 122 17 euriy

3420 1986 1045 134 russelleger vander Borglt

3490 2018 2506 195 ben bedreeft dat ick ul brief van gies lese vnedi en wille at ue blaeg

3567 2108 2416 151 over goet daer inmant in brussel oveer diergelgkt heeft geble

3537 2214 2459 134 morns vanden kooster die & amid sijn bays lan sie sj sijn vanden

3567 2330 2375 123 selve soorten en hij be dan ut sigh gelgkenden oock doen

3569 2425 2372 97 die daer ck gehadt hebben &t den bays sijn 15 N1 & 12 N. 2

3548 2478 2437 153 diee van ditt heb voorte de jaer aƒ 29: 8 ƒ29:10 en dien dan

3540 2608 2412 137 N.2 aƒ33 het alder minse verkoght, soo den het ƒ 300

3551 2664 2444 174 doorren goeden koop is nochteens on ue conttutemed

3580 2745 2405 151 te geven sal die 10, ten uyter ten 15 st pstuck minderstellen

3574 2848 2413 161 davelk hope ul aengenaem sal eesen, want is al dat

3579 2942 1910 158 ick kan verantwoorden die naer groet blijv

5118 2993 867 162 Antwl: 19 Augrsi 1681

3454 3051 793 203 Gint mons. Francois Hinrebout

3563 3173 2427 131 de ul van 10.11 & 14 wel ontf als mede die inhout der selve. den ingesloten mijnen tol brief, daer van

3556 3315 2400 55 ul n oe. sigh voor mij can bedienen. van Brugge is buyten twijsfel voor nu aen ul gewoorden

3581 3344 2400 129 7 packen, met '1 rolle frisaert, de welcke p schep herwaerts verwaghte, van die moeten de 5 packen

5210 3422 708 150 nt N. 19 stugust

3558 3429 1356 153 te onvoij erklaert woorden, wat pats verneene geerne

3376 3515 927 138 Brussel francois Ansillion

3571 3569 2427 151 monsr. Jene peupas asse mestonner devoire la vre du hier, primierement

3553 3655 2348 144 acause que les fripons debatalier  ouleur facteur vous faiut payer

3567 3736 2434 134 d'avantage pour voiture, que accordu, a la venir quand ie vous eseridavoir

3572 3818 2436 121 accorde ne payez pas un sous plus mais lesse moy scavoir, et ie ferey mes

3564 3871 2416 124 affaires avez eux  e trouve guerous, vous persuade beaucoup, de tire

3580 3938 2419 176 que ie vous importiune, quand ie demand le mien ie vous de que person

3563 4017 2406 130 in Brussel n'esttoit iamais si in discrete comme vous, car vous voyez

3574 4103 2397 133 ici enclus dans vre compte corante, que vous est reduable ƒ880:1½ quand

3559 4175 2398 143 c'assignation sera payez, et voila 14 nois passez que la marchandisse

3565 4286 2443 118 est l'iine, un. temp qui n marchand me peu pas preudre, jay ney iamaisencor

3554 4353 2449 122 este si long temps hors du man 7 argent avec quelque aultre et tous avez
