8542 4588
808 184 1012 118 Brussel Judoius De sadelair

2623 189 671 121 Antw: 23 gb 1681

1029 241 2276 135 mons. hope dat al het loste gesonden goet ul tot contentement is geworden

1024 361 2283 109 desen tot advies dat eerst mijnen brief hebbe gesonden aen mons. & fran

1036 413 2270 118 baudier voor ƒ400:- dewelke hebbe gedilayeert om deswill dat het

1042 464 2264 117 ul te minder ongelegen soude comen, soo sal mij daer op verleten

1013 540 2259 132 daer entusschen hebbe een pertije crijse witte lakens ontfangen soo

1011 566 2306 197 der occusie moeght voor vallen dat ul de selve houde implogeeren

2747 667 507 159 @ 27 3 ditto

1043 721 1517 103 oft iets anders gelieft te commandeeren

781 746 1028 151 Brussel Hendrick de smet

1045 768 2269 163 mons. volgens ul ordre heb gisteren ontfangen vande wed: van lebeatten

1039 855 2248 155 waer den hoof volgens de gaetantie aen haer gegeven vijf hondert guld

1032 890 2284 199 in veel different ie spetien, bedancke ul voor ul goede sorge middeltijt

1023 975 2279 181 hebbe nuden all van mijn winter goet ontfangen, hope ul deserweeke

1039 1048 2184 180 on de weertse met te comen sald, ende met eenen ul winter

1017 1103 2282 235 provisie bij mij gelieven te coopen als wanneer naetser salmang

1017 1180 2020 214 aen mijn debvoor om ul wel bedden vermidt ick ben

2701 1204 499 184 @ 23 ditto

771 1340 1169 124 Brussel Jacobus mosselmans

1049 1311 2242 218 mons. dengelsch rattmen nu eerst gisteren gearriveert sijnde soo

1034 1424 1706 193 hebbe aen ul p. beurtscip een stuck toe gesonden

1504 1446 1803 210 N. 889 „ 28 a 37 ¼ a 4½ sond rabat ƒ 78„4½

1014 1545 2279 220 soo iets anders voor salt waer in ick ul kan dienen gelieft mjts comm

1016 1626 2303 197 hebbe veel werste goederen overwerninge dagen ontfangen soo benseertellen

2819 1676 466 133 23 ditto

2688 1721 102 106 e

784 1763 1013 150 Brussel Annna mar devos

1048 1747 2259 200 wontf hebbe gisteren p beurtschip aen ul geaddresseert een vol gemeertt

1025 1833 2217 244 sij uf om de selve met alespoet op mons roorts te senden

1031 1889 2265 216 aen mons. moolaes templar passerende de onkoste op sijn het

2725 1977 473 132 @ 23 dito

778 2066 814 145 Brussel Joan Jacops

1036 2049 2257 222 volgens ul orere hebbe gasteren aen lijve den bode ul 4 fijn sohe

1027 2144 2252 197 behandight op mal candere in forme va een stack geperst dander

1037 2213 2224 222 goet is p. beurtschip ul toe gesonde de facture haer van is hier

1034 2293 2263 187 in gesloten hebbe heden mijn trato aen mons baudier voor £100:

1057 2346 2176 199 gesonden daer ul van gedienen gelieft mij te commanderen

2768 2416 436 100 @ 3 3 d t681

773 2498 1058 153 Brussell francois her savent

1027 2484 2185 215 monsr endelijke sijnde de engesthe rattienen eerst gisteren hier

1043 2536 2183 233 gearriveert vwaer van aenstonts 3 stucken op een hebbe gerolt

1033 2626 2232 202 in een cleet gedaen & ul toegesonden sijn 2 van de beste & fijnste

1037 2696 2230 216 coote & 1 gelijk voor desen gewent ben te hebbe hebbe een wit

1001 2743 2281 219 grijs lakens daerbij gedaen  t geene seer goederen loot is soo wilt

1031 2798 2173 229 iet twijffelen oft het sal ul in alles wel bevallen helft

1025 2851 2200 256 ul iets anders noodigh oft wannee het ude mogen vresen

2836 2965 440 149 @ 23 ditto

1038 2975 1791 171 gelieft mij te implogeren & sal ul wel dienen

791 3089 1257 163 Brussel nicolaer Deartertogh

1032 3069 2272 226 monsr. Eijndelijul sijn den geest e rattieaen cerst gisteren hier geen

1043 3185 2196 181 waer van aenstonts aen ul eer stuck hebbe toe gesonden het er

1045 3225 2178 211 beter is als ul heeft gehadt ul gelieft den prijs te seraealsoo

1041 3383 1192 126 ick deselve meer verkoope es

1467 3381 1801 208 N 890 „ 29 ½ a 39 ½ a 42 ƒ 82:19 ƒ82:19-

850 3473 2449 218 iets anders tot oldinst voorvallende gelieft tte commande

2773 3562 491 139 ae 23 dito

793 3605 1197 183 BrusseV: fran. Baudier

1040 3653 2175 195 mons. 17 deser was aen ul mijn lesten ingesloten sijn 3 diffr

1028 3703 2191 206 asiqnatie te weten op m Joun Eacons ƒ600: op monsr. Judocus

1023 3809 2183 184 de sadelaer ƒ400: op in govert ververs ƒ500 is by provisie

1016 3891 2287 204 ƒi500 waer voor ul hebbe gedebiteert nu wachte van ul te verstaen

991 3981 2264 148 de nett somme dew: ul van mr farnisse moet hebbe omals dan

1016 4034 2269 176 ul daer voor te creditteere derest te remiteeren versoeke ul

1018 4125 2200 154 niet alte noer hurighe te sijn opt gelt begeene mijn vinde

1024 4199 2144 130 ul soude telle want soo iets bernidt totul preiudicie saltaenul

1041 4264 2092 115 vergoeden, tegens mijn naeste regse het  hope in the dagen sal

1032 4360 1157 75 wesen waer in uden uel

3411 146 897 158 bBrussel ud Dendries

5397 172 547 98 :33 gb 10

5101 185 197 93 nt

3533 194 2446 148 mon tid uyt de memorie gegaent geene ul lest hier sijnde heeft bebeft

3521 329 2437 83 devattienen & witte frisaede sijn nu gecomen iets noodigh hebbende

4858 361 187 85 2

3548 371 1099 122 gelieft cito te boten tweten

5257 363 522 103 @ 23 ditto

3389 421 1027 169 Brussel rancois Ansillion

3535 455 2391 187 monsr. Celle cy pour vous adviser que mes frisettes blance et les ratines

3560 546 2367 147 a la mode sout arrive avec beaucoup d'huutre marchandise estant quelque

5235 625 653 128 @ 23 ditto 1681

3557 641 1293 127 chose vrres service meplairaa mander

3393 684 850 172 Brussel Rouff Peeters

3533 692 2434 254 goaffe volgens ul had geseijt meende dat gelt te hebben geremitteert dan alsoo

3541 800 2429 211 ick bevinde, dat ick niet en soude toecomen om slanghter tot london te betalden

3537 860 2436 170 it bij aldien dat hij niet te voeden waer, met het geene ick hebbe getretaret

3545 925 2425 209 dat is de lakens te aenveerden gelijk de kosten, so en kan ick voor rek van

3551 1038 2409 162 ul broeders geen gelt betaelen ul oock en soude met mogen voor eer ditt

3560 1033 2410 250 slanghter voldaen is, aende welke alles is getransporteert ende die dat mij

3543 1108 2441 261 soude konnen noch eens doen betalen soo welft wel dat afl al mannere

3537 1173 2385 233 nedel kondevinde, haer te bekelpen maer is dat niet mogelijk is soo

3562 1270 2381 216 sal het ophaer opligatie senden dat sjmin gelieft te beloven, t selve in

3548 1325 2410 230 heven eggen naem te restitueren sonder intrest, gelijk ul wels soo

3555 1393 2330 227 een obligatie gemaekt kan worden, ende sal als dan het iuto senden

3569 1453 2417 234 sarque aen ul op dat ul oft u maniere selfs daerover te beter kan prekentsien

5407 1558 500 143 @ 23 ditto

3431 1646 866 147 Brussel Govert vervees

3485 1647 2492 200 monsr. in antwoort aenden ul van gisteren de ƒ12: is soo weel allt kandrap

3529 1736 2438 174 doch mij dunckt wat ul geirne had, dat de geheel somme maer ƒ 1000

3543 1850 2415 127 soude blijve ich sal seer blijve sijn ul hier te sien ende seer mijn debvoor

3547 1874 2364 203 doen om wel te dienen alsoo ick nu seer wel besiene doch de voors

3568 1951 2400 186 bayen en kan ick niet geven als ul seght, soo wil hopen dat ul

3561 2007 2421 191 alleen de ƒ12 sal af treken: ick en hebbe met het gelt soo gehaest

3533 2104 2439 179 dat ul soude de moeyt nemen vant selve mede te brengen want alsoo

3566 2191 2317 193 geerne tot brussel hebbe tegen dat ick over comen hebbl belast

3544 2256 2355 197 in alaets van 4 met ƒ500 te betalen aen mons p franc baudeer

3570 2345 2286 185 aendeuw ick dagelijkx meer & meer schuldigh worden voor rek

3564 2408 2412 195 van mijn meelerts in englent soal waert salen dat ul aen hem meer

3568 2501 2406 175 betaelde onsijne quitantie sal het voor goet houden, dach daer en

3592 2578 1865 178 is niet aet gelegen alsoo het met inpresseert

5331 2582 514 168 @ 26 ditto

3447 2696 709 138 brussel ftep. nridts

5350 2728 626 128 @ 24 ditto 1681

3560 2753 1117 178 uft gesirevven meenone

3426 2822 914 183 Gent francois herrebout

3574 2840 2369 229 monsr. volgens ul van 21: hebbe de 2 packen p wagen ontfangen N. 50

3586 2958 2376 202 sijn nochte gemoedt hebbe van waest mwijster ul toe doen senden een

3579 3012 2405 184 iattien met 150 claversaet om te selve met alle spoet op brugge te sud

3578 3121 2168 132 eniu hap coots het welke gelijft nae te comenet blijve

5381 3160 544 116 @ 24 ditto 1681

3412 3207 1109 145 meggelen Cornelis van Akend Conge

3590 3188 2400 217 mons. dengelsche rattienern sijn eerst gisteren hier gekomen, soo hebbe eerst

3570 3289 2363 215 heden die ul heeft geteekent ul toe gesonden pr de convoij op een geroet

3578 3419 1106 139 ende in een leet gedaen sijnde

4033 3481 658 121 N. 887„ 24 ½ a 33

4032 3466 1949 202 N. 888„ 25½ „ 33 ¼  a 501¼ .. a42.. ƒ212„12½

4051 3610 682 128 N. 897 „ 26 ¼ „ 35

3599 3611 2371 217 sij sijn beter als oijt gehadt hebbe, en verkoope die opt minste a 44 en 4

3561 3683 2336 199 tot ul gouverno hope de bayen op 25 deser aen ul gesonden wel hebt

3583 3783 2317 186 ontfangen ende soo iets anders voorvalt tsij oock in mijne fabrique

3592 3915 1242 126 gelieft& liberlijk tecommandeeren

5287 3914 593 149 @ 24 ditto 1681

3407 3970 766 153 Leuven Joan de goede

3592 4003 2393 167 mons. volgens ul advies is de tone leuvens hier mij wel gesoorden waere

3601 4112 2369 119 voor ul herte iijk bedanke hebbende ul voor ƒ7: gecred. alsoo de bayen waren

3608 4189 2379 114 vergeten om de waerheijt te segge soo sijn de selve nu eerst geverftende

3577 4289 1969 148 sullen p naeste aen ul gesonden worden waermede
