8542 4663
1233 183 1499 160 Ast n°. 56- cout in 12 noortsche lakens gemengelt

1388 282 778 86 „ 57- met 30 witte baijen

1378 340 1402 159 „58- met 30d devrappers mede gereckent

1181 417 1029 159 MN.15- met 22 witte carsijen

1387 512 560 102 „ 21- mey 40d.

1384 575 1017 132 „ 22- met 20 geverfde roy carsijen

1209 684 1714 117 't welck al is, daer en tusschen pr thomas Barber verwaghte

1193 771 2268 121 M„nN.24- nmet ½ &  gemengelde gepreyne h. laeckens, waer voor ten amm

1225 857 1671 151 hot noodige gelieft te besorgen &adviseeren wat par

959 933 830 179 Gent Francois Herrebout

2901 976 466 147 C 27 jun: 1682

1221 1095 2222 126 geloove heden bij ul sijn sal eepacken Mr n 20 & 23 voor de welcke seer daestijk

1209 1152 2246 163 ben, oversulckx gelieft ul daer naer te reguleeren & bij soo verne geenoed. van

1214 1277 2245 113 scheepen is, om dijnsdagh hier te hebben, soo moet ul de selve pwagens seynden

1188 1359 2255 127 morgen volght mijnen tol brief voor de packen boven dien van Brugge te comen

1204 1471 1876 136 ul geeft advijs van t gene pard om naer te reguleere

918 1553 1214 163 Mechelen Cornelie van aken de fenge

2895 1554 241 146 a21g

1213 1664 2224 135 ul gelieft mijnen tol b. den welcken icq met het pacq gesonden hebbe, teruyt te seynden

1212 1753 2224 140 alsoo ick den selven noodigh hebbe, den ul van 23 deser ontfe. waerbijve nyt

1203 1854 2251 122 contin. in claghten over het har parst laken goet, Icq hebbe menigh mael in dingelijcke

1203 1948 2245 135 oed goet vercoght hebbende, mijn calanten sckpe gegeeven, alleen met hreselve t'aem

1196 2028 2242 153 gelijck voor ul heb gedaen, soo dat icq niet en hadde getwijffelt oft dat ul daen mede

1170 2136 2260 126 soude hebben contens geweest, & geene voorden quistie gemoveert, oversulckx biede

1183 2207 2258 133 ul dat daer te laeten, & sal mijn devoin doen in ander oc het selve te ve beetern wel

1201 2331 1683 121 weetende dan ul bij die coopmanschap geen schade can doen

947 2389 695 164 Londen m. Ed Warner

2882 2413 281 151 6 27d

1181 2492 2233 144 mij last toyou was ons de 17 curtt then draw on you £150- sence non fon

1182 2639 2224 125 you, Inclosed invoyce of the packett n. 27 for which I leose fo give mee credit

1175 2706 2234 177 & this is now the full of yd rd., god send all sase to dandes al good

1178 2851 2255 138 markett, that shortely Iughs have new orders againe, asseuring you of y

1187 2931 1093 131 endeavours to yd most advantidge

1186 3033 2246 131 m Warner is not yett come dere, which I worder alt neether can Ileame

1174 3109 2282 132 any thig of dis coming seather att least when. I have den  sever leaters

1193 3183 2239 161 of one Gand, & one other for tim, I wish I had the donor to deliver then

1160 3294 1320 154 to dn, suposeing they be of consequedice

2960 3395 247 148 ame

930 3389 680 133 Londen m. Ab: vvWan

1182 3491 2189 183 mij last to you was on the 24 curtt, sence non from you att which I do

1179 3614 2197 161 wonder, because you know I long fo Beare tow you proeud in the north in our

1188 3721 2207 157 concennes, in the meane while I amglad to see 3 bales aboard of smish

1168 3817 2219 150 whe is well arrived att ostend, the fine northres and bayes come in good

1183 3933 2240 111 tune. now I exspect a good parcell or all the carsijes aboard Pindar which

1170 4027 2243 113 I sipose I the nept & one or 2 bals of single doyns, ene bale of northrer

1164 4099 2258 119 and one bale of fine northrens, with no less ther 1oo bayes, & thenthe rest

1160 4216 2273 147 maij follon & the seeend ship. as for laces the last will be ready ny

5944 196 96 94 19

3634 238 2463 112 weck to compleat yd ad, & ben iaclesed you gave an other leder to m. vande

3637 274 2440 197 Putt from m. moens, that in case de dath not delwered you all the laces by this

3641 390 2434 163 Je should do itt, butt in case you save them all, you need not to give m the

3623 464 2424 184 letter, I could advise you to sell as fast as you can, for laces e no more

3635 598 2445 112 arising, neither will they rise any more this yeare butt nather incli to fall

3642 680 2479 136 againe, because f the french new imposition, so that non can be sond thether

3649 736 725 164 as formaly toy gos

3525 864 827 136 Londen m. Henry Maynaed

5581 857 511 199 C 27 Juni 1682

3616 917 2492 178 mij last to you was on the 24t curtt. to which referre you itt beeng what then was

3627 1083 2432 215 needfull, sence non from you, which will canse this the slorthe ouly serving

3634 1176 2406 127 for advise that Ben: Blaick from London & dom Jwith from Bull are boash

3630 1274 2419 135 well arrived att Brugs, for which god be thancked, snay endeavour to gett

3640 1378 2417 169 the rest of my ord. aboord of the rept ship from Hull, giveing mee advise

3649 1417 597 147 of what passes

3532 1521 814 168 pon on. W. Lobb e Coomp

5647 1539 283 156 a 27d.

3634 1615 2426 213 I have before mee yd of 10 for by which you advise mee that a vessel is now

3653 1732 2384 184 ready to sayle for Bruges, in deed my intention is & was to have att least

3643 1847 2423 142 ½ of my order aboard of that & according to yd promise shall exspect no less

3635 1965 2401 146 & all if por, though I do confess that I do not much carn if the white

3617 2049 2437 179 perpenancos should not come, provided, smight have the searges aboard of the

3608 2120 2463 194 frrst a good nspasch, & ready mony is the liase of trade, & whe as I have

3619 2236 2447 167 not much to say, because I supose you anow yd. owne Intrest, so will nott

3609 2352 2473 175 large upon recommending more erinttley ny concerus, for in case you Incoriidge

3609 2412 912 144 mee, I shall incorridge you

3515 2501 931 165 Meuport m. Michel de vallego

5586 2530 282 117 C27d.

3621 2631 1734 151 gisteren hebbe & bode aen ul gesonden als volght

3643 2738 2424 145 M.DW. 2 packetiens geden een dobbel fiancy te volgen d'ad van m: Sabbarton

3634 2841 2394 144 1 vier dobbeld waervan het cleynste francq & d'ander dport te betale

3630 2959 2431 152 te volgen d'ord. van Rousseau van Brussel, Esten 27 post l'exped

3622 3037 2366 119 aen d wanner van londen, hope de selve voor desen ul sullen ter dant

3609 3122 2462 158 conen ter wijlen heden den ul van gisteren heb ontfe & het aencomen van de

3632 3199 856 133 packettens geerne verneme

5356 3234 607 152 29 uni 1682

3531 3286 1103 133 nimporte Mickel de vallec

3643 3391 2431 117 mons 26 deserie as aenne u men lesten taeressen eeenwirr debbr

3617 3473 2461 111 pichttee voor dordre van Bros Antchr Rousseau de Brussel, met  dobbel

3626 3550 2381 114 parkettenn N1oor mons Joseph sabberton, daerbeneffens W N. 27

3635 3604 2425 128 voor mons edmindwarner van honden eeoihope ue velsij

3635 3671 2442 92 grevorden, hedersende aen ue p bode nicolaes de man verdoblel packet

3621 3748 2421 121 iodordre van mons Antoi Rousseau an Brussel waer

3663 3796 1060 101 vorespert gelieft te betale

5571 3827 362 136 29 juni

3523 3846 725 155 Brussel Ain Rousseau

3637 3863 2431 192 mons en responre a laete de hier fart vn del voor poin in acomoder

3630 4015 2381 109 a les a 27 amelinis qiu vous pouve, el aussi tost qu'il sara possilel vs

3611 4078 2451 91 van ul fault gelijn choe de beem, et dinne dissines & portf de diferente serte, dont

3618 4150 2341 101 el fault donser  temp neessaire, non obstante qu haste est grande pour la

3631 4208 2442 132 u deux petit parkett sont desesche pour niuport pr lemessager inicelaes

3630 4270 1308 126 de arres avoe gerdrins e sum
