8289 4656
2374 210 604 160 3 24 8d 1682

552 224 807 157 London Abram wean

776 310 2441 182 mij last toyou was on the 21th cuurtt. sence non from you, inclosed a bill for £150

801 429 2422 164 att 2 a  hicht for my acctt. on m. ad. Gromen, for which please to procure the needfes

791 531 2440 140 & note accordingly, pray spare mee in yd dranghts, because itt y our advantidge

854 631 2375 154 I hope most all the goods are ready aboaud Findan God send im safe to

803 750 2421 113 arrive I first, before yd. sale be over, m. moens shewd mee yd. letder to dim, le

805 833 2434 170 could not understand itt, I could with you could wiite to dim in frenck. I have neghard

790 970 2434 131 to tell hum the seafure of n°. 10, because I oid exspect that itt I could lave been

780 1017 2450 194 ncleased before now, to yd advise did surpuse dny I could wish you could incorridge

803 1124 2433 152 the lace trade with hm, for ie is a man I lave a great rispect for is the

789 1235 2448 187 no hopen of geking of n. 1o, I could advise you to cleare then laces as best you can

820 1348 2407 155 I lave payd no mens yd. cale gart in the 3 packets you read from m. van de

781 1450 2445 152 Butt £134„1:8, which proy note accordingy, se pretents yott £5:7„8 fleurish for

795 1553 2428 172 yd. hare which you promise to allow for the risico of bringing them in which

790 1689 2443 154 pray note accordingl to yd acctt, I have sent for Rotterdam to m. sHartely a

790 1803 2443 141 case g. 12 pictures beeng & to be sent you by the mary yaght, I am

791 1879 1303 175 parviding more of which langer frepte

579 2004 805 185 London arthur anneslay

2598 2050 232 140 24

801 2114 2428 205 In answer to yd of 6 curtt. shall accept yd bill when presented. I shall

815 2276 2409 117 also verey suddamby send the needfull acctts & cleare alsogheter to make an end

808 2401 1826 110 to that concerre. Inclosed the bill on van Berge acepted t

596 2481 887 176 andenarde Jan B: At

2618 2531 254 151 24d.

799 2622 2406 144 bij den ul van 21 deser bevinde al wederom dillaye: lad niet getwijffele oft

817 2766 2389 148 ul soude voor min den nsselse hebben voldaen aen m. Baert. ul leest mij

813 2838 2423 162 groote preginditie gedaen met soo daigen uijtstel, alsoo den intrest moet & goeden

813 2915 2369 195 evenwel, an gesin nu vastelijcq voor stelt  belooft, in 10 a 2 te bett. soo

810 3049 2416 191 hebbe mr. Baert Esoght soo lange nogh te pas, alsoo nu aen ul gelosten niet meer

809 3138 2428 174 wil twijffelen daer en tussen d. brief bet sijnde, sal ul geerne di now cred. & dienen

799 3287 2428 154 aen tet fortiment 't welck ul voor de winter prrov. soude mogen noodigh hebben

791 3367 2439 153 waer op moght betrouen ul can selfs overcomen, & tot content ul gerief uyt

780 3476 2429 154 soecken, ben seer wel versien van fijn inlanse Coleuren & swarte, oock van Enge &

808 3584 460 148 ranse stesten

2415 3586 760 189 2086:1682

519 3600 1098 232 Rotterdam wils Hentely

810 3769 2425 128 in antwoort aenden ue van 23 deser heb op selvendat p schip

807 3862 2413 119 van kappant van hier n aencostij aen toe gesonden 2 cassaes sjd

815 3947 2403 109 germerckt een stdwelk p demanie pagkt gelieft te senden aent

793 4009 2431 88 mons Jan Loyd en een lasten  p selve gaijft te senden aen in Abram

818 4074 2409 100 van in london, nemende sehoorlyke reiissen, die aen hun p post

801 4147 2437 105 op londen gelieft te sendnen, daelesten aen ueloyd sal ue op hem vergoddn

808 4205 2387 75 die ae  vivian op mij: des gaght as noch niet garriveet

806 4274 2425 88 soo heb het senden vande kann vor dendeodagh teyt gehelt alsoo het sertiemen

822 4323 2405 78 niet alvaer dach ueal hope dat oock i tijts saekomen naer over

822 4382 2211 55 de oortheyt gelest te hesebaen morgen anderael teanen vori

3343 200 983 151 An samel de hulter

4915 223 1084 137 Antw: 26 b 1682

3458 310 2541 176 iins ledert mij van 22 deser den ue van selvendee to bekomen

3502 399 2497 145 geirn gesien dievert de van mijn remmse had onfangen

3495 492 2494 128 aen is daervore dien volgen gedebeert von ƒ129582: tellee

3507 564 2471 137 desen gesundert den in koop eande wolle vnncharckene is

3505 672 2463 135 gebernepatientie, derevenersgen mankein niet de voor

3494 710 2446 154 te doen vn wat mjs ten my tee beko sij die van

3478 841 2500 99 marckena, de werlke vancaghtwort oft diergelijke de

3485 867 2371 138 middelertijt moght komen he arriveren de supen sij

3519 974 2202 173 g choght sien te gemoet, en de rek van de selve

3324 1094 822 163 Brussel Joseps Sabbarton

5412 1126 220 125 26dd

3468 1177 2500 238 my last tryon was on the 21m sence recd.y. of 21 & 23d & y easterday the baggh

3481 1360 2446 122 where in 2 packetts one double M.DV. for m. Michel de vallego, a fingle for mt

3461 1450 2460 104 Arran Reeves N.11 N, which this day are gou forward I onessingr foos terdemm

3543 1552 2307 142 letter to m. Souchell shall be sent dun bo marrow, & yd order performed

3474 1612 2437 229 you have much drapointed mee, not sending some laces, as I lad desired, bearing

3470 1756 2503 141 so loose the opportuntr, of sending forwaed, which this day I could lave don p post

3506 1861 2419 165 Pray faile not to send some towards to marrow nnght, for I hoye itt will yet

3474 1979 2440 181 come in sime by this dayt post, butt pray faile not. I have opened yd stuffs

3471 2076 2432 145 & shewne them to severall shopkeepers, which lanf att my demandiugh

3469 2180 2443 222 puses, & daco profter ƒ 14ƒ 16- ƒ 20, & ƒ22- susteed of ƒ13„ 17 „ 25 0ƒ1n

3468 2295 2183 199 so that I douh I shall tot be able to make, what you exspected

3488 2412 2317 185 I am inforneed from severall landes, that that com, is shold vere

3478 2566 2443 139 caep, ji suy offead mee yd answer towards wednes day mormug & I'll

3461 2666 2407 161 y what I can do some body Hath lewe gord parcell

3455 2734 986 190 estamns de lades as ƒ15

3287 2873 741 168 Brussel Ant. Bousseau

5288 2890 248 153 26d.

3471 2992 2408 240 En responce a la vre. du dier, j'ay depeche au toures buy le petit pacquett

3469 3132 2397 211 p la coste pour an. a m. Daiel Inchery, nlayant pas dulere

3478 3269 2442 193 licenten, puis que le m. de pse, estoit content, n'estant pas muscaire pour

3479 3416 2452 133 um baghtelle. pour les £500- jlay denne ordre a vous courtiens, & on at poute

3468 3518 2446 172 qu'as 96, non 6bstante que ie jouriez avoir eu 95½  2e5 au e smeten

3468 3621 2424 141 I lest comme la clange de londres, ou a fait la semaine passe a 34:8 & 9

3492 3753 2386 149 a2110, & a34„10 a 11 cmre, cequ on fait voue, qu'il n'y at pas beaucup

3499 3801 1379 171 a gaguir, ou que l'argent est bon marcke
