8569 4622
1934 203 194 112 82

2516 230 871 108 Antwarp 3 Januarj 1681

832 227 809 141 London Honry Collier

1773 292 194 100 th

1137 339 2250 110 Sr. in answer to yd of 12: past. as to the concernes of TH I shall deliver herreynd

1119 414 2265 101 yd letter, which is vere well written in dutch though you didnot prattse itt long

1113 478 2256 84 sence tuck you for what you writt in my behalfe to T for Glove to be es

1084 539 2289 65 freind though he doth much suspection, Ihave sent yd to John button, & wrotte

1127 624 2253 90 whict Giudge needfull to persuade him to comply with yd desire you shall have

1118 674 2229 84 all actt pr next post god willing for they onely must be writt outt all trade

1108 754 2252 52 comes to iothinghen so thoughs the times of vintage are with you yett I hope

1117 790 2253 101 you will considder that for itt is hard to gett becing now: you recommended mee

1076 859 2240 92 to yd good freind mr. warner, for which& am not a little oblied yett morg sorry

1080 964 2305 39 for amis sortune hassyned some dayes sence truly & was in good hope to please him

1101 974 2280 123 wish mij endeavour for foumd him neslven to imploy mee & have don

1109 1082 2238 92 all Icould the incorridge his indentions which was inproviding of our

1111 1099 2232 136 outrey laces as already & was made a good begineging & haveing compleated

1112 1203 2280 105 his order & sent forward the 2 last parcebethey are stolen or robbed between

1104 1298 2265 111 gant & Bruges amonghst 11 packetts more ofther freinds, so that wee presnly

1121 1315 2247 135 made all the recharge wee could till wee have foundout who diditt know

1121 1362 2223 132 our court, isatt gant & the governor hath promisedto procure us the goods

1115 1433 2266 148 againe & arested the ofsiciers for itt confess then is murh advabout itt yett wee

1108 1502 2257 126 are in a contmuall leure to loo se the parcell though you may becoufident

1112 1567 2255 157 & & the others here doas much asone could doif itt wasto salvour lifes, so fuir

1121 1618 2278 151 itt goeth that now the passage of messagers is no more secure, so all will againg

1105 1698 2268 127 ne this eaccquaint you onely because you please to keepittloyd self amuse

1091 1754 2269 152 the occasion should require that you might in a good manner in stfie mee

1105 1840 2279 161 & assure my & yd freind of my inte grote for & could wish for lhvundred vomes

1092 1891 2287 148 itt never happined yett ray menage ett so that he ornon elle know what

1117 1959 2229 204 & advise you except mee much abroad & imployce wish you hall the goot

1106 2045 2256 179 fanmely ameryerest mas a most happynew geare the lotiswell £150 stit

2722 2133 609 157 @ 3 Januany

1110 2172 920 133 itt soproves whch god forbd

833 2247 673 140 London huyknghtbey

1773 2295 115 93 th

1105 2252 2258 182 Sr. in answer to yd of 16: pas. I have no news yett of barber yett I hope he will come

1118 2366 2239 133 over with this wind, stake notice you had bought 5 auroras att £13:15, which

1101 2410 2270 200 Rousess is ahight price yett & depend so much up on yd experience that Iam

1103 2500 2270 143 contented you send them to mee makeing up the bale itt self & vrappt

1100 2567 2254 164 itt with 2 white manchester bayes or a white de my cotton butt rathe 2

1118 2632 2214 141 bayes I hope the aurovers are of a Deep cullour, for the higher deeper or

1079 2679 2296 175 Dacher the collour be the mored they arresteemed: I shall give you creditt

1110 2753 2268 201 for the charges on the 5 reds aboard barver & exspect anacctt of all when that

1108 2827 2243 185 packauroros is shipt preay lett mee send yds kersyes back to you which

1071 2894 2280 211 supose will be the first for you & the charges will be incounderable for

1077 2970 2302 212 siam do you no service with hem here which & did not exper tobus

1118 3130 749 104 could wish itt otherwisee

2629 3114 408 147 3 Jan 1682

840 3195 1072 133 Brussel Antoni Rousseau mo

1135 3229 2173 125 ie les vres. du& 2 co apres vous avoir sonhatt repproqumt uis

1135 3338 2185 106 comne, et heur ouseami et milles benedutions, ie suis bien marie quu vous

1124 3383 2204 92 aven este a gand sans avoirauttre cognoissame de mes affaires. il pr urat

1139 3455 2213 104 fallu vous aviser leur logement, mais quand vous trouvier cetts negligere

1120 3501 2168 105 vous devrier m'avoir advise ou vous auriez aste loge a gand, car alors

1117 3568 2209 104 malettre auroit est che vous, quand vous arrivie la dont mons vand

1127 3649 2237 83 boock est de retour, pour de lettres de recommandrtions a moris le priu

1139 3718 2201 85 de vandeniont pour finir cette affaire, car cest luy que las fult finie

1118 3784 2176 74 luy estant fort bien inform pr desoldaet du regiment delimale mesme

1134 3814 2195 121 que les voulours out donne nos dentelles entreles mains du colonell mesme qui

1130 3914 2201 79 les at protege, et faire eschaper, car quand son er se prince du vandemont

1113 3976 2235 98 demandoit au lientenent, pouravoir tellet selles soldats, responda qui sont

1110 4041 2252 91 touts deserte, don disoit IH vous payerez vous mesme et lat mienprison

1114 4114 2206 81 et on croyett que le colonelle de limall mesme sera pris, cor EH nous att

1116 4173 2268 104 asseure de nous rendre les paquettes, ou faire les officiers payer tellement

1127 4233 2228 125 que nous avons deboine esperance, mais il nous fault des amis apres sonst

1111 4338 2216 82 deprime devandeniont, et nous attendons du moment aautre quelque

1114 4362 2253 85 pour scavoir quelque ministers sont apre duluy pour faire iy desams

3583 212 2424 86 que nous donneront des recommandations, si vous schanez quelques unes, il seroit

3583 285 2390 98 bon, entretemp nos aultres amis degand fort tout leur possible, ef lemessagier

3583 343 2338 99 rest la pour se presenter tous les cours apre dsont qui luy dont audience

3573 393 2427 95 mon beau frere attendra son parquett toutt accommode, prest pour pouvoir depesthr

3592 447 2375 112 doy aure commoditie prest pourpourair et pour de crawattes single remise spour

3584 534 2357 88 moy, ie ne les aurez pas besoingstellement nous parlerons, comme e vous ey

3587 537 2417 140 chri sou mesamis vous pourront proposer ce qu'il se ravira a vre contentement us

5393 640 651 131 @ 5 Panuary 1681

3431 662 688 113 mepport uchiel vallego

4910 711 117 55 mo

3571 704 2451 112 mons. referre ul aen mijnen leeften van ul. passato, sedert geene van ul, desen

3584 798 2444 124 tot advies als dat heden versenden pr bode roos his van brugge een paxken gemerckt

3581 831 2449 130 at BN.1 voor mijn swager &acomo bouwens, alhier, omtselve p eerste occasie

3612 960 65 76 t

3583 942 2441 120 naer doveres voorts te besorgen, met ordre vandaer naer londen te senden aen

3574 980 2440 161 mon. Jean Loveroo, de port van hier nae costij wort hier betaelt, soo ul gelieft

3587 1076 2392 145 sijn verdere onkosten opt rek. van mijn swager te stellen, den welke over dit

3578 1134 2441 141 en noch te volgen, met ul sal corresponderen, versoeke ul deb voor als vooreggen

3534 1196 2348 151 aende advies vanden ontfanck, wensched ul een gelack saligh nieuwe laemaer

5471 1270 499 104 @ 5 Ccaunary

3445 1302 970 124 Rotterd francois Green wood ½

3593 1329 2378 135 mons. den ul van 30 ul is mij wel geworden, waer door verstaen ont present costij

3579 1396 2475 142 occasie is vaen een schip op dublin al met het eerste goedewint sal vertreken hebbe

4966 1482 978 112 T.L N.1213 & 4 voaer van N.2

3577 1500 1348 100 voor mr. hmm. 3 partaettiens gemerckt

4941 1545 102 63 aft

3590 1548 2362 135 heden aen ul toe sende p post weirdt sende ontrent ƒ600: waervoor te port is

3589 1583 2452 200 pr ceto den naeste d onderdagh volgen dandere hopende deselve intf

3599 1662 2451 203 genogh sullen comen om met dese occasie te connen vertraken, ick en

3577 1773 2406 136 twijffele niet oft mr. lunm reestre daer over gesoreven ul kan daer

3595 1791 2450 201 van cognossemente nae behoore nemen & dat p post aen m. hime stu

3597 1897 2452 178 ul sal mij verobligeeren morgen te adviserenden ontfanck deser als mede

3591 1985 2470 149 wanneer ditto schip sal vertreken om dis wille dat ick maer een packetten

3604 2063 2441 154 seffens soude medegeven aenden post, soo wanneet het selve volgens conde

3591 2139 2148 151 intijts comen waer medewensche ul hiligh meuw waer

5502 2156 548 177 @ 5 Januari 821

3606 2245 631 80 Gentcort N16 vraght

3468 2277 758 133 Brussel Antono Rousseau

3966 2282 2101 153 estoit a vre grace maderniere comme jevoys ay dite son altesse deprince

3606 2358 345 93 mons. le 3

3608 2373 2417 153 devandemont at prissoner lesutinant duresiment de limal et donne ordere

3613 2391 2461 186 aucornole income pour faire rechercher apres les soldacts et denelles on que il se revend

3611 2497 2394 179 ser lay mesme non obstant que nous sommes bien asseure que la partie et eufre

3597 2575 2452 148 les maines du coronel mesme, dont pource exposer il a fait un commenement

3616 2640 2429 145 rendant pr umefemne duns soldat vede vre 8 pacquett. au un piene decapury

3604 2749 2442 102 que nous avons emply au cette ffaire, la femme disant que cest este la nosion

3621 2760 2379 180 deson mary et nostre amis les pierre caprjn at fait touts son nossbble

3614 2823 2437 174 pour sundere le femme enfin que tout las rest et redandu promisant 5 p

3615 2919 2370 153 pour chacun paque tellement que nous esperont d'avous encore plus novelle

3641 2961 2397 190 p premies icy vous auit £43:10: a la charge de mons quill tamison

3629 3030 2357 197 que je vous eimprie de voilur receavor p premiere - nous avons employe

3615 3096 2322 181 n amis de yes expres nour continues a gand que nous pasont desfre plus

3631 3138 2400 210 capable avec les intersention de mons. de comuck ne doustantt nas mes qu

5505 3279 477 116 a 5 cannary

3670 3282 1172 114 ous faison sera avre contement

3469 3329 873 134 brussel an francois baudier

3609 3347 2449 172 mons. in antwoort aenden ul van gisteren bedancke ul voor ul gresie consideven

3614 3470 2332 95 over mijne intrest de 2 stucken gelijk N. 2 &3 gelieft voor mij te bewaeren

3628 3523 2350 93 suponeerende in 5 abdagen bij ul t sijn met vrinden van london te weten

3623 3573 2381 123 die voordew de lettre M gestelt is alsoo ttot london blijft costij wesende

3644 3654 1507 115 sallen als freeder defireeren terwijlen n blijve

5483 3649 499 134 @ 6 Januarie

4652 3716 131 98 th

3460 3702 790 139 Dublen Elnatan Lmumm

3632 3737 2392 153 S. my last to you was om the 20: pass sence have yd laces been ready the 30 ditto

3621 3848 2420 103 butt m. francois green wood had not answered my senerall letters sooner then last

3633 3929 2412 91 post, there being an oportuintie of a vessel for dublin noiw ready att rotter

3641 4021 2430 92 so have sent one packett yeasterday p. post & newpost will follow the other

3632 4092 2424 98 2 which do amongh to morck i50 st which I hope will prove to content

3641 4144 2408 127 for E& finde goods so cheap that I am sure itt will incorridge you for more

3640 4232 2412 101 to make 3 packetts of the valew of £150: -was to little & tomnnoch for 21

3638 4298 2385 126 so have sorted 3 severall packetts accordingtothe inclosed invoyce which

3651 4380 2375 92 finding right please to pat to my creditt & debtor againe for the same
