<?xml version="1.0" encoding="UTF-8"?>
<alto xmlns:xsi="http://www.w3.org/2001/XMLSchema-instance"
      xmlns="http://www.loc.gov/standards/alto/ns-v4#"
      xmlns:page="http://schema.primaresearch.org/PAGE/gts/pagecontent/2013-07-15"
      xsi:schemaLocation="http://www.loc.gov/standards/alto/ns-v4# https://www.loc.gov/standards/alto/v4/alto.xsd">
   <Description>
      <MeasurementUnit>pixel</MeasurementUnit>
      <OCRProcessing ID="IdOcr">
         <ocrProcessingStep>
            <processingDateTime>2022-02-04T12:07:54.59+01:00</processingDateTime>
            <processingSoftware>
               <softwareCreator>READ COOP</softwareCreator>
               <softwareName>Transkribus</softwareName>
            </processingSoftware>
         </ocrProcessingStep>
      </OCRProcessing>
   </Description>
   <Layout>
      <Page ID="Page1" PHYSICAL_IMG_NR="1" HEIGHT="4588" WIDTH="8563">
         <TopMargin HEIGHT="0" WIDTH="8563" VPOS="0" HPOS="0"/>
         <LeftMargin HEIGHT="4588" WIDTH="0" VPOS="0" HPOS="0"/>
         <RightMargin HEIGHT="4588" WIDTH="0" VPOS="0" HPOS="8563"/>
         <BottomMargin HEIGHT="0" WIDTH="8563" VPOS="4588" HPOS="0"/>
         <PrintSpace HEIGHT="4588" WIDTH="8563" VPOS="0" HPOS="0">
            <TextBlock ID="region_1638955017191_5065"
                       HEIGHT="4203"
                       WIDTH="2644"
                       VPOS="200"
                       HPOS="775">
               <Shape>
                  <Polygon POINTS="775,200 3419,200 3419,4403 775,4403"/>
               </Shape>
               <TextLine ID="region_1638955017191_5065l1"
                         BASELINE="1090,304 1203,303 1316,302 1429,300 1542,298 1656,296 1769,294 1882,292 1995,288 2108,285 2222,282 2335,278 2448,274 2561,271 2674,268 2788,264 2901,260 3014,256 3127,252 3240,250 3354,246"
                         HEIGHT="150"
                         WIDTH="2295"
                         VPOS="200"
                         HPOS="1074">
                  <String ID="string_region_1638955017191_5065l1"
                          HEIGHT="150"
                          WIDTH="2295"
                          VPOS="200"
                          HPOS="1074"
                          CONTENT="reese den boet sijn dingen niet alte wel sal gedaen hebben. Jan Erwmg was"/>
               </TextLine>
               <TextLine ID="region_1638955017191_5065l2"
                         BASELINE="1118,392 1229,392 1340,392 1451,392 1562,391 1674,390 1785,388 1896,385 2007,382 2118,380 2230,376 2341,372 2452,368 2563,364 2674,359 2786,354 2897,349 3008,344 3119,339 3230,335 3342,330"
                         HEIGHT="173"
                         WIDTH="2257"
                         VPOS="291"
                         HPOS="1101">
                  <String ID="string_region_1638955017191_5065l2"
                          HEIGHT="173"
                          WIDTH="2257"
                          VPOS="291"
                          HPOS="1101"
                          CONTENT="gearriv, mijn pacq sergies is MN.1, 't welck nestens andere te geemoedt"/>
               </TextLine>
               <TextLine ID="region_1638955017191_5065l3"
                         BASELINE="1110,494 1165,491 1220,490 1275,488 1330,486 1385,486 1440,484 1495,484 1550,482 1605,482 1660,482 1715,480 1770,480 1825,478 1880,478 1935,476 1990,474 2045,472 2100,471 2155,468 2210,464"
                         HEIGHT="138"
                         WIDTH="1130"
                         VPOS="392"
                         HPOS="1094">
                  <String ID="string_region_1638955017191_5065l3"
                          HEIGHT="138"
                          WIDTH="1130"
                          VPOS="392"
                          HPOS="1094"
                          CONTENT="sien, als mede wat weijders passeert"/>
               </TextLine>
               <TextLine ID="region_1638955017191_5065l4"
                         BASELINE="2864,540 2890,538 2916,535 2942,533 2968,531 2994,530 3020,528 3046,526 3072,525 3099,523 3125,522 3151,520 3177,518 3203,517 3229,516 3255,514 3281,513 3308,512"
                         HEIGHT="139"
                         WIDTH="480"
                         VPOS="447"
                         HPOS="2846">
                  <String ID="string_region_1638955017191_5065l4"
                          HEIGHT="139"
                          WIDTH="480"
                          VPOS="447"
                          HPOS="2846"
                          CONTENT="C 27 meert 1682"/>
               </TextLine>
               <TextLine ID="region_1638955017191_5065l5"
                         BASELINE="840,630 896,622 952,614 1008,607 1064,601 1120,596 1176,593 1232,590 1288,590 1344,588 1400,586 1456,586 1512,586 1568,584 1624,584 1680,584 1736,582 1792,580 1848,578 1904,576 1960,572"
                         HEIGHT="187"
                         WIDTH="1151"
                         VPOS="499"
                         HPOS="823">
                  <String ID="string_region_1638955017191_5065l5"
                          HEIGHT="187"
                          WIDTH="1151"
                          VPOS="499"
                          HPOS="823"
                          CONTENT="Abasuuymonsr. vander gught"/>
               </TextLine>
               <TextLine ID="region_1638955017191_5065l6"
                         BASELINE="1144,678 1257,675 1370,672 1483,668 1596,666 1710,663 1823,660 1936,660 2049,658 2162,658 2276,658 2389,658 2502,658 2615,660 2728,662 2842,666 2955,668 3068,673 3181,678 3294,683 3408,690"
                         HEIGHT="132"
                         WIDTH="2295"
                         VPOS="614"
                         HPOS="1130">
                  <String ID="string_region_1638955017191_5065l6"
                          HEIGHT="132"
                          WIDTH="2295"
                          VPOS="614"
                          HPOS="1130"
                          CONTENT="mons in antwoort van den ul van gostenen dovoante ged"/>
               </TextLine>
               <TextLine ID="region_1638955017191_5065l7"
                         BASELINE="1152,768 1261,762 1370,755 1479,752 1589,748 1698,744 1807,744 1917,742 2026,742 2135,742 2245,744 2354,744 2463,746 2572,748 2682,750 2791,752 2900,753 3010,754 3119,754 3228,756 3338,754"
                         HEIGHT="135"
                         WIDTH="2216"
                         VPOS="672"
                         HPOS="1138">
                  <String ID="string_region_1638955017191_5065l7"
                          HEIGHT="135"
                          WIDTH="2216"
                          VPOS="672"
                          HPOS="1138"
                          CONTENT="de notifie van de 10 quartielen ne &amp;ie laet den mij naer"/>
               </TextLine>
               <TextLine ID="region_1638955017191_5065l8"
                         BASELINE="1126,842 1238,837 1350,832 1462,828 1574,826 1686,824 1798,824 1910,824 2022,824 2134,826 2247,828 2359,830 2471,832 2583,834 2695,836 2807,838 2919,840 3031,842 3143,844 3255,846 3368,846"
                         HEIGHT="139"
                         WIDTH="2271"
                         VPOS="778"
                         HPOS="1111">
                  <String ID="string_region_1638955017191_5065l8"
                          HEIGHT="139"
                          WIDTH="2271"
                          VPOS="778"
                          HPOS="1111"
                          CONTENT="te reguleren sende aen ul per bode iere mijn cortoos"/>
               </TextLine>
               <TextLine ID="region_1638955017191_5065l9"
                         BASELINE="1152,938 1263,929 1374,921 1485,916 1596,912 1707,909 1818,908 1929,908 2040,908 2151,910 2263,912 2374,914 2485,917 2596,921 2707,924 2818,926 2929,930 3040,932 3151,934 3262,934 3374,934"
                         HEIGHT="143"
                         WIDTH="2253"
                         VPOS="852"
                         HPOS="1137">
                  <String ID="string_region_1638955017191_5065l9"
                          HEIGHT="143"
                          WIDTH="2253"
                          VPOS="852"
                          HPOS="1137"
                          CONTENT="den saeklen niet blan musers daer in 300 gl us sal my"/>
               </TextLine>
               <TextLine ID="region_1638955017191_5065l10"
                         BASELINE="1124,1032 1233,1027 1342,1021 1452,1016 1561,1011 1671,1006 1780,1002 1889,1000 1999,996 2108,994 2218,992 2327,992 2436,992 2546,994 2655,994 2765,998 2874,1001 2983,1006 3093,1012 3202,1018 3312,1026"
                         HEIGHT="163"
                         WIDTH="2219"
                         VPOS="921"
                         HPOS="1108">
                  <String ID="string_region_1638955017191_5065l10"
                          HEIGHT="163"
                          WIDTH="2219"
                          VPOS="921"
                          HPOS="1108"
                          CONTENT="vointscrap doen met de spaes dagen ddie te comen"/>
               </TextLine>
               <TextLine ID="region_1638955017191_5065l11"
                         BASELINE="1126,1132 1236,1126 1346,1122 1457,1116 1567,1112 1678,1108 1788,1104 1898,1100 2009,1098 2119,1096 2230,1094 2340,1094 2450,1092 2561,1092 2671,1093 2782,1094 2892,1095 3002,1096 3113,1098 3223,1102 3334,1104"
                         HEIGHT="194"
                         WIDTH="2238"
                         VPOS="993"
                         HPOS="1110">
                  <String ID="string_region_1638955017191_5065l11"
                          HEIGHT="194"
                          WIDTH="2238"
                          VPOS="993"
                          HPOS="1110"
                          CONTENT="om de rest erugge op te maecken us dien volgens"/>
               </TextLine>
               <TextLine ID="region_1638955017191_5065l12"
                         BASELINE="1128,1218 1159,1218 1191,1218 1223,1216 1254,1216 1286,1214 1318,1214 1349,1213 1381,1212 1413,1210 1445,1210 1476,1208 1508,1206 1540,1205 1571,1204 1603,1202 1635,1201 1666,1199 1698,1196 1730,1195 1762,1194"
                         HEIGHT="142"
                         WIDTH="667"
                         VPOS="1123"
                         HPOS="1111">
                  <String ID="string_region_1638955017191_5065l12"
                          HEIGHT="142"
                          WIDTH="667"
                          VPOS="1123"
                          HPOS="1111"
                          CONTENT="er tbaest ende "/>
               </TextLine>
               <TextLine ID="region_1638955017191_5065l13"
                         BASELINE="2782,1284 2807,1282 2833,1280 2858,1278 2884,1276 2909,1275 2935,1273 2960,1271 2986,1269 3011,1268 3037,1268 3062,1267 3088,1265 3113,1264 3139,1264 3164,1262 3190,1262 3216,1262"
                         HEIGHT="162"
                         WIDTH="463"
                         VPOS="1159"
                         HPOS="2766">
                  <String ID="string_region_1638955017191_5065l13"
                          HEIGHT="162"
                          WIDTH="463"
                          VPOS="1159"
                          HPOS="2766"
                          CONTENT="C 28 meert"/>
               </TextLine>
               <TextLine ID="region_1638955017191_5065l14"
                         BASELINE="870,1312 916,1310 962,1310 1008,1308 1054,1305 1101,1304 1147,1302 1193,1300 1239,1298 1285,1296 1332,1295 1378,1292 1424,1291 1470,1289 1516,1288 1563,1286 1609,1286 1655,1286 1701,1286 1747,1286 1794,1286"
                         HEIGHT="167"
                         WIDTH="957"
                         VPOS="1195"
                         HPOS="854">
                  <String ID="string_region_1638955017191_5065l14"
                          HEIGHT="167"
                          WIDTH="957"
                          VPOS="1195"
                          HPOS="854"
                          CONTENT="Wat tmyster m Philip vander Jught"/>
               </TextLine>
               <TextLine ID="region_1638955017191_5065l15"
                         BASELINE="1090,1386 1197,1386 1305,1383 1413,1381 1521,1378 1629,1375 1736,1372 1844,1368 1952,1364 2060,1360 2168,1356 2275,1352 2383,1350 2491,1346 2599,1344 2707,1342 2814,1340 2922,1340 3030,1340 3138,1340 3246,1342"
                         HEIGHT="179"
                         WIDTH="2188"
                         VPOS="1233"
                         HPOS="1074">
                  <String ID="string_region_1638955017191_5065l15"
                          HEIGHT="179"
                          WIDTH="2188"
                          VPOS="1233"
                          HPOS="1074"
                          CONTENT="tot antwoort aen den ul van gisteren hebbe volgens ul gese bode ƒ 300- mede gegeeven"/>
               </TextLine>
               <TextLine ID="region_1638955017191_5065l16"
                         BASELINE="1134,1468 1241,1468 1349,1466 1457,1464 1565,1462 1673,1458 1780,1455 1888,1450 1996,1446 2104,1442 2212,1438 2319,1433 2427,1428 2535,1424 2643,1421 2751,1418 2858,1416 2966,1414 3074,1413 3182,1413 3290,1414"
                         HEIGHT="150"
                         WIDTH="2185"
                         VPOS="1345"
                         HPOS="1117">
                  <String ID="string_region_1638955017191_5065l16"
                          HEIGHT="150"
                          WIDTH="2185"
                          VPOS="1345"
                          HPOS="1117"
                          CONTENT="'t welck denckewel sult hebben ontf sal de reeg exameneeren, &amp; geaeet maecken"/>
               </TextLine>
               <TextLine ID="region_1638955017191_5065l17"
                         BASELINE="1140,1552 1248,1550 1357,1548 1466,1546 1574,1544 1683,1540 1792,1536 1900,1532 2009,1529 2118,1525 2227,1520 2335,1516 2444,1514 2553,1510 2661,1506 2770,1504 2879,1502 2987,1500 3096,1500 3205,1500 3314,1500"
                         HEIGHT="140"
                         WIDTH="2205"
                         VPOS="1437"
                         HPOS="1125">
                  <String ID="string_region_1638955017191_5065l17"
                          HEIGHT="140"
                          WIDTH="2205"
                          VPOS="1437"
                          HPOS="1125"
                          CONTENT="voor ul compsie, wegens nogh een quartel ont saedt, daer waer weijnigh aengelen"/>
               </TextLine>
               <TextLine ID="region_1638955017191_5065l18"
                         BASELINE="1130,1640 1239,1638 1348,1636 1457,1634 1566,1631 1675,1628 1784,1624 1893,1620 2002,1616 2111,1612 2220,1607 2329,1603 2438,1600 2547,1596 2656,1592 2765,1590 2874,1588 2983,1586 3092,1586 3201,1586 3310,1586"
                         HEIGHT="123"
                         WIDTH="2210"
                         VPOS="1546"
                         HPOS="1114">
                  <String ID="string_region_1638955017191_5065l18"
                          HEIGHT="123"
                          WIDTH="2210"
                          VPOS="1546"
                          HPOS="1114"
                          CONTENT="waer het saecken dat het selve den eersten wercken dagh naer eaestihen conde tot"/>
               </TextLine>
               <TextLine ID="region_1638955017191_5065l19"
                         BASELINE="1142,1730 1248,1726 1355,1722 1462,1717 1569,1713 1676,1709 1782,1704 1889,1700 1996,1696 2103,1692 2210,1689 2316,1685 2423,1682 2530,1680 2637,1678 2744,1676 2850,1676 2957,1676 3064,1676 3171,1678 3278,1680"
                         HEIGHT="142"
                         WIDTH="2167"
                         VPOS="1602"
                         HPOS="1126">
                  <String ID="string_region_1638955017191_5065l19"
                          HEIGHT="142"
                          WIDTH="2167"
                          VPOS="1602"
                          HPOS="1126"
                          CONTENT="Brugge sijn voor het marck &amp;, maer is 't bij al dien, dat het niet can daer bij"/>
               </TextLine>
               <TextLine ID="region_1638955017191_5065l20"
                         BASELINE="1146,1808 1253,1806 1361,1803 1469,1800 1577,1797 1685,1793 1792,1790 1900,1786 2008,1784 2116,1780 2224,1776 2331,1774 2439,1770 2547,1767 2655,1764 2763,1761 2870,1758 2978,1756 3086,1754 3194,1752 3302,1750"
                         HEIGHT="164"
                         WIDTH="2187"
                         VPOS="1677"
                         HPOS="1129">
                  <String ID="string_region_1638955017191_5065l20"
                          HEIGHT="164"
                          WIDTH="2187"
                          VPOS="1677"
                          HPOS="1129"
                          CONTENT="dien tijt, soo can het mij niet dienen, dogh can het daer sijn, soo hoogt een partiel"/>
               </TextLine>
               <TextLine ID="region_1638955017191_5065l21"
                         BASELINE="1148,1898 1252,1892 1357,1889 1461,1886 1566,1882 1670,1880 1775,1876 1879,1874 1984,1870 2088,1868 2193,1865 2297,1862 2402,1859 2506,1856 2611,1852 2715,1849 2820,1846 2924,1841 3029,1838 3133,1832 3238,1826"
                         HEIGHT="168"
                         WIDTH="2121"
                         VPOS="1761"
                         HPOS="1133">
                  <String ID="string_region_1638955017191_5065l21"
                          HEIGHT="168"
                          WIDTH="2121"
                          VPOS="1761"
                          HPOS="1133"
                          CONTENT="ende sendt het forward omel daer van te nlasten, verwaghte ul over in dese"/>
               </TextLine>
               <TextLine ID="region_1638955017191_5065l22"
                         BASELINE="1144,1980 1240,1978 1337,1976 1434,1972 1530,1970 1627,1966 1724,1964 1820,1962 1917,1958 2014,1956 2111,1952 2207,1950 2304,1946 2401,1944 2497,1940 2594,1936 2691,1932 2787,1928 2884,1923 2981,1918 3078,1912"
                         HEIGHT="177"
                         WIDTH="1964"
                         VPOS="1840"
                         HPOS="1129">
                  <String ID="string_region_1638955017191_5065l22"
                          HEIGHT="177"
                          WIDTH="1964"
                          VPOS="1840"
                          HPOS="1129"
                          CONTENT="h daegen als mede om goet te coopen, want wij sullen in vrede blijven"/>
               </TextLine>
               <TextLine ID="region_1638955017191_5065l23"
                         BASELINE="2814,2058 2839,2056 2864,2052 2890,2051 2915,2050 2940,2049 2966,2048 2991,2048 3016,2047 3042,2044"
                         HEIGHT="116"
                         WIDTH="258"
                         VPOS="1984"
                         HPOS="2797">
                  <String ID="string_region_1638955017191_5065l23"
                          HEIGHT="116"
                          WIDTH="258"
                          VPOS="1984"
                          HPOS="2797"
                          CONTENT="C 28p"/>
               </TextLine>
               <TextLine ID="region_1638955017191_5065l24"
                         BASELINE="916,2088 954,2086 993,2086 1032,2084 1070,2083 1109,2082 1148,2080 1186,2078 1225,2077 1264,2076 1303,2074 1341,2073 1380,2071 1419,2070 1457,2068 1496,2067 1535,2066 1573,2065 1612,2064 1651,2064 1690,2062"
                         HEIGHT="172"
                         WIDTH="806"
                         VPOS="1980"
                         HPOS="900">
                  <String ID="string_region_1638955017191_5065l24"
                          HEIGHT="172"
                          WIDTH="806"
                          VPOS="1980"
                          HPOS="900"
                          CONTENT="Gent mr. Frans Gerrebout"/>
               </TextLine>
               <TextLine ID="region_1638955017191_5065l25"
                         BASELINE="1150,2176 1256,2172 1363,2168 1470,2164 1577,2161 1684,2158 1790,2154 1897,2150 2004,2148 2111,2144 2218,2142 2324,2138 2431,2136 2538,2133 2645,2130 2752,2127 2858,2124 2965,2122 3072,2118 3179,2116 3286,2112"
                         HEIGHT="170"
                         WIDTH="2165"
                         VPOS="2047"
                         HPOS="1134">
                  <String ID="string_region_1638955017191_5065l25"
                          HEIGHT="170"
                          WIDTH="2165"
                          VPOS="2047"
                          HPOS="1134"
                          CONTENT="verwaghte te verstaen wat gepart is wegens el claversaen als mede de rede"/>
               </TextLine>
               <TextLine ID="region_1638955017191_5065l26"
                         BASELINE="1144,2260 1250,2256 1356,2254 1462,2250 1568,2246 1674,2244 1780,2240 1886,2238 1992,2235 2098,2232 2205,2229 2311,2226 2417,2223 2523,2220 2629,2216 2735,2214 2841,2210 2947,2204 3053,2200 3159,2196 3266,2190"
                         HEIGHT="145"
                         WIDTH="2152"
                         VPOS="2143"
                         HPOS="1129">
                  <String ID="string_region_1638955017191_5065l26"
                          HEIGHT="145"
                          WIDTH="2152"
                          VPOS="2143"
                          HPOS="1129"
                          CONTENT="oncosten over het selve sonder font an de reeg op te maecken. ingesloten mijnen"/>
               </TextLine>
               <TextLine ID="region_1638955017191_5065l27"
                         BASELINE="1168,2344 1237,2343 1307,2341 1377,2339 1447,2336 1517,2333 1587,2330 1657,2326 1727,2322 1797,2320 1867,2315 1936,2312 2006,2310 2076,2308 2146,2306 2216,2304 2286,2304 2356,2304 2426,2304 2496,2306 2566,2310"
                         HEIGHT="154"
                         WIDTH="1429"
                         VPOS="2235"
                         HPOS="1152">
                  <String ID="string_region_1638955017191_5065l27"
                          HEIGHT="154"
                          WIDTH="1429"
                          VPOS="2235"
                          HPOS="1152"
                          CONTENT="tolbrief voor 1 pacq MN.1 van Brugge te connen"/>
               </TextLine>
               <TextLine ID="region_1638955017191_5065l28"
                         BASELINE="2790,2394 2816,2392 2842,2391 2868,2388 2894,2385 2921,2381 2947,2379 2973,2378 2999,2378 3026,2380"
                         HEIGHT="176"
                         WIDTH="271"
                         VPOS="2256"
                         HPOS="2770">
                  <String ID="string_region_1638955017191_5065l28"
                          HEIGHT="176"
                          WIDTH="271"
                          VPOS="2256"
                          HPOS="2770"
                          CONTENT="a 24d"/>
               </TextLine>
               <TextLine ID="region_1638955017191_5065l29"
                         BASELINE="924,2444 958,2442 993,2440 1027,2439 1062,2436 1097,2436 1131,2434 1166,2434 1200,2432 1235,2432 1270,2432 1304,2430 1339,2430 1373,2430 1408,2428 1443,2428 1477,2428 1512,2427 1546,2426 1581,2424 1616,2424"
                         HEIGHT="142"
                         WIDTH="724"
                         VPOS="2350"
                         HPOS="907">
                  <String ID="string_region_1638955017191_5065l29"
                          HEIGHT="142"
                          WIDTH="724"
                          VPOS="2350"
                          HPOS="907"
                          CONTENT="London m Denry Collier"/>
               </TextLine>
               <TextLine ID="region_1638955017191_5065l30"
                         BASELINE="1980,2468 2013,2466 2046,2462"
                         HEIGHT="87"
                         WIDTH="101"
                         VPOS="2404"
                         HPOS="1960">
                  <String ID="string_region_1638955017191_5065l30"
                          HEIGHT="87"
                          WIDTH="101"
                          VPOS="2404"
                          HPOS="1960"
                          CONTENT="ƒ"/>
               </TextLine>
               <TextLine ID="region_1638955017191_5065l31"
                         BASELINE="1160,2518 1268,2516 1377,2514 1485,2512 1594,2509 1703,2507 1811,2504 1920,2502 2028,2500 2137,2498 2246,2494 2354,2492 2463,2488 2571,2486 2680,2482 2789,2478 2897,2474 3006,2470 3114,2465 3223,2459 3332,2454"
                         HEIGHT="171"
                         WIDTH="2201"
                         VPOS="2391"
                         HPOS="1145">
                  <String ID="string_region_1638955017191_5065l31"
                          HEIGHT="171"
                          WIDTH="2201"
                          VPOS="2391"
                          HPOS="1145"
                          CONTENT="mij last to you was on the 25h cur. sence non from you, I have a ledder thom Jan vale"/>
               </TextLine>
               <TextLine ID="region_1638955017191_5065l32"
                         BASELINE="1152,2606 1258,2601 1364,2597 1470,2592 1576,2588 1683,2586 1789,2582 1895,2578 2001,2576 2107,2572 2214,2570 2320,2568 2426,2564 2532,2562 2638,2560 2745,2558 2851,2556 2957,2554 3063,2552 3169,2550 3276,2548"
                         HEIGHT="181"
                         WIDTH="2154"
                         VPOS="2476"
                         HPOS="1137">
                  <String ID="string_region_1638955017191_5065l32"
                          HEIGHT="181"
                          WIDTH="2154"
                          VPOS="2476"
                          HPOS="1137"
                          CONTENT="bij which he advises mee that John the coninck hath abused him, fo lays all the"/>
               </TextLine>
               <TextLine ID="region_1638955017191_5065l33"
                         BASELINE="1152,2688 1260,2683 1368,2680 1476,2676 1584,2672 1693,2669 1801,2666 1909,2664 2017,2662 2125,2658 2234,2656 2342,2654 2450,2650 2558,2648 2666,2646 2775,2643 2883,2640 2991,2638 3099,2636 3207,2632 3316,2630"
                         HEIGHT="145"
                         WIDTH="2194"
                         VPOS="2567"
                         HPOS="1137">
                  <String ID="string_region_1638955017191_5065l33"
                          HEIGHT="145"
                          WIDTH="2194"
                          VPOS="2567"
                          HPOS="1137"
                          CONTENT="blame on him, he hopes to cleame his straifits wnthin ashort time, gett he can "/>
               </TextLine>
               <TextLine ID="region_1638955017191_5065l34"
                         BASELINE="1156,2778 1264,2771 1372,2766 1480,2760 1588,2756 1696,2753 1804,2750 1912,2747 2020,2745 2128,2743 2236,2742 2344,2740 2452,2738 2560,2736 2668,2734 2776,2732 2884,2728 2992,2726 3100,2722 3208,2718 3316,2712"
                         HEIGHT="147"
                         WIDTH="2191"
                         VPOS="2653"
                         HPOS="1140">
                  <String ID="string_region_1638955017191_5065l34"
                          HEIGHT="147"
                          WIDTH="2191"
                          VPOS="2653"
                          HPOS="1140"
                          CONTENT="not pay yd. 2 bills now falling dew, &amp; John de coninck will not assist him, butt seffers "/>
               </TextLine>
               <TextLine ID="region_1638955017191_5065l35"
                         BASELINE="1156,2868 1264,2862 1372,2856 1480,2850 1588,2846 1696,2842 1804,2838 1912,2835 2020,2833 2128,2830 2236,2828 2344,2826 2452,2824 2560,2822 2668,2820 2776,2817 2884,2814 2992,2811 3100,2808 3208,2804 3316,2798"
                         HEIGHT="156"
                         WIDTH="2189"
                         VPOS="2759"
                         HPOS="1140">
                  <String ID="string_region_1638955017191_5065l35"
                          HEIGHT="156"
                          WIDTH="2189"
                          VPOS="2759"
                          HPOS="1140"
                          CONTENT="proteste, &amp; I v. sayes them 2 bills an for yd actt. &amp; that he hath no offects for thevalew "/>
               </TextLine>
               <TextLine ID="region_1638955017191_5065l36"
                         BASELINE="1160,2962 1266,2956 1373,2950 1479,2946 1586,2941 1693,2936 1799,2932 1906,2928 2012,2925 2119,2922 2226,2919 2332,2916 2439,2912 2545,2909 2652,2904 2759,2901 2865,2898 2972,2892 3078,2886 3185,2880 3292,2874"
                         HEIGHT="145"
                         WIDTH="2162"
                         VPOS="2832"
                         HPOS="1145">
                  <String ID="string_region_1638955017191_5065l36"
                          HEIGHT="145"
                          WIDTH="2162"
                          VPOS="2832"
                          HPOS="1145"
                          CONTENT="butt the bill for which you repayd £103- he would take care to provide the provision"/>
               </TextLine>
               <TextLine ID="region_1638955017191_5065l37"
                         BASELINE="1160,3056 1268,3047 1377,3040 1486,3033 1595,3027 1704,3022 1812,3018 1921,3014 2030,3010 2139,3007 2248,3004 2356,3000 2465,2998 2574,2993 2683,2990 2792,2984 2900,2978 3009,2972 3118,2965 3227,2957 3336,2946"
                         HEIGHT="198"
                         WIDTH="2209"
                         VPOS="2897"
                         HPOS="1141">
                  <String ID="string_region_1638955017191_5065l37"
                          HEIGHT="198"
                          WIDTH="2209"
                          VPOS="2897"
                          HPOS="1141"
                          CONTENT="I haveugh told him, that you drew that on mee dattiso yd. bill of  did nott"/>
               </TextLine>
               <TextLine ID="region_1638955017191_5065l38"
                         BASELINE="1168,3140 1245,3136 1323,3131 1401,3128 1478,3123 1556,3120 1634,3117 1711,3114 1789,3111 1867,3108 1945,3106 2022,3104 2100,3102 2178,3098 2255,3096 2333,3094 2411,3092 2488,3089 2566,3086 2644,3083 2722,3080"
                         HEIGHT="195"
                         WIDTH="1585"
                         VPOS="2999"
                         HPOS="1151">
                  <String ID="string_region_1638955017191_5065l38"
                          HEIGHT="195"
                          WIDTH="1585"
                          VPOS="2999"
                          HPOS="1151"
                          CONTENT="afpeare  this dayes butt have given the needfull order "/>
               </TextLine>
               <TextLine ID="region_1638955017191_5065l39"
                         BASELINE="2726,3180 2756,3179 2786,3178 2816,3178 2846,3178 2877,3178 2907,3178 2937,3178 2967,3178 2997,3178 3028,3178 3058,3178 3088,3178 3118,3178 3148,3178 3179,3178 3209,3178 3239,3179 3269,3180 3299,3180 3330,3180"
                         HEIGHT="136"
                         WIDTH="636"
                         VPOS="3088"
                         HPOS="2711">
                  <String ID="string_region_1638955017191_5065l39"
                          HEIGHT="136"
                          WIDTH="636"
                          VPOS="3088"
                          HPOS="2711"
                          CONTENT="aut do ander t 1682"/>
               </TextLine>
               <TextLine ID="region_1638955017191_5065l40"
                         BASELINE="904,3232 963,3231 1022,3230 1082,3228 1141,3225 1201,3224 1260,3221 1319,3218 1379,3216 1438,3214 1498,3212 1557,3210 1616,3208 1676,3206 1735,3204 1795,3202 1854,3202 1913,3200 1973,3200 2032,3198 2092,3198"
                         HEIGHT="158"
                         WIDTH="1220"
                         VPOS="3135"
                         HPOS="887">
                  <String ID="string_region_1638955017191_5065l40"
                          HEIGHT="158"
                          WIDTH="1220"
                          VPOS="3135"
                          HPOS="887"
                          CONTENT="brugge mons antoou rap ul cooth"/>
               </TextLine>
               <TextLine ID="region_1638955017191_5065l41"
                         BASELINE="1178,3302 1284,3300 1391,3298 1498,3296 1605,3294 1712,3292 1819,3292 1926,3290 2033,3288 2140,3286 2247,3286 2353,3284 2460,3284 2567,3282 2674,3282 2781,3282 2888,3282 2995,3282 3102,3282 3209,3284 3316,3284"
                         HEIGHT="139"
                         WIDTH="2169"
                         VPOS="3178"
                         HPOS="1162">
                  <String ID="string_region_1638955017191_5065l41"
                          HEIGHT="139"
                          WIDTH="2169"
                          VPOS="3178"
                          HPOS="1162"
                          CONTENT="mousr in antwoort aen den ul van 27 deser sal &amp;eden van"/>
               </TextLine>
               <TextLine ID="region_1638955017191_5065l42"
                         BASELINE="1178,3380 1289,3380 1400,3380 1511,3380 1623,3380 1734,3380 1845,3380 1957,3378 2068,3378 2179,3376 2291,3376 2402,3374 2513,3374 2624,3372 2736,3372 2847,3372 2958,3370 3070,3370 3181,3370 3292,3370 3404,3370"
                         HEIGHT="146"
                         WIDTH="2259"
                         VPOS="3283"
                         HPOS="1161">
                  <String ID="string_region_1638955017191_5065l42"
                          HEIGHT="146"
                          WIDTH="2259"
                          VPOS="3283"
                          HPOS="1161"
                          CONTENT="gent noch ventrecken 12 quartielen claverlaet de welcke"/>
               </TextLine>
               <TextLine ID="region_1638955017191_5065l43"
                         BASELINE="1180,3464 1287,3466 1395,3468 1502,3468 1610,3468 1718,3468 1825,3466 1933,3464 2040,3462 2148,3460 2256,3458 2363,3456 2471,3454 2578,3452 2686,3452 2794,3452 2901,3452 3009,3454 3116,3456 3224,3460 3332,3464"
                         HEIGHT="103"
                         WIDTH="2184"
                         VPOS="3383"
                         HPOS="1164">
                  <String ID="string_region_1638955017191_5065l43"
                          HEIGHT="103"
                          WIDTH="2184"
                          VPOS="3383"
                          HPOS="1164"
                          CONTENT="volgens 27 deser heb gesireven meende voor de passch dagen"/>
               </TextLine>
               <TextLine ID="region_1638955017191_5065l44"
                         BASELINE="1178,3568 1285,3566 1393,3564 1501,3562 1609,3560 1717,3559 1825,3556 1933,3554 2041,3553 2149,3552 2257,3550 2364,3548 2472,3548 2580,3548 2688,3549 2796,3550 2904,3552 3012,3556 3120,3559 3228,3564 3336,3570"
                         HEIGHT="132"
                         WIDTH="2190"
                         VPOS="3470"
                         HPOS="1162">
                  <String ID="string_region_1638955017191_5065l44"
                          HEIGHT="132"
                          WIDTH="2190"
                          VPOS="3470"
                          HPOS="1162"
                          CONTENT="bij ul geweest coude hebben ede 2 daer onder A. N.1:2"/>
               </TextLine>
               <TextLine ID="region_1638955017191_5065l45"
                         BASELINE="1200,3652 1310,3648 1421,3645 1531,3642 1642,3640 1753,3638 1863,3636 1974,3634 2084,3634 2195,3632 2306,3632 2416,3632 2527,3634 2637,3634 2748,3635 2859,3636 2969,3638 3080,3640 3190,3642 3301,3646 3412,3650"
                         HEIGHT="115"
                         WIDTH="2243"
                         VPOS="3576"
                         HPOS="1185">
                  <String ID="string_region_1638955017191_5065l45"
                          HEIGHT="115"
                          WIDTH="2243"
                          VPOS="3576"
                          HPOS="1185"
                          CONTENT="moeten seijn als geseght &amp; N 13:14 soo dat du 14 quartielen"/>
               </TextLine>
               <TextLine ID="region_1638955017191_5065l46"
                         BASELINE="1168,3730 1278,3730 1389,3732 1500,3732 1611,3732 1722,3730 1832,3730 1943,3730 2054,3728 2165,3728 2276,3728 2386,3728 2497,3728 2608,3728 2719,3728 2830,3730 2940,3732 3051,3734 3162,3738 3273,3742 3384,3746"
                         HEIGHT="130"
                         WIDTH="2247"
                         VPOS="3641"
                         HPOS="1153">
                  <String ID="string_region_1638955017191_5065l46"
                          HEIGHT="130"
                          WIDTH="2247"
                          VPOS="3641"
                          HPOS="1153"
                          CONTENT="voor mr William seulij sijn &amp; wegens netto ft 6250: d 10"/>
               </TextLine>
               <TextLine ID="region_1638955017191_5065l47"
                         BASELINE="1192,3812 1303,3812 1414,3812 1525,3814 1636,3814 1748,3816 1859,3818 1970,3818 2081,3821 2192,3824 2304,3826 2415,3828 2526,3830 2637,3834 2748,3836 2860,3838 2971,3840 3082,3842 3193,3842 3304,3844 3416,3844"
                         HEIGHT="186"
                         WIDTH="2255"
                         VPOS="3719"
                         HPOS="1177">
                  <String ID="string_region_1638955017191_5065l47"
                          HEIGHT="186"
                          WIDTH="2255"
                          VPOS="3719"
                          HPOS="1177"
                          CONTENT="quartielen voor mi george cole CC N1 a 10 wegen notto"/>
               </TextLine>
               <TextLine ID="region_1638955017191_5065l48"
                         BASELINE="1192,3924 1299,3922 1407,3920 1515,3918 1622,3918 1730,3917 1838,3918 1945,3918 2053,3920 2161,3922 2269,3924 2376,3928 2484,3930 2592,3934 2699,3937 2807,3940 2915,3944 3022,3946 3130,3950 3238,3954 3346,3956"
                         HEIGHT="129"
                         WIDTH="2187"
                         VPOS="3876"
                         HPOS="1176">
                  <String ID="string_region_1638955017191_5065l48"
                          HEIGHT="129"
                          WIDTH="2187"
                          VPOS="3876"
                          HPOS="1176"
                          CONTENT="£4800: weirt ƒ 900: de 6250 van mr. seulij is meest"/>
               </TextLine>
               <TextLine ID="region_1638955017191_5065l49"
                         BASELINE="1214,4020 1320,4015 1426,4011 1533,4008 1639,4006 1746,4006 1852,4004 1958,4006 2065,4006 2171,4008 2278,4012 2384,4014 2490,4018 2597,4021 2703,4026 2810,4031 2916,4036 3022,4042 3129,4046 3235,4052 3342,4058"
                         HEIGHT="149"
                         WIDTH="2160"
                         VPOS="3927"
                         HPOS="1198">
                  <String ID="string_region_1638955017191_5065l49"
                          HEIGHT="149"
                          WIDTH="2160"
                          VPOS="3927"
                          HPOS="1198"
                          CONTENT="al out laet ende ver golgens kost ƒ 931 - waer naer"/>
               </TextLine>
               <TextLine ID="region_1638955017191_5065l50"
                         BASELINE="1200,4128 1307,4124 1414,4120 1521,4118 1628,4116 1735,4114 1842,4114 1949,4114 2056,4114 2163,4114 2270,4114 2377,4116 2484,4118 2591,4120 2698,4122 2805,4126 2912,4128 3019,4133 3126,4136 3233,4140 3340,4144"
                         HEIGHT="148"
                         WIDTH="2172"
                         VPOS="4049"
                         HPOS="1185">
                  <String ID="string_region_1638955017191_5065l50"
                          HEIGHT="148"
                          WIDTH="2172"
                          VPOS="4049"
                          HPOS="1185"
                          CONTENT="al sight gelieft te reguleren tot eere advantagn"/>
               </TextLine>
               <TextLine ID="region_1638955017191_5065l51"
                         BASELINE="1192,4238 1300,4236 1409,4233 1518,4230 1626,4228 1735,4225 1844,4222 1952,4220 2061,4219 2170,4218 2279,4218 2387,4218 2496,4218 2605,4220 2713,4221 2822,4224 2931,4228 3039,4233 3148,4240 3257,4247 3366,4254"
                         HEIGHT="138"
                         WIDTH="2205"
                         VPOS="4158"
                         HPOS="1178">
                  <String ID="string_region_1638955017191_5065l51"
                          HEIGHT="138"
                          WIDTH="2205"
                          VPOS="4158"
                          HPOS="1178"
                          CONTENT="van de vrinden, alsoo het voor hijn rekeningh"/>
               </TextLine>
               <TextLine ID="region_1638955017191_5065l52"
                         BASELINE="1224,4322 1327,4320 1430,4317 1533,4314 1636,4312 1740,4311 1843,4310 1946,4308 2049,4308 2152,4308 2256,4308 2359,4308 2462,4308 2565,4309 2668,4310 2772,4312 2875,4314 2978,4316 3081,4318 3184,4321 3288,4324"
                         HEIGHT="162"
                         WIDTH="2093"
                         VPOS="4227"
                         HPOS="1210">
                  <String ID="string_region_1638955017191_5065l52"
                          HEIGHT="162"
                          WIDTH="2093"
                          VPOS="4227"
                          HPOS="1210"
                          CONTENT="18 &amp; volgens den tol sculdige gesien dat debinge scade"/>
               </TextLine>
            </TextBlock>
            <TextBlock ID="region_1638955020247_5068"
                       HEIGHT="4338"
                       WIDTH="2563"
                       VPOS="139"
                       HPOS="3452">
               <Shape>
                  <Polygon POINTS="3452,139 6015,139 6015,4477 3452,4477"/>
               </Shape>
               <TextLine ID="region_1638955020247_5068l1"
                         BASELINE="5894,256 5923,259 5952,261 5982,264"
                         HEIGHT="77"
                         WIDTH="125"
                         VPOS="203"
                         HPOS="5877">
                  <String ID="string_region_1638955020247_5068l1"
                          HEIGHT="77"
                          WIDTH="125"
                          VPOS="203"
                          HPOS="5877"
                          CONTENT="18d"/>
               </TextLine>
               <TextLine ID="region_1638955020247_5068l2"
                         BASELINE="3646,296 3758,294 3871,292 3983,292 4096,290 4209,288 4321,288 4434,286 4546,286 4659,286 4772,284 4884,284 4997,286 5109,286 5222,286 5335,288 5447,290 5560,292 5672,294 5785,296 5898,298"
                         HEIGHT="132"
                         WIDTH="2283"
                         VPOS="219"
                         HPOS="3631">
                  <String ID="string_region_1638955020247_5068l2"
                          HEIGHT="132"
                          WIDTH="2283"
                          VPOS="219"
                          HPOS="3631"
                          CONTENT="dest geleden aen sijn tuyck &amp; 8:6 't sal vael sijn"/>
               </TextLine>
               <TextLine ID="region_1638955020247_5068l3"
                         BASELINE="3636,388 3752,386 3868,384 3984,384 4101,384 4217,386 4333,386 4450,390 4566,392 4682,396 4799,400 4915,404 5031,408 5147,412 5264,416 5380,422 5496,426 5613,430 5729,434 5845,437 5962,440"
                         HEIGHT="145"
                         WIDTH="2358"
                         VPOS="357"
                         HPOS="3621">
                  <String ID="string_region_1638955020247_5068l3"
                          HEIGHT="145"
                          WIDTH="2358"
                          VPOS="357"
                          HPOS="3621"
                          CONTENT="soo de goederen niet tescadight van sijn, gelijck mij oet"/>
               </TextLine>
               <TextLine ID="region_1638955020247_5068l4"
                         BASELINE="3648,476 3759,474 3870,474 3981,474 4092,474 4204,478 4315,480 4426,485 4537,490 4648,495 4760,501 4871,508 4982,514 5093,519 5204,527 5316,532 5427,538 5538,542 5649,547 5760,550 5872,554"
                         HEIGHT="128"
                         WIDTH="2258"
                         VPOS="452"
                         HPOS="3631">
                  <String ID="string_region_1638955020247_5068l4"
                          HEIGHT="128"
                          WIDTH="2258"
                          VPOS="452"
                          HPOS="3631"
                          CONTENT="ongeluck de resse reijse ebas gevallen, daer door 7 a 8 seeges"/>
               </TextLine>
               <TextLine ID="region_1638955020247_5068l5"
                         BASELINE="3640,564 3755,568 3871,572 3987,576 4103,581 4219,586 4335,592 4451,596 4567,602 4683,608 4799,612 4914,618 5030,624 5146,628 5262,633 5378,638 5494,642 5610,646 5726,650 5842,653 5958,656"
                         HEIGHT="195"
                         WIDTH="2352"
                         VPOS="515"
                         HPOS="3624">
                  <String ID="string_region_1638955020247_5068l5"
                          HEIGHT="195"
                          WIDTH="2352"
                          VPOS="515"
                          HPOS="3624"
                          CONTENT="waerdat bedorgen versticht, &amp; seer beschadight de claverlaet"/>
               </TextLine>
               <TextLine ID="region_1638955020247_5068l6"
                         BASELINE="3652,646 3769,653 3886,660 4003,668 4120,676 4237,683 4354,690 4471,697 4588,706 4705,713 4823,720 4940,726 5057,734 5174,740 5291,746 5408,752 5525,758 5642,762 5759,768 5876,770 5994,774"
                         HEIGHT="199"
                         WIDTH="2377"
                         VPOS="612"
                         HPOS="3635">
                  <String ID="string_region_1638955020247_5068l6"
                          HEIGHT="199"
                          WIDTH="2377"
                          VPOS="612"
                          HPOS="3635"
                          CONTENT="vaten sullen buyten twijffele in tijde comen men is cier"/>
               </TextLine>
               <TextLine ID="region_1638955020247_5068l7"
                         BASELINE="3648,748 3761,750 3875,754 3988,759 4102,764 4216,772 4329,778 4443,786 4556,795 4670,805 4784,814 4897,823 5011,832 5124,843 5238,851 5352,859 5465,869 5579,875 5692,883 5806,890 5920,894"
                         HEIGHT="258"
                         WIDTH="2310"
                         VPOS="674"
                         HPOS="3628">
                  <String ID="string_region_1638955020247_5068l7"
                          HEIGHT="258"
                          WIDTH="2310"
                          VPOS="674"
                          HPOS="3628"
                          CONTENT="geen storm gebaer gerboeden, als ul scrief hope o"/>
               </TextLine>
               <TextLine ID="region_1638955020247_5068l8"
                         BASELINE="3648,848 3757,853 3866,858 3976,863 4085,870 4195,877 4304,884 4413,892 4523,900 4632,908 4742,916 4851,924 4960,932 5070,939 5179,945 5289,950 5398,955 5507,958 5617,962 5726,962 5836,962"
                         HEIGHT="270"
                         WIDTH="2223"
                         VPOS="760"
                         HPOS="3631">
                  <String ID="string_region_1638955020247_5068l8"
                          HEIGHT="270"
                          WIDTH="2223"
                          VPOS="760"
                          HPOS="3631"
                          CONTENT="claverck geen ongemack sal colbar verndane gerae"/>
               </TextLine>
               <TextLine ID="region_1638955020247_5068l9"
                         BASELINE="3656,936 3773,940 3890,947 4008,955 4125,963 4243,972 4360,982 4477,993 4595,1003 4712,1014 4830,1024 4947,1034 5064,1044 5182,1053 5299,1060 5417,1068 5534,1072 5651,1078 5769,1080 5886,1080 6004,1078"
                         HEIGHT="221"
                         WIDTH="2380"
                         VPOS="889"
                         HPOS="3636">
                  <String ID="string_region_1638955020247_5068l9"
                          HEIGHT="221"
                          WIDTH="2380"
                          VPOS="889"
                          HPOS="3636"
                          CONTENT="p naesten bort van hem hebt gtoort, als mede van pinda"/>
               </TextLine>
               <TextLine ID="region_1638955020247_5068l10"
                         BASELINE="3628,1022 3742,1030 3856,1039 3971,1048 4085,1059 4200,1070 4314,1080 4428,1092 4543,1102 4657,1113 4772,1123 4886,1133 5000,1142 5115,1150 5229,1158 5344,1164 5458,1169 5572,1174 5687,1175 5801,1176 5916,1174"
                         HEIGHT="261"
                         WIDTH="2322"
                         VPOS="958"
                         HPOS="3612">
                  <String ID="string_region_1638955020247_5068l10"
                          HEIGHT="261"
                          WIDTH="2322"
                          VPOS="958"
                          HPOS="3612"
                          CONTENT="van ull: &amp;b cris. de vaever een cassie &amp; packie leijsten"/>
               </TextLine>
               <TextLine ID="region_1638955020247_5068l11"
                         BASELINE="3632,1140 3747,1146 3863,1152 3978,1162 4094,1170 4210,1178 4325,1187 4441,1197 4556,1206 4672,1215 4788,1225 4903,1233 5019,1241 5134,1248 5250,1254 5366,1259 5481,1264 5597,1266 5712,1268 5828,1266 5944,1264"
                         HEIGHT="198"
                         WIDTH="2349"
                         VPOS="1107"
                         HPOS="3613">
                  <String ID="string_region_1638955020247_5068l11"
                          HEIGHT="198"
                          WIDTH="2349"
                          VPOS="1107"
                          HPOS="3613"
                          CONTENT="me gegeven voor iokn loyd van loonden vbaer voor den"/>
               </TextLine>
               <TextLine ID="region_1638955020247_5068l12"
                         BASELINE="3652,1216 3764,1225 3876,1233 3988,1243 4101,1252 4213,1262 4325,1272 4438,1284 4550,1294 4662,1304 4775,1314 4887,1324 4999,1332 5111,1341 5224,1348 5336,1354 5448,1360 5561,1365 5673,1368 5785,1370 5898,1370"
                         HEIGHT="243"
                         WIDTH="2285"
                         VPOS="1175"
                         HPOS="3633">
                  <String ID="string_region_1638955020247_5068l12"
                          HEIGHT="243"
                          WIDTH="2285"
                          VPOS="1175"
                          HPOS="3633"
                          CONTENT="reeddisse aen den selven te caverdn gelieft te "/>
               </TextLine>
               <TextLine ID="region_1638955020247_5068l13"
                         BASELINE="3646,1324 3696,1318 3746,1316 3796,1314 3847,1312 3897,1314 3947,1316 3998,1318 4048,1320 4098,1324 4149,1329 4199,1334 4249,1339 4299,1344 4350,1349 4400,1354 4450,1358 4501,1363 4551,1366 4601,1370 4652,1372"
                         HEIGHT="152"
                         WIDTH="1038"
                         VPOS="1253"
                         HPOS="3631">
                  <String ID="string_region_1638955020247_5068l13"
                          HEIGHT="152"
                          WIDTH="1038"
                          VPOS="1253"
                          HPOS="3631"
                          CONTENT="gesorgen &amp; mij senden"/>
               </TextLine>
               <TextLine ID="region_1638955020247_5068l14"
                         BASELINE="3462,1416 3516,1412 3571,1407 3626,1403 3680,1401 3735,1400 3790,1400 3844,1400 3899,1401 3954,1404 4009,1407 4063,1410 4118,1414 4173,1420 4227,1425 4282,1431 4337,1437 4391,1444 4446,1450 4501,1459 4556,1466"
                         HEIGHT="183"
                         WIDTH="1127"
                         VPOS="1312"
                         HPOS="3446">
                  <String ID="string_region_1638955020247_5068l14"
                          HEIGHT="183"
                          WIDTH="1127"
                          VPOS="1312"
                          HPOS="3446"
                          CONTENT="ruullen mons Cornelis van akon"/>
               </TextLine>
               <TextLine ID="region_1638955020247_5068l15"
                         BASELINE="5130,1480 5167,1480 5205,1482 5242,1482 5280,1484 5318,1486 5355,1488 5393,1490 5430,1492 5468,1495 5506,1496 5543,1499 5581,1502 5618,1503 5656,1506 5694,1509 5731,1510 5769,1513 5806,1514 5844,1518 5882,1520"
                         HEIGHT="190"
                         WIDTH="791"
                         VPOS="1389"
                         HPOS="5114">
                  <String ID="string_region_1638955020247_5068l15"
                          HEIGHT="190"
                          WIDTH="791"
                          VPOS="1389"
                          HPOS="5114"
                          CONTENT=" 30 meert 1682"/>
               </TextLine>
               <TextLine ID="region_1638955020247_5068l16"
                         BASELINE="3620,1496 3737,1501 3854,1507 3972,1514 4089,1521 4207,1528 4324,1536 4441,1542 4559,1551 4676,1558 4794,1566 4911,1574 5028,1581 5146,1589 5263,1595 5381,1602 5498,1609 5615,1615 5733,1620 5850,1626 5968,1630"
                         HEIGHT="228"
                         WIDTH="2379"
                         VPOS="1419"
                         HPOS="3603">
                  <String ID="string_region_1638955020247_5068l16"
                          HEIGHT="228"
                          WIDTH="2379"
                          VPOS="1419"
                          HPOS="3603"
                          CONTENT="mons in antwort van ul van 25 deser referere mij aen"/>
               </TextLine>
               <TextLine ID="region_1638955020247_5068l17"
                         BASELINE="3640,1592 3754,1595 3868,1600 3983,1604 4097,1610 4212,1617 4326,1624 4440,1631 4555,1638 4669,1647 4784,1655 4898,1663 5012,1672 5127,1680 5241,1688 5356,1694 5470,1702 5584,1707 5699,1712 5813,1716 5928,1718"
                         HEIGHT="239"
                         WIDTH="2322"
                         VPOS="1529"
                         HPOS="3623">
                  <String ID="string_region_1638955020247_5068l17"
                          HEIGHT="239"
                          WIDTH="2322"
                          VPOS="1529"
                          HPOS="3623"
                          CONTENT="de ingelyde staelen al de modois coleur de biened"/>
               </TextLine>
               <TextLine ID="region_1638955020247_5068l18"
                         BASELINE="3644,1696 3758,1698 3872,1702 3986,1706 4100,1712 4214,1718 4328,1725 4442,1732 4556,1740 4670,1747 4784,1756 4898,1763 5012,1771 5126,1778 5240,1786 5354,1792 5468,1798 5582,1802 5696,1806 5810,1808 5924,1808"
                         HEIGHT="214"
                         WIDTH="2315"
                         VPOS="1660"
                         HPOS="3628">
                  <String ID="string_region_1638955020247_5068l18"
                          HEIGHT="214"
                          WIDTH="2315"
                          VPOS="1660"
                          HPOS="3628"
                          CONTENT="brmijna 1 ooht get scrijnt datter bat gcolant"/>
               </TextLine>
               <TextLine ID="region_1638955020247_5068l19"
                         BASELINE="3624,1798 3741,1796 3858,1796 3975,1798 4092,1802 4210,1809 4327,1815 4444,1824 4561,1832 4678,1842 4796,1851 4913,1862 5030,1872 5147,1880 5264,1888 5382,1896 5499,1904 5616,1909 5733,1912 5850,1914 5968,1914"
                         HEIGHT="264"
                         WIDTH="2377"
                         VPOS="1708"
                         HPOS="3609">
                  <String ID="string_region_1638955020247_5068l19"
                          HEIGHT="264"
                          WIDTH="2377"
                          VPOS="1708"
                          HPOS="3609"
                          CONTENT="voorck bibt uyt conen gelijck de cousen sijn maer"/>
               </TextLine>
               <TextLine ID="region_1638955020247_5068l20"
                         BASELINE="3656,1892 3772,1890 3889,1892 4005,1894 4122,1898 4239,1906 4355,1913 4472,1921 4588,1931 4705,1941 4822,1952 4938,1961 5055,1972 5171,1981 5288,1990 5405,1997 5521,2002 5638,2007 5754,2010 5871,2010 5988,2006"
                         HEIGHT="252"
                         WIDTH="2362"
                         VPOS="1826"
                         HPOS="3639">
                  <String ID="string_region_1638955020247_5068l20"
                          HEIGHT="252"
                          WIDTH="2362"
                          VPOS="1826"
                          HPOS="3639"
                          CONTENT="ick en gelove niet dat sulcks sal blaets grijsen"/>
               </TextLine>
               <TextLine ID="region_1638955020247_5068l21"
                         BASELINE="3656,1984 3771,1982 3887,1981 4002,1983 4118,1986 4234,1991 4349,1999 4465,2008 4580,2016 4696,2026 4812,2035 4927,2045 5043,2056 5158,2067 5274,2076 5390,2086 5505,2094 5621,2102 5736,2108 5852,2112 5968,2114"
                         HEIGHT="220"
                         WIDTH="2348"
                         VPOS="1935"
                         HPOS="3639">
                  <String ID="string_region_1638955020247_5068l21"
                          HEIGHT="220"
                          WIDTH="2348"
                          VPOS="1935"
                          HPOS="3639"
                          CONTENT="alwol de privee van carm a envoedeeoendt daer"/>
               </TextLine>
               <TextLine ID="region_1638955020247_5068l22"
                         BASELINE="3656,2060 3770,2060 3884,2062 3998,2065 4112,2071 4226,2078 4340,2085 4454,2092 4568,2102 4682,2111 4796,2122 4910,2132 5024,2143 5138,2154 5252,2163 5366,2173 5480,2181 5594,2188 5708,2196 5822,2202 5936,2206"
                         HEIGHT="273"
                         WIDTH="2314"
                         VPOS="1972"
                         HPOS="3640">
                  <String ID="string_region_1638955020247_5068l22"
                          HEIGHT="273"
                          WIDTH="2314"
                          VPOS="1972"
                          HPOS="3640"
                          CONTENT="den cldiedt van gebben, ick vver vlart de oock bat"/>
               </TextLine>
               <TextLine ID="region_1638955020247_5068l23"
                         BASELINE="3644,2150 3761,2150 3878,2154 3996,2158 4113,2164 4231,2171 4348,2181 4465,2190 4583,2201 4700,2212 4818,2224 4935,2234 5052,2246 5170,2258 5287,2267 5405,2278 5522,2286 5639,2295 5757,2301 5874,2306 5992,2310"
                         HEIGHT="232"
                         WIDTH="2385"
                         VPOS="2108"
                         HPOS="3627">
                  <String ID="string_region_1638955020247_5068l23"
                          HEIGHT="232"
                          WIDTH="2385"
                          VPOS="2108"
                          HPOS="3627"
                          CONTENT="van van dugels goet ee ick seer vlel versien van"/>
               </TextLine>
               <TextLine ID="region_1638955020247_5068l24"
                         BASELINE="3628,2240 3746,2240 3865,2242 3984,2246 4103,2251 4222,2259 4340,2267 4459,2277 4578,2287 4697,2298 4816,2312 4934,2324 5053,2336 5172,2349 5291,2362 5410,2374 5528,2386 5647,2397 5766,2407 5885,2416 6004,2424"
                         HEIGHT="269"
                         WIDTH="2416"
                         VPOS="2201"
                         HPOS="3611">
                  <String ID="string_region_1638955020247_5068l24"
                          HEIGHT="269"
                          WIDTH="2416"
                          VPOS="2201"
                          HPOS="3611"
                          CONTENT="alle vordude en van alle srijs ul daer denig"/>
               </TextLine>
               <TextLine ID="region_1638955020247_5068l25"
                         BASELINE="3636,2338 3753,2338 3871,2340 3989,2344 4107,2350 4225,2359 4342,2367 4460,2378 4578,2388 4696,2400 4814,2413 4931,2424 5049,2436 5167,2448 5285,2461 5403,2472 5520,2482 5638,2493 5756,2501 5874,2508 5992,2514"
                         HEIGHT="284"
                         WIDTH="2391"
                         VPOS="2271"
                         HPOS="3621">
                  <String ID="string_region_1638955020247_5068l25"
                          HEIGHT="284"
                          WIDTH="2391"
                          VPOS="2271"
                          HPOS="3621"
                          CONTENT="dinst Jar doen gelieft maer te commanderen"/>
               </TextLine>
               <TextLine ID="region_1638955020247_5068l26"
                         BASELINE="3648,2436 3758,2440 3868,2445 3978,2451 4088,2460 4199,2468 4309,2477 4419,2486 4529,2496 4639,2506 4750,2516 4860,2527 4970,2537 5080,2546 5190,2555 5301,2563 5411,2569 5521,2576 5631,2580 5741,2582 5852,2584"
                         HEIGHT="209"
                         WIDTH="2239"
                         VPOS="2395"
                         HPOS="3629">
                  <String ID="string_region_1638955020247_5068l26"
                          HEIGHT="209"
                          WIDTH="2239"
                          VPOS="2395"
                          HPOS="3629"
                          CONTENT="onfr fa brigue vooort sier veol geblrft ul daer"/>
               </TextLine>
               <TextLine ID="region_1638955020247_5068l27"
                         BASELINE="3636,2514 3752,2523 3868,2534 3984,2544 4100,2555 4217,2567 4333,2578 4449,2589 4565,2598 4681,2609 4798,2620 4914,2629 5030,2639 5146,2648 5262,2656 5379,2662 5495,2669 5611,2676 5727,2680 5843,2684 5960,2688"
                         HEIGHT="278"
                         WIDTH="2360"
                         VPOS="2477"
                         HPOS="3620">
                  <String ID="string_region_1638955020247_5068l27"
                          HEIGHT="278"
                          WIDTH="2360"
                          VPOS="2477"
                          HPOS="3620"
                          CONTENT="vemge deust can n dien ul sal te commanderen"/>
               </TextLine>
               <TextLine ID="region_1638955020247_5068l28"
                         BASELINE="3454,2672 3485,2669 3516,2667 3547,2664 3578,2662 3610,2662 3641,2660 3672,2660 3703,2660 3734,2660 3766,2660 3797,2660 3828,2660 3859,2660 3890,2660 3922,2660 3953,2660 3984,2660 4015,2660 4046,2658 4078,2658"
                         HEIGHT="189"
                         WIDTH="659"
                         VPOS="2529"
                         HPOS="3436">
                  <String ID="string_region_1638955020247_5068l28"
                          HEIGHT="189"
                          WIDTH="659"
                          VPOS="2529"
                          HPOS="3436"
                          CONTENT="Aort Robert hartely"/>
               </TextLine>
               <TextLine ID="region_1638955020247_5068l29"
                         BASELINE="5270,2744 5296,2744 5323,2744 5350,2744 5377,2744 5404,2746 5431,2746 5458,2748 5485,2748 5512,2748 5539,2748 5566,2746"
                         HEIGHT="126"
                         WIDTH="326"
                         VPOS="2657"
                         HPOS="5255">
                  <String ID="string_region_1638955020247_5068l29"
                          HEIGHT="126"
                          WIDTH="326"
                          VPOS="2657"
                          HPOS="5255"
                          CONTENT="30 mais"/>
               </TextLine>
               <TextLine ID="region_1638955020247_5068l30"
                         BASELINE="3604,2800 3719,2800 3835,2802 3950,2802 4066,2804 4182,2807 4297,2810 4413,2812 4528,2816 4644,2820 4760,2823 4875,2827 4991,2831 5106,2836 5222,2840 5338,2844 5453,2850 5569,2854 5684,2859 5800,2864 5916,2868"
                         HEIGHT="203"
                         WIDTH="2347"
                         VPOS="2709"
                         HPOS="3587">
                  <String ID="string_region_1638955020247_5068l30"
                          HEIGHT="203"
                          WIDTH="2347"
                          VPOS="2709"
                          HPOS="3587"
                          CONTENT="Mons foute van occasie vernegligeert ue sijn reste te senden"/>
               </TextLine>
               <TextLine ID="region_1638955020247_5068l31"
                         BASELINE="3644,2906 3762,2908 3880,2910 3998,2912 4116,2915 4235,2918 4353,2920 4471,2924 4589,2926 4707,2930 4826,2932 4944,2936 5062,2940 5180,2945 5298,2950 5417,2954 5535,2960 5653,2966 5771,2971 5889,2978 6008,2984"
                         HEIGHT="163"
                         WIDTH="2395"
                         VPOS="2856"
                         HPOS="3630">
                  <String ID="string_region_1638955020247_5068l31"
                          HEIGHT="163"
                          WIDTH="2395"
                          VPOS="2856"
                          HPOS="3630"
                          CONTENT="dwelck dese weecke gesnet p mijn swager gerus borrbeeck die coetieenige"/>
               </TextLine>
               <TextLine ID="region_1638955020247_5068l32"
                         BASELINE="3646,3004 3764,3008 3882,3012 4001,3018 4119,3020 4238,3024 4356,3028 4474,3030 4593,3034 4711,3036 4830,3039 4948,3042 5066,3044 5185,3048 5303,3052 5422,3055 5540,3059 5658,3063 5777,3068 5895,3074 6014,3078"
                         HEIGHT="186"
                         WIDTH="2401"
                         VPOS="2952"
                         HPOS="3630">
                  <String ID="string_region_1638955020247_5068l32"
                          HEIGHT="186"
                          WIDTH="2401"
                          VPOS="2952"
                          HPOS="3630"
                          CONTENT="affeciens hebbende ul voor mij sal komen voldoen daerentussen in autve"/>
               </TextLine>
               <TextLine ID="region_1638955020247_5068l33"
                         BASELINE="3618,3118 3735,3124 3852,3128 3969,3130 4086,3134 4203,3136 4320,3138 4437,3140 4554,3142 4671,3142 4788,3144 4905,3146 5022,3147 5139,3148 5256,3150 5373,3152 5490,3155 5607,3158 5724,3163 5841,3167 5958,3172"
                         HEIGHT="186"
                         WIDTH="2371"
                         VPOS="3035"
                         HPOS="3602">
                  <String ID="string_region_1638955020247_5068l33"
                          HEIGHT="186"
                          WIDTH="2371"
                          VPOS="3035"
                          HPOS="3602"
                          CONTENT="deser verneme geven wat soecte van kersjen &amp; witte bayen ul noch bij"/>
               </TextLine>
               <TextLine ID="region_1638955020247_5068l34"
                         BASELINE="3630,3234 3747,3232 3865,3230 3982,3230 4100,3230 4218,3230 4335,3232 4453,3236 4570,3238 4688,3242 4806,3244 4923,3248 5041,3252 5158,3257 5276,3262 5394,3265 5511,3270 5629,3274 5746,3276 5864,3280 5982,3282"
                         HEIGHT="144"
                         WIDTH="2384"
                         VPOS="3184"
                         HPOS="3614">
                  <String ID="string_region_1638955020247_5068l34"
                          HEIGHT="144"
                          WIDTH="2384"
                          VPOS="3184"
                          HPOS="3614"
                          CONTENT="heeft &amp; demuste prijsen den selve beneffens staelen van drap colleur"/>
               </TextLine>
               <TextLine ID="region_1638955020247_5068l35"
                         BASELINE="3552,3352 3672,3346 3792,3342 3913,3338 4033,3335 4154,3334 4274,3332 4394,3332 4515,3332 4635,3332 4756,3334 4876,3336 4996,3338 5117,3340 5237,3342 5358,3346 5478,3348 5598,3352 5719,3354 5839,3356 5960,3358"
                         HEIGHT="184"
                         WIDTH="2440"
                         VPOS="3238"
                         HPOS="3537">
                  <String ID="string_region_1638955020247_5068l35"
                          HEIGHT="184"
                          WIDTH="2440"
                          VPOS="3238"
                          HPOS="3537"
                          CONTENT="oft in desetale coleur despen geperst fijn lakens dwelck tegens over"/>
               </TextLine>
               <TextLine ID="region_1638955020247_5068l36"
                         BASELINE="3624,3434 3742,3433 3861,3432 3979,3430 4098,3430 4216,3430 4335,3430 4453,3430 4572,3430 4690,3432 4809,3433 4927,3434 5046,3437 5164,3440 5283,3442 5401,3446 5520,3450 5638,3453 5757,3458 5875,3462 5994,3468"
                         HEIGHT="169"
                         WIDTH="2400"
                         VPOS="3335"
                         HPOS="3608">
                  <String ID="string_region_1638955020247_5068l36"
                          HEIGHT="169"
                          WIDTH="2400"
                          VPOS="3335"
                          HPOS="3608"
                          CONTENT="morgen verwachte &amp; naer groot beijve. ul bayen hebbende sent moegen"/>
               </TextLine>
               <TextLine ID="region_1638955020247_5068l37"
                         BASELINE="3602,3542 3718,3542 3834,3542 3950,3542 4066,3542 4183,3542 4299,3542 4415,3542 4531,3542 4647,3542 4764,3542 4880,3544 4996,3544 5112,3546 5228,3547 5345,3550 5461,3551 5577,3554 5693,3556 5809,3560 5926,3564"
                         HEIGHT="153"
                         WIDTH="2355"
                         VPOS="3452"
                         HPOS="3586">
                  <String ID="string_region_1638955020247_5068l37"
                          HEIGHT="153"
                          WIDTH="2355"
                          VPOS="3452"
                          HPOS="3586"
                          CONTENT="p beurtschip van ider soorte een a 2 stucken om de selve tegens"/>
               </TextLine>
               <TextLine ID="region_1638955020247_5068l38"
                         BASELINE="3624,3640 3737,3641 3850,3642 3963,3642 4076,3642 4189,3642 4302,3642 4415,3641 4528,3640 4641,3640 4754,3640 4867,3640 4980,3640 5093,3640 5206,3640 5319,3640 5432,3642 5545,3644 5658,3646 5771,3648 5884,3652"
                         HEIGHT="117"
                         WIDTH="2289"
                         VPOS="3561"
                         HPOS="3609">
                  <String ID="string_region_1638955020247_5068l38"
                          HEIGHT="117"
                          WIDTH="2289"
                          VPOS="3561"
                          HPOS="3609"
                          CONTENT="donderdagh oft vrijdagh hier te hebben voor een preve &amp; minste paijse"/>
               </TextLine>
               <TextLine ID="region_1638955020247_5068l39"
                         BASELINE="3632,3742 3706,3742 3780,3740 3855,3740 3929,3738 4004,3738 4078,3736 4152,3735 4227,3734 4301,3734 4376,3732 4450,3732 4524,3732 4599,3732 4673,3732 4748,3732 4822,3732 4896,3734 4971,3735 5045,3736 5120,3738"
                         HEIGHT="141"
                         WIDTH="1518"
                         VPOS="3649"
                         HPOS="3617">
                  <String ID="string_region_1638955020247_5068l39"
                          HEIGHT="141"
                          WIDTH="1518"
                          VPOS="3649"
                          HPOS="3617"
                          CONTENT="benefens een a2 kersijen van ider sooue"/>
               </TextLine>
               <TextLine ID="region_1638955020247_5068l40"
                         BASELINE="3458,3844 3488,3842 3519,3839 3550,3836 3581,3834 3612,3832 3643,3830 3674,3828 3705,3828 3736,3826 3767,3824 3797,3824 3828,3824 3859,3824 3890,3824 3921,3824 3952,3824 3983,3824 4014,3826 4045,3827 4076,3828"
                         HEIGHT="192"
                         WIDTH="655"
                         VPOS="3718"
                         HPOS="3439">
                  <String ID="string_region_1638955020247_5068l40"
                          HEIGHT="192"
                          WIDTH="655"
                          VPOS="3718"
                          HPOS="3439"
                          CONTENT="brussel Joan vaele"/>
               </TextLine>
               <TextLine ID="region_1638955020247_5068l41"
                         BASELINE="5158,3860 5196,3862 5234,3864 5273,3864 5311,3864 5350,3864 5388,3863 5426,3862 5465,3862 5503,3860 5542,3860 5580,3859 5618,3858 5657,3858 5695,3859 5734,3860 5772,3862 5810,3864 5849,3867 5887,3872 5926,3876"
                         HEIGHT="133"
                         WIDTH="799"
                         VPOS="3765"
                         HPOS="5142">
                  <String ID="string_region_1638955020247_5068l41"
                          HEIGHT="133"
                          WIDTH="799"
                          VPOS="3765"
                          HPOS="5142"
                          CONTENT="30 maert 1682"/>
               </TextLine>
               <TextLine ID="region_1638955020247_5068l42"
                         BASELINE="3628,3916 3746,3912 3864,3910 3982,3910 4100,3912 4218,3915 4336,3918 4454,3924 4572,3929 4690,3934 4808,3941 4926,3947 5044,3954 5162,3958 5280,3964 5398,3968 5516,3970 5634,3972 5752,3972 5870,3970 5988,3966"
                         HEIGHT="164"
                         WIDTH="2395"
                         VPOS="3835"
                         HPOS="3612">
                  <String ID="string_region_1638955020247_5068l42"
                          HEIGHT="164"
                          WIDTH="2395"
                          VPOS="3835"
                          HPOS="3612"
                          CONTENT="mons in antwort aen den ueken van 21 deser ian de comuck"/>
               </TextLine>
               <TextLine ID="region_1638955020247_5068l43"
                         BASELINE="3664,4014 3776,4005 3888,4000 4000,3998 4112,3998 4224,3998 4336,4001 4448,4006 4560,4010 4672,4017 4784,4024 4896,4030 5008,4037 5120,4043 5232,4049 5344,4054 5456,4058 5568,4062 5680,4062 5792,4062 5904,4060"
                         HEIGHT="154"
                         WIDTH="2275"
                         VPOS="3955"
                         HPOS="3647">
                  <String ID="string_region_1638955020247_5068l43"
                          HEIGHT="154"
                          WIDTH="2275"
                          VPOS="3955"
                          HPOS="3647"
                          CONTENT="desr iet vaen brief niet vallen te doen hebben"/>
               </TextLine>
               <TextLine ID="region_1638955020247_5068l44"
                         BASELINE="3676,4106 3787,4100 3898,4096 4009,4094 4120,4094 4232,4096 4343,4100 4454,4103 4565,4108 4676,4114 4788,4121 4899,4128 5010,4134 5121,4141 5232,4147 5344,4152 5455,4157 5566,4160 5677,4162 5788,4164 5900,4162"
                         HEIGHT="151"
                         WIDTH="2258"
                         VPOS="4062"
                         HPOS="3659">
                  <String ID="string_region_1638955020247_5068l44"
                          HEIGHT="151"
                          WIDTH="2258"
                          VPOS="4062"
                          HPOS="3659"
                          CONTENT="dn ladten proterteen. ick geble den selven betalt"/>
               </TextLine>
               <TextLine ID="region_1638955020247_5068l45"
                         BASELINE="3624,4222 3729,4211 3835,4205 3940,4202 4046,4200 4152,4203 4257,4208 4363,4213 4468,4221 4574,4230 4680,4238 4785,4248 4891,4257 4996,4266 5102,4273 5208,4280 5313,4284 5419,4286 5524,4286 5630,4282 5736,4276"
                         HEIGHT="201"
                         WIDTH="2149"
                         VPOS="4113"
                         HPOS="3606">
                  <String ID="string_region_1638955020247_5068l45"
                          HEIGHT="201"
                          WIDTH="2149"
                          VPOS="4113"
                          HPOS="3606"
                          CONTENT="maer voor den anderen die stadt heden te"/>
               </TextLine>
               <TextLine ID="region_1638955020247_5068l46"
                         BASELINE="3628,4312 3745,4308 3862,4306 3979,4306 4096,4309 4214,4314 4331,4320 4448,4328 4565,4336 4682,4343 4800,4353 4917,4360 5034,4368 5151,4375 5268,4379 5386,4382 5503,4384 5620,4382 5737,4378 5854,4369 5972,4358"
                         HEIGHT="156"
                         WIDTH="2377"
                         VPOS="4273"
                         HPOS="3611">
                  <String ID="string_region_1638955020247_5068l46"
                          HEIGHT="156"
                          WIDTH="2377"
                          VPOS="4273"
                          HPOS="3611"
                          CONTENT="ve vallen maer sien geen ran alsoo geen gelt"/>
               </TextLine>
            </TextBlock>
         </PrintSpace>
      </Page>
   </Layout>
</alto>
