8098 4567
2737 182 215 67 mrico

2338 196 727 126 In Antw: & may

646 200 773 157 Brussel John valo

1002 286 2225 120 mons Den ul van 28 pas met den geaccepteerde brief ontf

982 347 2240 117 gesien ul ongelegen was mijnen tratos van ƒ300 te voldoen den t

916 488 2272 85 eghter versoek te vereeren, en sal hver de selve weirden oft

911 544 2301 102 soo veel als ue daertoe niet dernen en hem hal hier aen u t ordre

914 600 2290 138 prompt voldoenrermits ul sijn gelt hier altijt noodich heeft

922 722 2307 68 wat de baijen belanght, sal over komande ul deswegens contenteint

912 747 2217 125 doen wegens de brusselse fabrigue hebbe onlanghs met dese

917 855 2272 101 des verstaende gediscondeert & sijn all van eender opnee sal dat ck

916 921 2252 109 twijffele oft sal leyken, eghter ul voor 2 stucken geni gageert

924 1019 2216 107 sijnde laandie salen toekomen ofte maer een volgens u selve

921 1067 967 152 die onder terwijlen

2224 1094 966 159 In Antwerpen 2 maij 1688

641 1125 871 166 Brugge Raphael Coots

927 1198 2202 131 mijnh. hebbe ul van 29 & 30 past, wel ontfangen geirne gesien dat Ant

914 1284 2252 148 Develaer wel is gepasseirt dae hul mentioneert niet van de 5 balen dew

931 1368 2202 117 ick meijne aen sijn boort te wesen, pieter willaert was gearriveert

923 1441 2221 137 verlange seer nae ul advies van heden hope met goet succes te vernemen

927 1487 2215 170 alhoewel ul lesten de sake soo onagebragiens maeck nochtans, soo ul

910 1547 2202 184 deperijkelen arivent bevint gelieft liver de sake te verclearen, want

917 1602 2233 193 boter washet bereghte te betalen als verlooren te gaen wat passert

921 1684 2175 184 verneme geirne, hebbende vanden in hout van M„N. 16 en d'ander

939 1801 1199 143 noch geen precies advies terwijlen

2256 1777 855 170 In Antwerpen 12 maij 1681

629 1855 990 170 Turnhout Groltasar terstralen

933 1891 2222 193 mons. in antwoort aenden ul van gisteren sende hier boven de Rek vant

924 1998 2194 143 goet in mijn absentie aen ul verkoght & dehoe wel ick aen ul schudigh

917 2038 2243 187 sen, oock aengenomen hadde voor ul eenigh aestaen mons. Busselop

926 2138 2129 150 te betaelen nochtans endachte niet dat ƒ250: soude geweest

911 2216 2195 143 hebbe, & oock soo gepreseert contant nae demael maer weijnigh

914 2313 2221 132 dagente vooren al gelt had gegeven ick ben bereedt nu & dan

917 2385 2298 136 eenigh gelt te geven, maer ick en kan al seffere niet welsparsen

932 2434 2275 167 want het al lanck aen loopt alvoorens dat vande tijken afgeraken

926 2517 2220 145 en gelt bekomen, soo kan ul mons. butschop noch vooor eenigeging

909 2581 2224 173 tijt uijt stellen salt voldoen & noch van ul pertije, tijken verwachten

2337 2671 796 138 In Antwerp 3 maij 1681

635 2699 856 150 London will Scawen

932 2773 2264 137 S. the 36: past sent you a note of het tor lane belonging to the kings yaght

909 2854 2206 124 of capt. faseby, by whom have sent a packett off lace  N.2 which containes

918 2892 2170 162 as you will see by the inclosed invoyce, itt beeng don up & assorted toyds

913 2960 2213 173 order as neure as possible this I hope will sell well & putt off the rest

923 3027 2220 192 of which I desire you please to make adispatch they are noted asthey

929 3092 2189 174 really cost I hope itt will be with you about this time of which long to

913 3186 2205 181 know: now have before mee yd of 18 past have given you creditt for

937 3262 2219 163 my f share in our goods last shipt, which are aboatd peeter willaert

914 3322 2252 185 which is also well arrived butt I have no news yett if they be spost, oney

905 3410 2252 182 Antoni Develaere is on his way hether N.11 beeng past butt coots makes

916 3481 2222 183 the case mightye danyerous by his last yett I hope this day to und orstand

921 3598 2176 158 them past well I desire no goods more for this season & doubt the

911 3676 2080 164 mull mulles will not sell oneles very they be curious, & goods

906 3757 2200 208 for them of last yeare are not yett sold & soremaine

917 3927 775 151 with kinde salues

5026 201 916 102 In Antwerp 3 maij 1681

3320 181 889 125 London Lcy knight Ley

3652 258 50 44 t

3574 284 2335 107 S. my last to you was on the 26th past to which pleasedo be referred principally

3569 355 2345 64 about the 6N silver marck stuck cloathes, because I have undertaken todolivet

3584 414 2346 111 them here to our tesurts p very first, wherefore I exspect yd expedition in that

3589 474 2337 94 whist I perceane by yd of 15: past 2 bales with redd ape aboard omerd verscriek

3566 543 2372 115 for which have given you creditt, & seeng goods so Deare on yd side I must ain

3574 644 2315 109 the risico of the zea my self, or elee the proffitt will not bare itt

3577 696 2360 130 where fore I take these & bales for my acctt. & when you please to dispose of the

3582 771 2333 116 valw you may do itt, as also for what hence forward you might provide

3582 861 2322 118 more, returning you hearty thanckes for the care you please to thhe in

3582 900 2348 136 providing such goods for mee as please yd self, & ts you do loryd owne

3582 998 2346 116 could drisie my whose trade for my owne acctt: I should be very gladd

3586 1076 2295 120 to be served by yd handes, butt ott can not verij wellehbbe forwant of so

3583 1136 2345 107 great a stock as that trade requires, besides when I witte for goods I can

3583 1230 2359 114 not well some times stay long for them as now had these reds been here

3583 1287 2354 123 when I desired them first, they had been sold, where as towards Jane  July

3580 1361 2363 111 tis our dieadest time of the yeare for sselling butt this jattribute to yd

3576 1460 2360 102 indisposition for which I am heartely sadrow, principally that yd agine

3559 1503 2363 116 Doth not yett leave you, where as now tis the best season of ha

3576 1601 2351 88 yeare to gett health which I do wilh you with all my kart as to the good

3567 1663 2372 112 you sent from the north I found the bayes deaver then I had from others

3568 1720 2363 143 because I had brought att the same time & die receaved with the same gessel

3590 1810 2350 134 well 200 baijes more amonghst which severall of the RA &N you s hal

3584 1893 2339 128 att 36 t & mince others did cost butt 33:6 whoever in. sijkes hath arberij

3592 1967 2340 164 good mainnes of ordering his goods, & that comes from his handes shews

3561 2054 2355 122 verij well as for the cloathes I fond them to content haveing onely to

3596 2090 2343 167 say that they did not hold out their breath for they must befull ofay

3568 2222 2371 102 brand withim the lists, or elce our people dotrot so much incline to bay

3574 2314 2360 100 them inclosed you have pattarnes for a spack of Dosins & a pack fine ct

3574 2371 2344 117 northrens which please to order him to provide accordingly to the inclosed

3588 2433 2346 144 instructions to be shipt for Bruges: I am sold that he is avere ableman

3575 2500 2345 141 that hath great bussynes & by whaat I finde if he mindes itt he may doitt

3593 2593 1356 122 very well & so remaines with kinde saliuts

4967 2590 929 144 In Antwerp 3 maij 1681

3324 2624 830 162 London Henry maynard

4568 2661 131 108 th

3567 2692 2306 150 3 my last to you was on the 26: past sence receaved yd of 18 ditto Antoni

3572 2808 2359 98 Develaere with N.11 is past & here dayly exspected, pieter willard is nowatt

3591 2815 2329 166 brugges, if them goods will pass also I know not as yett because mr.

3593 2881 2342 136 coars doth make the buslynes so Icripuleos: I have given yo creditt

3586 2966 2269 183 for the 2 packes of spanish cloathes which you have don well to ship

3584 3062 2334 135 in 2 severall vessels to divert risico, the patturnes are all good, butt as

3588 3108 2330 176 you say they will prove deared as, mee thinckes bij them also, yett

3593 3195 2320 144 itt matters not in case I have them as cheap as others for wee be gune

3583 3272 2308 144 to biing our customers to the prijses you will do well to gett the rest

3591 3344 2347 174 of the in ordered spanish cloathes as well course as fine though couse

3583 3462 2280 105 are the most wanting as in these N. 18 & 17 now shopt finde thats

3574 3509 2354 149 N 641 „ 42 „ 43 do promise well N. 625 „ 630 „ 640 & 644 are not amis

3580 3564 2328 178 & such culleurs will do in low prijses, and altought the 26: past

3582 3687 2306 145 I have sent you yett an other instruction, amonght which there

3588 3766 2340 123 is no draps cullours sonwerthaless you may not omitt to assort each

3580 3867 2309 94 bale with att least 4 drap cullours or 5 & come more lress then in thtl

3588 3948 1889 115 bales N. 18 & 17 some what after the inclosed patternes

3590 4012 2325 141 which is one ofe om Antwarp fabrigue & you will dover houl aobt

3589 4109 2354 106 now butt what will prove to yd content, for you have now a good season

3574 4206 2351 123 & you may provide them att yd leasure our goods by which of ratterdam

3568 4271 2287 133 ave now here & sold part of them princippally all the drapenelour
