8487 4656
1094 237 2331 96 tal ul soude connen seggen dat de selve daer voor mijne by liggen, dogh hadde lieven

1107 294 2305 102 die gellevert waeren, daer is de suster van Pechts, een bregijntien weent op het

1105 399 2314 102 bagijndef in de wortel van leste, dat ul gelieft daer daer over te sprecken & daer

1114 450 2315 129 die te leeveren, ofte van haer ofte daer moeder die te coopen, ick schrijve reden

1119 570 2324 141 aen haer daer over, want den salieren magh niet weeken daer van, sood as alleen

1113 654 895 145 datse voor ul ofte mij sijn, &

2880 720 504 191 C 7 augg 1682

882 716 807 211 Brussel Pana eent

1160 841 523 124 Ant. Rousseau

1104 892 2286 172 En responce a les vrd. du 5 p  cour. J'aij dopeche au sourd ny avec und mestagier

1108 1056 2299 116 verschrick vrt 2 petites pacqueten p reuporte  mr. Vallego frincq pour suivre ard

1116 1136 2318 113 ou., j'ay paye ausi le port pour les preced, & payeray ansinse pour les finvantes

1093 1249 2328 95 Jusqu a vr contremande. je suis bien fachee de voir que s. sensavont n'at pourt

1116 1331 2305 112 paye, iny le d. kincs, fais moy scavoir ce qu'il sera passé pour liedy, en fin

1124 1383 857 163 de vous rembaser antrement

882 1484 705 184 Brussel ana Peeters

2850 1484 272 178 a 3d.

1113 1577 2302 173 gisteren hebbe scq aen ul lest ges. heden become advijs van m. teger vanden bogt

1133 1726 2298 127 van Brussel inden heulder laecken vencoope als dat hij ul broeden diest gesperten

1124 1819 2274 134 over de 3 lakens, ende dat iy seght daer miets van ue weeten, waer over

1115 1907 2305 144 mij verwordene, want hebbe hem daer lanck en breet over gesproocken, oock en

1118 2013 2321 81 weete ick niet waerom ul broeder mij bij een dis een soo gevotelijck blament

1104 2066 2283 159 al oft ick hem het meeste ongelijck van de werele hadde gedaen nder

1113 2188 2315 117 waer heyt het is eentecken van bleijne danck baerheyt, & doe hij sijn conscientie

1129 2280 2282 111 datr niet soo danige descoursen can bewaeren, dat is godt bekent, onderteben

1113 2366 2317 112 ul sal wel doen, aen mr. vandee Borght eens te gaen spaecken, & haelen de lakens

1106 2469 2315 134 bij ul, oft vercooptse aen hem, want sij in de sal niet en sullen beeteren, icq

1112 2547 1548 143 dencke m. ververs ter gout sal genisten hebben

912 2635 780 140 Lille, oit chad fauthell

2139 2626 866 182 Antwaop 7 aay 1682

1124 2727 2322 189 S I have recd 5 of 20 past in due time, refurne you thermicht fed

1117 2817 2235 181 accept iny my bill: perusing my bookes finds the resting goods ny ys

1120 2931 2258 141 hendes by the last autt to be wath £159:16:4 flemish for my sherre

1132 3016 2254 130 whch beeng as welle for ½ 13 as8 pass there fore desire yni please

1127 3069 2321 199 to send mee how mich you valuired my ½ inthe I cloothes a 4 kerseid

1115 3154 2261 149 my ½ nithe others & my t in the 3¼ & one bay, wery par cell by itt

1109 3224 2286 160 self, because skept an acct of voyage ni & one in t8 one hebs

1098 3312 2210 158 to could wish to knou eractyly hou each is valissed pertieulawly

1121 3420 2225 130 whuh pray addise mee: here is a french ait ef leng doe yt which

1125 3524 2277 105 propofie to make 4 mill to frise all sorts of goods, sos as no men

1125 3598 2273 124 ever could intent, & better then yett eccer wes pract is id, he sayes to

1127 3679 2276 99 have setthed 2 mills so aft lille, wherefore pray inguire what it

1129 3743 2196 136 is, & if itt be ani taing worth onces whih to ondertake itt, vhick

1105 3814 1362 146 pray advise mee p next & you shall oblige

3498 190 750 148 gont franchois Herrebout

5937 238 125 136 25d

4761 218 1056 183 Antwerpen desen 8 augusti 1682

3601 338 2480 159 Consieur, in antwoort aen den n ieren van gisteren gelieft de vou te doen op dat

3612 456 2425 137 mijne packen ten langhsten dijnsdagh hier mogen wesen, waer van sonder fout

3616 504 2479 164 al mij moet adviseren om mij naes advenant te reguleren, die 2 de welcke aen

3631 586 2447 187 al heb gesonden soo magh ul aen boort advian de raes laeden, ende hem seggen

3635 671 2459 187 de coynossementen tot brugge bij de keer coots te reeckenen waer mede blijte

3495 726 545 171 Leuven Jan de goede

4882 787 599 154 Adij 8 ditto 1682

3621 892 2457 190 mons: at alsoo buyten ten gereest heb de ure niet teantwoort, ingesloten

3614 979 2473 193 sijn 3 stalen van ouse fabrike de welcke de meeste mode sijn sommige een

3620 1066 2447 161 ecunigh bruynder, commige een weijnigh lichter ieder naer sijn gost goestinge

3615 1132 2387 192 de beste witte pack lakens sijn mij heden thuys gebrockt soo sal ick ul

3612 1230 2425 177 morgen met gelenen den bode een stuck sonden, alsoo present geenen

3643 1302 2453 165 anderen hier is, de rekeniage sij sal niet meerder gelegentheyt naer sien

3635 1376 2362 156 terwijlent blijve het pack laken isee geel merck en moet cospen £25

3495 1442 796 169 London Piekeringh, & Robbinson

5569 1546 257 154 6 8d.

3636 1605 2410 161 according to my promise of the 8tm past, Iave sent you on the 23d, a bale of tykes, as by the

3618 1713 2439 97 inclosed Invoyce yon will see the 2 seales are made up 2 in one, as also the  great

3611 1759 2410 143 lead, & markes as by the invoyce to yd. god., for the valew please to give yd acctt

3603 1874 2346 138 creditt. the goods here au nit yett sold, butt gope to dispose of them with the

3617 1941 640 147 ofproocking sea son

3474 2031 688 176 London Abram Vivian

5596 2070 244 142 a 5d.

3601 2138 2459 210 wee are 8 aus. this came to late  last post, sence recd. yd of 24th past, yd bill

3597 2282 2444 144 shall finde due sonour & be pass to mij acctt., favour mee as much you can by

3601 2348 2445 146 ex saveing no less then £3000- to pay  about 2 months our goods are eespected

3604 2434 1602 140 dere next week, advise mee what passes with smishe

3498 2496 612 189 Lyn Will. Lobb & Come

5565 2523 237 144 68d

3492 2621 2588 178 my last toyou was onthe p. cour. to which please bo be referred, daveing sence non from you

3598 2704 2451 192 I then desired you to proiide for mee to come f the first vessel for Brugges one bale to conr

3594 2850 2423 148 25 cloth serges & one to containe 22 yd. serges a monghst which I would have one of the

3587 2941 2451 162 inclosed cullour modith, & 2 grayes, butt the gray must be more lively, some what more

3596 3057 2447 157 upon the blewish, I have now recd. the goods by ewrings, the serger in the bale n5 seove

3594 3145 2424 160 to badd, & deae so would rather have them of 40. a 21 a 42 ƒ  p butt non exceeding

3582 3201 2444 186 that price, the 24 yd are not wrth theire mory by 2ƒ ep & a bove all the cloth

3611 3363 2406 133 serges, I have reason to complaine off, because I finde the most gert doth not cold

3611 3427 2436 158 above 20 yd trisseed of 22, I confess they are makked 21 & 21 ½ yett by our mee fare

3592 3497 2435 177 some told sardely 20, which is a great discreditt in our sale when fore lett mee

3594 3619 2444 222 Intreat you to amend yd. Gand in this now inordered parcell, & that the goods may

3587 3710 2448 175 dare good lenghts, & be substantall, for wee must sell att long time & inmoye butt

3580 3819 2473 208 little prefitt, which depends most of the goods being well bought, for good goods well

3590 3916 1497 166 bought will sell well depending upn yd endeavour e
