<?xml version="1.0" encoding="UTF-8"?>
<alto xmlns:xsi="http://www.w3.org/2001/XMLSchema-instance"
      xmlns="http://www.loc.gov/standards/alto/ns-v4#"
      xmlns:page="http://schema.primaresearch.org/PAGE/gts/pagecontent/2013-07-15"
      xsi:schemaLocation="http://www.loc.gov/standards/alto/ns-v4# https://www.loc.gov/standards/alto/v4/alto.xsd">
   <Description>
      <MeasurementUnit>pixel</MeasurementUnit>
      <OCRProcessing ID="IdOcr">
         <ocrProcessingStep>
            <processingDateTime>2022-02-04T12:07:56.888+01:00</processingDateTime>
            <processingSoftware>
               <softwareCreator>READ COOP</softwareCreator>
               <softwareName>Transkribus</softwareName>
            </processingSoftware>
         </ocrProcessingStep>
      </OCRProcessing>
   </Description>
   <Layout>
      <Page ID="Page1" PHYSICAL_IMG_NR="1" HEIGHT="4601" WIDTH="8549">
         <TopMargin HEIGHT="0" WIDTH="8549" VPOS="0" HPOS="0"/>
         <LeftMargin HEIGHT="4601" WIDTH="0" VPOS="0" HPOS="0"/>
         <RightMargin HEIGHT="4601" WIDTH="0" VPOS="0" HPOS="8549"/>
         <BottomMargin HEIGHT="0" WIDTH="8549" VPOS="4601" HPOS="0"/>
         <PrintSpace HEIGHT="4601" WIDTH="8549" VPOS="0" HPOS="0">
            <TextBlock ID="region_1638957757006_5525"
                       HEIGHT="4229"
                       WIDTH="2631"
                       VPOS="189"
                       HPOS="805">
               <Shape>
                  <Polygon POINTS="805,189 3436,189 3436,4418 805,4418"/>
               </Shape>
               <TextLine ID="region_1638957757006_5525l1"
                         BASELINE="2658,294 2683,292 2709,291 2734,289 2760,287 2786,284 2811,282 2837,280 2862,278 2888,276 2914,274 2939,272 2965,270 2990,270 3016,268 3042,268 3067,268 3093,268 3118,268 3144,269 3170,270"
                         HEIGHT="149"
                         WIDTH="545"
                         VPOS="194"
                         HPOS="2638">
                  <String ID="string_region_1638957757006_5525l1"
                          HEIGHT="149"
                          WIDTH="545"
                          VPOS="194"
                          HPOS="2638"
                          CONTENT="C 16 maij 1682"/>
               </TextLine>
               <TextLine ID="region_1638957757006_5525l2"
                         BASELINE="896,344 941,338 986,332 1031,328 1076,325 1121,322 1166,320 1211,317 1256,316 1301,315 1347,314 1392,314 1437,312 1482,312 1527,312 1572,312 1617,312 1662,312 1707,312 1752,310 1798,310"
                         HEIGHT="184"
                         WIDTH="934"
                         VPOS="217"
                         HPOS="880">
                  <String ID="string_region_1638957757006_5525l2"
                          HEIGHT="184"
                          WIDTH="934"
                          VPOS="217"
                          HPOS="880"
                          CONTENT="Brussel im Ant Rousseau "/>
               </TextLine>
               <TextLine ID="region_1638957757006_5525l3"
                         BASELINE="1122,446 1234,446 1346,444 1458,442 1570,440 1683,436 1795,434 1907,430 2019,426 2131,422 2244,419 2356,416 2468,412 2580,408 2692,406 2805,402 2917,400 3029,398 3141,396 3253,396 3366,396"
                         HEIGHT="160"
                         WIDTH="2278"
                         VPOS="300"
                         HPOS="1106">
                  <String ID="string_region_1638957757006_5525l3"
                          HEIGHT="160"
                          WIDTH="2278"
                          VPOS="300"
                          HPOS="1106"
                          CONTENT="Ensuite de la cm. du p co. j'ay bien reccu le pacques et vous encaedite"/>
               </TextLine>
               <TextLine ID="region_1638957757006_5525l4"
                         BASELINE="1082,546 1197,544 1312,541 1427,537 1542,533 1658,530 1773,526 1888,522 2003,516 2118,512 2234,508 2349,504 2464,499 2579,495 2694,490 2810,487 2925,484 3040,480 3155,478 3270,476 3386,474"
                         HEIGHT="187"
                         WIDTH="2342"
                         VPOS="423"
                         HPOS="1061">
                  <String ID="string_region_1638957757006_5525l4"
                          HEIGHT="187"
                          WIDTH="2342"
                          VPOS="423"
                          HPOS="1061"
                          CONTENT="monfrere Jac Bouwens estant flut prompte que moy on son payement "/>
               </TextLine>
               <TextLine ID="region_1638957757006_5525l5"
                         BASELINE="1114,640 1226,640 1338,638 1450,636 1562,634 1675,630 1787,626 1899,623 2011,619 2123,614 2236,610 2348,606 2460,602 2572,598 2684,595 2797,592 2909,590 3021,588 3133,586 3245,586 3358,588"
                         HEIGHT="156"
                         WIDTH="2277"
                         VPOS="499"
                         HPOS="1098">
                  <String ID="string_region_1638957757006_5525l5"
                          HEIGHT="156"
                          WIDTH="2277"
                          VPOS="499"
                          HPOS="1098"
                          CONTENT="vous as envoyen mes leddes de ƒ363- sur mr. Jacobs &amp; de ƒ300- iub uet"/>
               </TextLine>
               <TextLine ID="region_1638957757006_5525l6"
                         BASELINE="1108,744 1220,742 1333,741 1445,738 1558,736 1670,732 1783,728 1895,726 2008,721 2120,717 2233,712 2345,708 2458,704 2570,700 2683,696 2795,692 2908,688 3020,686 3133,682 3245,680 3358,678"
                         HEIGHT="158"
                         WIDTH="2283"
                         VPOS="618"
                         HPOS="1090">
                  <String ID="string_region_1638957757006_5525l6"
                          HEIGHT="158"
                          WIDTH="2283"
                          VPOS="618"
                          HPOS="1090"
                          CONTENT="estant tous 2 mescharants, je vous enpue, de prendre la bonte pour"/>
               </TextLine>
               <TextLine ID="region_1638957757006_5525l7"
                         BASELINE="1114,838 1226,834 1338,832 1450,828 1562,826 1674,822 1786,820 1898,816 2010,814 2122,810 2234,808 2346,804 2458,802 2570,798 2682,794 2794,791 2906,788 3018,783 3130,780 3242,776 3354,770"
                         HEIGHT="171"
                         WIDTH="2274"
                         VPOS="697"
                         HPOS="1096">
                  <String ID="string_region_1638957757006_5525l7"
                          HEIGHT="171"
                          WIDTH="2274"
                          VPOS="697"
                          HPOS="1096"
                          CONTENT="demander la valeur avec autant de civrlite que vous plaira faire, e s"/>
               </TextLine>
               <TextLine ID="region_1638957757006_5525l8"
                         BASELINE="1114,928 1228,926 1342,923 1456,920 1570,918 1684,916 1798,914 1912,912 2026,910 2140,908 2254,906 2368,902 2482,900 2596,896 2710,894 2824,889 2938,884 3052,880 3166,874 3280,868 3394,860"
                         HEIGHT="164"
                         WIDTH="2312"
                         VPOS="809"
                         HPOS="1097">
                  <String ID="string_region_1638957757006_5525l8"
                          HEIGHT="164"
                          WIDTH="2312"
                          VPOS="809"
                          HPOS="1097"
                          CONTENT="en cas qulo veulire avoir quelque jour pour payes, fait moy la grac"/>
               </TextLine>
               <TextLine ID="region_1638957757006_5525l9"
                         BASELINE="1114,1020 1227,1020 1340,1018 1454,1016 1567,1015 1681,1014 1794,1012 1907,1010 2021,1008 2134,1006 2248,1003 2361,1000 2474,998 2588,994 2701,991 2815,988 2928,984 3041,979 3155,974 3268,970 3382,964"
                         HEIGHT="166"
                         WIDTH="2302"
                         VPOS="905"
                         HPOS="1097">
                  <String ID="string_region_1638957757006_5525l9"
                          HEIGHT="166"
                          WIDTH="2302"
                          VPOS="905"
                          HPOS="1097"
                          CONTENT="d'avendre au cred mon faere p la valeur, &amp; si' en car que lenhalants "/>
               </TextLine>
               <TextLine ID="region_1638957757006_5525l10"
                         BASELINE="1134,1112 1247,1112 1361,1112 1474,1111 1588,1110 1702,1110 1815,1108 1929,1107 2042,1106 2156,1104 2270,1102 2383,1100 2497,1097 2610,1094 2724,1092 2838,1089 2951,1084 3065,1080 3178,1077 3292,1073 3406,1068"
                         HEIGHT="149"
                         WIDTH="2304"
                         VPOS="999"
                         HPOS="1116">
                  <String ID="string_region_1638957757006_5525l10"
                          HEIGHT="149"
                          WIDTH="2304"
                          VPOS="999"
                          HPOS="1116"
                          CONTENT="ne payerent pas don plaisir, tenez les leurez chez vous, &amp; vire lavaleur"/>
               </TextLine>
               <TextLine ID="region_1638957757006_5525l11"
                         BASELINE="1110,1222 1212,1220 1314,1217 1416,1215 1518,1214 1621,1212 1723,1210 1825,1208 1927,1208 2029,1206 2132,1204 2234,1202 2336,1200 2438,1198 2540,1195 2643,1192 2745,1188 2847,1183 2949,1178 3051,1173 3154,1166"
                         HEIGHT="155"
                         WIDTH="2078"
                         VPOS="1112"
                         HPOS="1092">
                  <String ID="string_region_1638957757006_5525l11"
                          HEIGHT="155"
                          WIDTH="2078"
                          VPOS="1112"
                          HPOS="1092"
                          CONTENT="sir moy car je ne voudriez pas les avoir remrue a mon sre"/>
               </TextLine>
               <TextLine ID="region_1638957757006_5525l12"
                         BASELINE="1118,1326 1229,1319 1341,1314 1452,1309 1564,1305 1676,1302 1787,1300 1899,1298 2010,1296 2122,1296 2234,1294 2345,1292 2457,1292 2568,1290 2680,1288 2792,1286 2903,1284 3015,1281 3126,1277 3238,1272 3350,1266"
                         HEIGHT="161"
                         WIDTH="2263"
                         VPOS="1225"
                         HPOS="1103">
                  <String ID="string_region_1638957757006_5525l12"
                          HEIGHT="161"
                          WIDTH="2263"
                          VPOS="1225"
                          HPOS="1103"
                          CONTENT="il vous plario envoyer la notce de bous les pacquett que ont este"/>
               </TextLine>
               <TextLine ID="region_1638957757006_5525l13"
                         BASELINE="1116,1422 1225,1417 1335,1412 1445,1408 1554,1404 1664,1402 1774,1398 1883,1396 1993,1394 2103,1392 2213,1390 2322,1388 2432,1388 2542,1386 2651,1384 2761,1382 2871,1381 2980,1380 3090,1378 3200,1376 3310,1374"
                         HEIGHT="130"
                         WIDTH="2226"
                         VPOS="1297"
                         HPOS="1101">
                  <String ID="string_region_1638957757006_5525l13"
                          HEIGHT="130"
                          WIDTH="2226"
                          VPOS="1297"
                          HPOS="1101"
                          CONTENT="volce avecq les numbres que sont aecupre pour envoyer d Jand pour "/>
               </TextLine>
               <TextLine ID="region_1638957757006_5525l14"
                         BASELINE="1130,1514 1199,1512 1269,1512 1338,1510 1408,1510 1478,1508 1547,1506 1617,1505 1686,1504 1756,1502 1826,1500 1895,1498 1965,1496 2034,1493 2104,1491 2174,1488 2243,1484 2313,1481 2382,1478 2452,1474 2522,1470"
                         HEIGHT="157"
                         WIDTH="1425"
                         VPOS="1408"
                         HPOS="1112">
                  <String ID="string_region_1638957757006_5525l14"
                          HEIGHT="157"
                          WIDTH="1425"
                          VPOS="1408"
                          HPOS="1112"
                          CONTENT="nre descharge la, le que je suis attendant "/>
               </TextLine>
               <TextLine ID="region_1638957757006_5525l15"
                         BASELINE="2700,1558 2726,1558 2753,1557 2780,1556 2806,1556 2833,1555 2860,1554 2886,1554 2913,1554 2940,1553 2967,1552 2993,1552 3020,1551 3047,1550 3073,1550 3100,1548 3127,1547 3153,1546 3180,1545 3207,1543 3234,1542"
                         HEIGHT="191"
                         WIDTH="568"
                         VPOS="1425"
                         HPOS="2683">
                  <String ID="string_region_1638957757006_5525l15"
                          HEIGHT="191"
                          WIDTH="568"
                          VPOS="1425"
                          HPOS="2683"
                          CONTENT="20 mij 1681"/>
               </TextLine>
               <TextLine ID="region_1638957757006_5525l16"
                         BASELINE="892,1640 935,1636 978,1632 1021,1628 1065,1626 1108,1624 1151,1622 1195,1620 1238,1619 1281,1618 1325,1616 1368,1616 1411,1614 1454,1613 1498,1612 1541,1610 1584,1608 1628,1606 1671,1604 1714,1600 1758,1596"
                         HEIGHT="203"
                         WIDTH="903"
                         VPOS="1495"
                         HPOS="871">
                  <String ID="string_region_1638957757006_5525l16"
                          HEIGHT="203"
                          WIDTH="903"
                          VPOS="1495"
                          HPOS="871"
                          CONTENT="London abramvivvan"/>
               </TextLine>
               <TextLine ID="region_1638957757006_5525l17"
                         BASELINE="1126,1718 1240,1710 1354,1701 1468,1694 1582,1690 1697,1686 1811,1682 1925,1680 2039,1678 2153,1676 2268,1675 2382,1674 2496,1672 2610,1672 2724,1670 2839,1668 2953,1666 3067,1664 3181,1660 3295,1656 3410,1650"
                         HEIGHT="214"
                         WIDTH="2315"
                         VPOS="1554"
                         HPOS="1110">
                  <String ID="string_region_1638957757006_5525l17"
                          HEIGHT="214"
                          WIDTH="2315"
                          VPOS="1554"
                          HPOS="1110"
                          CONTENT="Ihope fhn &amp; TMs wiel arrive att ond finw in londen Nht"/>
               </TextLine>
               <TextLine ID="region_1638957757006_5525l18"
                         BASELINE="1148,1796 1258,1788 1369,1782 1480,1776 1591,1771 1702,1768 1813,1764 1924,1762 2035,1760 2146,1758 2257,1756 2367,1756 2478,1754 2589,1752 2700,1752 2811,1750 2922,1748 3033,1746 3144,1743 3255,1740 3366,1736"
                         HEIGHT="173"
                         WIDTH="2248"
                         VPOS="1661"
                         HPOS="1133">
                  <String ID="string_region_1638957757006_5525l18"
                          HEIGHT="173"
                          WIDTH="2248"
                          VPOS="1661"
                          HPOS="1133"
                          CONTENT="v neturne &amp; inclosed are pattanr which an tesere"/>
               </TextLine>
               <TextLine ID="region_1638957757006_5525l19"
                         BASELINE="1130,1886 1245,1876 1360,1868 1475,1861 1590,1856 1706,1851 1821,1848 1936,1844 2051,1842 2166,1840 2282,1840 2397,1838 2512,1838 2627,1838 2742,1836 2858,1836 2973,1834 3088,1832 3203,1830 3318,1828 3434,1824"
                         HEIGHT="137"
                         WIDTH="2334"
                         VPOS="1770"
                         HPOS="1113">
                  <String ID="string_region_1638957757006_5525l19"
                          HEIGHT="137"
                          WIDTH="2334"
                          VPOS="1770"
                          HPOS="1113"
                          CONTENT="in generall for our intended northren goods of whul le balesss "/>
               </TextLine>
               <TextLine ID="region_1638957757006_5525l20"
                         BASELINE="1138,1966 1251,1958 1365,1951 1479,1946 1593,1940 1707,1936 1821,1933 1935,1929 2049,1926 2163,1924 2277,1922 2390,1920 2504,1920 2618,1918 2732,1918 2846,1918 2960,1918 3074,1918 3188,1918 3302,1920 3416,1920"
                         HEIGHT="101"
                         WIDTH="2309"
                         VPOS="1874"
                         HPOS="1121">
                  <String ID="string_region_1638957757006_5525l20"
                          HEIGHT="101"
                          WIDTH="2309"
                          VPOS="1874"
                          HPOS="1121"
                          CONTENT="t assorted as here under, that  send sormarry patt. is becausang"/>
               </TextLine>
               <TextLine ID="region_1638957757006_5525l21"
                         BASELINE="1146,2054 1255,2048 1365,2042 1474,2035 1584,2031 1694,2026 1803,2022 1913,2019 2022,2016 2132,2014 2242,2012 2351,2010 2461,2008 2570,2008 2680,2006 2790,2006 2899,2006 3009,2006 3118,2006 3228,2006 3338,2006"
                         HEIGHT="151"
                         WIDTH="2222"
                         VPOS="1959"
                         HPOS="1130">
                  <String ID="string_region_1638957757006_5525l21"
                          HEIGHT="151"
                          WIDTH="2222"
                          VPOS="1959"
                          HPOS="1130"
                          CONTENT="penni waths should apeare m. Botter should buy them ofthise"/>
               </TextLine>
               <TextLine ID="region_1638957757006_5525l22"
                         BASELINE="1152,2144 1265,2138 1379,2132 1493,2126 1607,2120 1721,2116 1834,2112 1948,2108 2062,2104 2176,2102 2290,2098 2403,2096 2517,2095 2631,2094 2745,2092 2859,2092 2972,2092 3086,2094 3200,2094 3314,2096 3428,2098"
                         HEIGHT="129"
                         WIDTH="2307"
                         VPOS="2024"
                         HPOS="1136">
                  <String ID="string_region_1638957757006_5525l22"
                          HEIGHT="129"
                          WIDTH="2307"
                          VPOS="2024"
                          HPOS="1136"
                          CONTENT="cullans &amp; no others, for theyallowish art oml for doein"/>
               </TextLine>
               <TextLine ID="region_1638957757006_5525l23"
                         BASELINE="1162,2238 1274,2230 1386,2223 1498,2216 1610,2210 1722,2204 1834,2199 1946,2194 2058,2190 2170,2188 2283,2184 2395,2182 2507,2180 2619,2180 2731,2178 2843,2178 2955,2178 3067,2178 3179,2178 3291,2180 3404,2180"
                         HEIGHT="153"
                         WIDTH="2273"
                         VPOS="2114"
                         HPOS="1146">
                  <String ID="string_region_1638957757006_5525l23"
                          HEIGHT="153"
                          WIDTH="2273"
                          VPOS="2114"
                          HPOS="1146"
                          CONTENT="butt for fue northoeirs must be asnoted the cayir off to"/>
               </TextLine>
               <TextLine ID="region_1638957757006_5525l24"
                         BASELINE="1164,2318 1277,2311 1391,2304 1504,2298 1618,2293 1731,2288 1845,2284 1958,2280 2072,2276 2185,2273 2299,2270 2412,2268 2526,2264 2639,2264 2753,2261 2866,2260 2980,2258 3093,2258 3207,2256 3320,2256 3434,2256"
                         HEIGHT="210"
                         WIDTH="2305"
                         VPOS="2167"
                         HPOS="1146">
                  <String ID="string_region_1638957757006_5525l24"
                          HEIGHT="210"
                          WIDTH="2305"
                          VPOS="2167"
                          HPOS="1146"
                          CONTENT="you in all. I have the most hast for one bale of dosirns, her"/>
               </TextLine>
               <TextLine ID="region_1638957757006_5525l25"
                         BASELINE="1132,2410 1245,2403 1358,2397 1471,2391 1584,2385 1698,2380 1811,2375 1924,2372 2037,2368 2150,2364 2264,2362 2377,2360 2490,2357 2603,2354 2716,2352 2830,2350 2943,2348 3056,2346 3169,2344 3282,2342 3396,2340"
                         HEIGHT="157"
                         WIDTH="2294"
                         VPOS="2259"
                         HPOS="1115">
                  <String ID="string_region_1638957757006_5525l25"
                          HEIGHT="157"
                          WIDTH="2294"
                          VPOS="2259"
                          HPOS="1115"
                          CONTENT="lest endeavour to dispatchitt bbij smith &amp; more bayen oft"/>
               </TextLine>
               <TextLine ID="region_1638957757006_5525l26"
                         BASELINE="1156,2496 1268,2488 1380,2482 1493,2476 1605,2470 1718,2466 1830,2461 1942,2458 2055,2454 2167,2450 2280,2448 2392,2445 2504,2443 2617,2440 2729,2438 2842,2436 2954,2433 3066,2430 3179,2428 3291,2424 3404,2420"
                         HEIGHT="193"
                         WIDTH="2280"
                         VPOS="2340"
                         HPOS="1138">
                  <String ID="string_region_1638957757006_5525l26"
                          HEIGHT="193"
                          WIDTH="2280"
                          VPOS="2340"
                          HPOS="1138"
                          CONTENT="possible &amp; mak mj calulation to want before latterend"/>
               </TextLine>
               <TextLine ID="region_1638957757006_5525l27"
                         BASELINE="1124,2570 1172,2568 1220,2565 1268,2562 1317,2560 1365,2558 1413,2557 1462,2554 1510,2553 1558,2551 1607,2550 1655,2548 1703,2546 1751,2544 1800,2542 1848,2540 1896,2536 1945,2533 1993,2529 2041,2527 2090,2522"
                         HEIGHT="170"
                         WIDTH="1000"
                         VPOS="2458"
                         HPOS="1106">
                  <String ID="string_region_1638957757006_5525l27"
                          HEIGHT="170"
                          WIDTH="1000"
                          VPOS="2458"
                          HPOS="1106"
                          CONTENT="5faugust for us proions"/>
               </TextLine>
               <TextLine ID="region_1638957757006_5525l28"
                         BASELINE="1472,2640 1567,2632 1662,2628 1758,2622 1853,2617 1949,2613 2044,2608 2139,2605 2235,2602 2330,2600 2426,2596 2521,2594 2616,2592 2712,2590 2807,2588 2903,2586 2998,2584 3093,2580 3189,2578 3284,2574 3380,2572"
                         HEIGHT="199"
                         WIDTH="1939"
                         VPOS="2465"
                         HPOS="1453">
                  <String ID="string_region_1638957757006_5525l28"
                          HEIGHT="199"
                          WIDTH="1939"
                          VPOS="2465"
                          HPOS="1453"
                          CONTENT="5 bales of Jingh dosins fram 3: N 3:6 &amp; 8 penvardj"/>
               </TextLine>
               <TextLine ID="region_1638957757006_5525l29"
                         BASELINE="1490,2726 1564,2723 1638,2718 1712,2714 1786,2710 1860,2706 1934,2701 2008,2698 2082,2694 2156,2690 2231,2686 2305,2684 2379,2682 2453,2679 2527,2678 2601,2678 2675,2678 2749,2678 2823,2680 2897,2683 2972,2688"
                         HEIGHT="156"
                         WIDTH="1516"
                         VPOS="2603"
                         HPOS="1473">
                  <String ID="string_region_1638957757006_5525l29"
                          HEIGHT="156"
                          WIDTH="1516"
                          VPOS="2603"
                          HPOS="1473"
                          CONTENT="3 baloofnerthems frm 3.10 to 4:4-"/>
               </TextLine>
               <TextLine ID="region_1638957757006_5525l30"
                         BASELINE="1498,2822 1586,2811 1674,2803 1762,2797 1850,2790 1939,2785 2027,2780 2115,2778 2203,2775 2291,2772 2380,2770 2468,2769 2556,2768 2644,2766 2732,2766 2821,2764 2909,2762 2997,2761 3085,2760 3173,2757 3262,2754"
                         HEIGHT="198"
                         WIDTH="1798"
                         VPOS="2667"
                         HPOS="1481">
                  <String ID="string_region_1638957757006_5525l30"
                          HEIGHT="198"
                          WIDTH="1798"
                          VPOS="2667"
                          HPOS="1481"
                          CONTENT="5 bales of fie northrens from 4:6 to 5s ayd"/>
               </TextLine>
               <TextLine ID="region_1638957757006_5525l31"
                         BASELINE="1144,2912 1257,2908 1370,2903 1483,2898 1596,2894 1710,2890 1823,2886 1936,2882 2049,2878 2162,2874 2276,2870 2389,2866 2502,2862 2615,2859 2728,2855 2842,2852 2955,2848 3068,2844 3181,2842 3294,2838 3408,2834"
                         HEIGHT="172"
                         WIDTH="2297"
                         VPOS="2766"
                         HPOS="1127">
                  <String ID="string_region_1638957757006_5525l31"
                          HEIGHT="172"
                          WIDTH="2297"
                          VPOS="2766"
                          HPOS="1127"
                          CONTENT="the fine uten to bcassootad th doss ns to be asited in carllw"/>
               </TextLine>
               <TextLine ID="region_1638957757006_5525l32"
                         BASELINE="2250,2966 2281,2963 2313,2960 2344,2956 2376,2953 2408,2952 2439,2950 2471,2947 2502,2946 2534,2945 2566,2944 2597,2943 2629,2942 2660,2942 2692,2940 2724,2940 2755,2938 2787,2938 2818,2936 2850,2934 2882,2932"
                         HEIGHT="148"
                         WIDTH="669"
                         VPOS="2855"
                         HPOS="2231">
                  <String ID="string_region_1638957757006_5525l32"
                          HEIGHT="148"
                          WIDTH="669"
                          VPOS="2855"
                          HPOS="2231"
                          CONTENT="8 ngle drap en"/>
               </TextLine>
               <TextLine ID="region_1638957757006_5525l33"
                         BASELINE="1168,2988 1194,2987 1220,2986 1246,2986 1272,2984 1298,2984 1324,2983 1350,2981 1376,2980 1402,2978 1428,2978 1454,2976 1480,2976 1506,2974 1532,2974 1558,2972 1584,2972 1610,2971 1636,2970 1662,2970"
                         HEIGHT="146"
                         WIDTH="527"
                         VPOS="2907"
                         HPOS="1151">
                  <String ID="string_region_1638957757006_5525l33"
                          HEIGHT="146"
                          WIDTH="527"
                          VPOS="2907"
                          HPOS="1151"
                          CONTENT="mepach bale"/>
               </TextLine>
               <TextLine ID="region_1638957757006_5525l34"
                         BASELINE="2272,3040 2297,3039 2322,3037 2347,3036 2372,3033 2398,3031 2423,3029 2448,3028 2473,3025 2499,3024 2524,3023 2549,3022 2574,3022 2600,3022"
                         HEIGHT="129"
                         WIDTH="363"
                         VPOS="2949"
                         HPOS="2254">
                  <String ID="string_region_1638957757006_5525l34"
                          HEIGHT="129"
                          WIDTH="363"
                          VPOS="2949"
                          HPOS="2254"
                          CONTENT="4 miith"/>
               </TextLine>
               <TextLine ID="region_1638957757006_5525l35"
                         BASELINE="1330,3038 1355,3038 1380,3036 1406,3035 1431,3034 1457,3033 1482,3032 1508,3032 1533,3030 1558,3029 1584,3026 1609,3024 1635,3023 1660,3021 1686,3018"
                         HEIGHT="98"
                         WIDTH="391"
                         VPOS="2979"
                         HPOS="1312">
                  <String ID="string_region_1638957757006_5525l35"
                          HEIGHT="98"
                          WIDTH="391"
                          VPOS="2979"
                          HPOS="1312"
                          CONTENT="4 drapent"/>
               </TextLine>
               <TextLine ID="region_1638957757006_5525l36"
                         BASELINE="1330,3104 1356,3104 1382,3104 1409,3104 1435,3103 1462,3102 1488,3101 1514,3099 1541,3098 1567,3098 1594,3096 1620,3094 1646,3092 1673,3090 1699,3087 1726,3084 1752,3083 1778,3081 1805,3079 1831,3077 1858,3074"
                         HEIGHT="124"
                         WIDTH="560"
                         VPOS="3002"
                         HPOS="1314">
                  <String ID="string_region_1638957757006_5525l36"
                          HEIGHT="124"
                          WIDTH="560"
                          VPOS="3002"
                          HPOS="1314"
                          CONTENT="1 asN. 10 mode"/>
               </TextLine>
               <TextLine ID="region_1638957757006_5525l37"
                         BASELINE="2260,3114 2289,3111 2319,3110 2349,3108 2379,3106 2409,3105 2439,3104 2469,3102 2499,3101 2529,3100 2559,3100 2588,3099 2618,3098 2648,3097 2678,3096 2708,3095 2738,3094 2768,3093 2798,3091 2828,3089 2858,3086"
                         HEIGHT="143"
                         WIDTH="633"
                         VPOS="3019"
                         HPOS="2242">
                  <String ID="string_region_1638957757006_5525l37"
                          HEIGHT="143"
                          WIDTH="633"
                          VPOS="3019"
                          HPOS="2242"
                          CONTENT="4 bruwne graijs"/>
               </TextLine>
               <TextLine ID="region_1638957757006_5525l38"
                         BASELINE="1352,3168 1378,3168 1404,3166 1430,3165 1456,3164 1482,3163 1508,3161 1534,3159 1560,3157 1586,3155 1613,3154 1639,3152 1665,3150 1691,3148 1717,3148 1743,3148 1769,3146 1795,3146 1821,3146 1848,3148"
                         HEIGHT="96"
                         WIDTH="531"
                         VPOS="3094"
                         HPOS="1332">
                  <String ID="string_region_1638957757006_5525l38"
                          HEIGHT="96"
                          WIDTH="531"
                          VPOS="3094"
                          HPOS="1332"
                          CONTENT="1 as N. 13 ditto"/>
               </TextLine>
               <TextLine ID="region_1638957757006_5525l39"
                         BASELINE="2276,3172 2309,3172 2342,3172 2375,3172 2408,3172 2442,3172 2475,3174 2508,3174 2541,3174 2574,3174 2608,3174 2641,3174 2674,3172 2707,3172 2740,3172 2774,3170 2807,3170 2840,3168 2873,3166 2906,3163 2940,3162"
                         HEIGHT="130"
                         WIDTH="696"
                         VPOS="3085"
                         HPOS="2261">
                  <String ID="string_region_1638957757006_5525l39"
                          HEIGHT="130"
                          WIDTH="696"
                          VPOS="3085"
                          HPOS="2261"
                          CONTENT="2 gras stel N6"/>
               </TextLine>
               <TextLine ID="region_1638957757006_5525l40"
                         BASELINE="1368,3226 1397,3226 1426,3224 1456,3224 1485,3224 1515,3222 1544,3221 1573,3219 1603,3218 1632,3217 1662,3215 1691,3214 1720,3212 1750,3211 1779,3209 1809,3208 1838,3206 1867,3204 1897,3204 1926,3202 1956,3202"
                         HEIGHT="114"
                         WIDTH="621"
                         VPOS="3148"
                         HPOS="1352">
                  <String ID="string_region_1638957757006_5525l40"
                          HEIGHT="114"
                          WIDTH="621"
                          VPOS="3148"
                          HPOS="1352"
                          CONTENT="as N. 15 buijn mode"/>
               </TextLine>
               <TextLine ID="region_1638957757006_5525l41"
                         BASELINE="2360,3248 2396,3251 2433,3254 2469,3257 2506,3258 2542,3259 2579,3260 2615,3260 2652,3258 2688,3258 2725,3256 2761,3254 2798,3252 2834,3250 2871,3246 2907,3244 2944,3241 2980,3237 3017,3232 3053,3230 3090,3226"
                         HEIGHT="163"
                         WIDTH="765"
                         VPOS="3147"
                         HPOS="2340">
                  <String ID="string_region_1638957757006_5525l41"
                          HEIGHT="163"
                          WIDTH="765"
                          VPOS="3147"
                          HPOS="2340"
                          CONTENT="ditto N. 9 silver p"/>
               </TextLine>
               <TextLine ID="region_1638957757006_5525l42"
                         BASELINE="1332,3288 1359,3288 1386,3286 1413,3285 1440,3284 1468,3282 1495,3282 1522,3282 1549,3280 1576,3280 1604,3278 1631,3278 1658,3277 1685,3274 1712,3274 1740,3272 1767,3272 1794,3270 1821,3267 1848,3266 1876,3264"
                         HEIGHT="96"
                         WIDTH="580"
                         VPOS="3214"
                         HPOS="1314">
                  <String ID="string_region_1638957757006_5525l42"
                          HEIGHT="96"
                          WIDTH="580"
                          VPOS="3214"
                          HPOS="1314"
                          CONTENT="as N. 1 nitk"/>
               </TextLine>
               <TextLine ID="region_1638957757006_5525l43"
                         BASELINE="2290,3318 2316,3320 2342,3321 2369,3322 2395,3322 2421,3322 2448,3322 2474,3323 2501,3324 2527,3324 2553,3323 2580,3322 2606,3322 2632,3322 2659,3322 2685,3322 2712,3322"
                         HEIGHT="98"
                         WIDTH="453"
                         VPOS="3259"
                         HPOS="2274">
                  <String ID="string_region_1638957757006_5525l43"
                          HEIGHT="98"
                          WIDTH="453"
                          VPOS="3259"
                          HPOS="2274"
                          CONTENT="2 modisho"/>
               </TextLine>
               <TextLine ID="region_1638957757006_5525l44"
                         BASELINE="1342,3350 1371,3348 1401,3347 1430,3346 1460,3344 1490,3344 1519,3342 1549,3340 1578,3340 1608,3338 1638,3337 1667,3336 1697,3334 1726,3333 1756,3332 1786,3332 1815,3330 1845,3330 1874,3328 1904,3328 1934,3326"
                         HEIGHT="105"
                         WIDTH="626"
                         VPOS="3268"
                         HPOS="1324">
                  <String ID="string_region_1638957757006_5525l44"
                          HEIGHT="105"
                          WIDTH="626"
                          VPOS="3268"
                          HPOS="1324"
                          CONTENT="1 as N 2sonor"/>
               </TextLine>
               <TextLine ID="region_1638957757006_5525l45"
                         BASELINE="2728,3348 2754,3349 2780,3350 2806,3350 2833,3348 2859,3348 2885,3348 2912,3347 2938,3345 2964,3344 2991,3342 3017,3341 3043,3339 3069,3337 3096,3336 3122,3335 3148,3334 3175,3332 3201,3330 3227,3330 3254,3330"
                         HEIGHT="145"
                         WIDTH="560"
                         VPOS="3254"
                         HPOS="2708">
                  <String ID="string_region_1638957757006_5525l45"
                          HEIGHT="145"
                          WIDTH="560"
                          VPOS="3254"
                          HPOS="2708"
                          CONTENT="green yallo"/>
               </TextLine>
               <TextLine ID="region_1638957757006_5525l46"
                         BASELINE="2300,3398 2325,3396 2351,3394 2377,3393 2403,3390 2429,3390 2455,3388 2481,3388 2506,3386 2532,3386 2558,3386 2584,3384 2610,3383 2636,3382 2662,3382 2688,3380"
                         HEIGHT="110"
                         WIDTH="424"
                         VPOS="3330"
                         HPOS="2282">
                  <String ID="string_region_1638957757006_5525l46"
                          HEIGHT="110"
                          WIDTH="424"
                          VPOS="3330"
                          HPOS="2282"
                          CONTENT="2 ditto"/>
               </TextLine>
               <TextLine ID="region_1638957757006_5525l47"
                         BASELINE="1392,3404 1419,3403 1446,3402 1474,3400 1501,3400 1529,3400 1556,3398 1583,3398 1611,3396 1638,3396 1666,3396 1693,3394 1720,3394 1748,3394 1775,3393 1803,3392 1830,3390 1857,3389 1885,3387 1912,3386 1940,3384"
                         HEIGHT="95"
                         WIDTH="578"
                         VPOS="3334"
                         HPOS="1376">
                  <String ID="string_region_1638957757006_5525l47"
                          HEIGHT="95"
                          WIDTH="578"
                          VPOS="3334"
                          HPOS="1376"
                          CONTENT="as N. 4 steelg"/>
               </TextLine>
               <TextLine ID="region_1638957757006_5525l48"
                         BASELINE="1388,3468 1416,3464 1445,3460 1474,3458 1503,3458 1532,3456 1560,3454 1589,3454 1618,3453 1647,3452 1676,3452 1704,3452 1733,3452 1762,3452 1791,3451 1820,3450 1848,3450 1877,3448 1906,3445 1935,3443 1964,3440"
                         HEIGHT="116"
                         WIDTH="609"
                         VPOS="3374"
                         HPOS="1371">
                  <String ID="string_region_1638957757006_5525l48"
                          HEIGHT="116"
                          WIDTH="609"
                          VPOS="3374"
                          HPOS="1371"
                          CONTENT="as N.6 blew gray"/>
               </TextLine>
               <TextLine ID="region_1638957757006_5525l49"
                         BASELINE="1404,3526 1430,3523 1457,3521 1484,3519 1511,3518 1538,3517 1565,3516 1592,3516 1619,3514 1646,3514 1673,3514 1699,3514 1726,3514 1753,3514 1780,3514 1807,3514 1834,3514 1861,3514 1888,3512 1915,3512 1942,3510"
                         HEIGHT="110"
                         WIDTH="569"
                         VPOS="3453"
                         HPOS="1389">
                  <String ID="string_region_1638957757006_5525l49"
                          HEIGHT="110"
                          WIDTH="569"
                          VPOS="3453"
                          HPOS="1389"
                          CONTENT="asN. 9 sulvorge"/>
               </TextLine>
               <TextLine ID="region_1638957757006_5525l50"
                         BASELINE="1164,3608 1273,3603 1383,3597 1492,3592 1602,3588 1712,3584 1821,3581 1931,3578 2040,3574 2150,3572 2260,3569 2369,3567 2479,3565 2588,3562 2698,3560 2808,3558 2917,3556 3027,3554 3136,3550 3246,3548 3356,3544"
                         HEIGHT="231"
                         WIDTH="2227"
                         VPOS="3411"
                         HPOS="1145">
                  <String ID="string_region_1638957757006_5525l50"
                          HEIGHT="231"
                          WIDTH="2227"
                          VPOS="3411"
                          HPOS="1145"
                          CONTENT="len for cloth &amp; aye there mustbs in each ship too p mise asserled"/>
               </TextLine>
               <TextLine ID="region_1638957757006_5525l51"
                         BASELINE="1188,3678 1297,3675 1407,3672 1517,3670 1627,3666 1737,3663 1846,3660 1956,3656 2066,3652 2176,3648 2286,3645 2395,3641 2505,3638 2615,3634 2725,3631 2835,3628 2944,3626 3054,3622 3164,3620 3274,3618 3384,3616"
                         HEIGHT="164"
                         WIDTH="2229"
                         VPOS="3570"
                         HPOS="1171">
                  <String ID="string_region_1638957757006_5525l51"
                          HEIGHT="164"
                          WIDTH="2229"
                          VPOS="3570"
                          HPOS="1171"
                          CONTENT="fdam 321s 56 13 butt besijder t hem geepleast apraeude t"/>
               </TextLine>
               <TextLine ID="region_1638957757006_5525l52"
                         BASELINE="1156,3760 1266,3756 1376,3754 1487,3751 1597,3748 1708,3746 1818,3742 1928,3739 2039,3736 2149,3734 2260,3730 2370,3728 2480,3724 2591,3721 2701,3718 2812,3714 2922,3712 3032,3709 3143,3706 3253,3703 3364,3700"
                         HEIGHT="145"
                         WIDTH="2241"
                         VPOS="3621"
                         HPOS="1138">
                  <String ID="string_region_1638957757006_5525l52"
                          HEIGHT="145"
                          WIDTH="2241"
                          VPOS="3621"
                          HPOS="1138"
                          CONTENT=" 40 &amp; weight to have somebales 10 p or 20 of thatson"/>
               </TextLine>
               <TextLine ID="region_1638957757006_5525l53"
                         BASELINE="1146,3852 1259,3848 1372,3845 1485,3841 1598,3838 1711,3834 1824,3830 1937,3828 2050,3824 2163,3821 2276,3818 2389,3814 2502,3812 2615,3808 2728,3804 2841,3801 2954,3798 3067,3794 3180,3790 3293,3786 3406,3782"
                         HEIGHT="157"
                         WIDTH="2293"
                         VPOS="3722"
                         HPOS="1128">
                  <String ID="string_region_1638957757006_5525l53"
                          HEIGHT="157"
                          WIDTH="2293"
                          VPOS="3722"
                          HPOS="1128"
                          CONTENT="t have in all 40 ps of kersies more p. nextointi uus you"/>
               </TextLine>
               <TextLine ID="region_1638957757006_5525l54"
                         BASELINE="1166,3934 1276,3930 1387,3926 1498,3922 1609,3920 1720,3916 1831,3914 1942,3912 2053,3909 2164,3907 2275,3904 2385,3902 2496,3899 2607,3896 2718,3893 2829,3888 2940,3884 3051,3880 3162,3874 3273,3869 3384,3862"
                         HEIGHT="158"
                         WIDTH="2251"
                         VPOS="3803"
                         HPOS="1148">
                  <String ID="string_region_1638957757006_5525l54"
                          HEIGHT="158"
                          WIDTH="2251"
                          VPOS="3803"
                          HPOS="1148"
                          CONTENT="maj provide 150 a 22 yd. 30 a 30 jd butt recommand "/>
               </TextLine>
               <TextLine ID="region_1638957757006_5525l55"
                         BASELINE="1182,4022 1288,4018 1394,4012 1500,4008 1607,4004 1713,4000 1819,3997 1926,3994 2032,3992 2138,3988 2245,3986 2351,3984 2457,3982 2563,3982 2670,3980 2776,3978 2882,3978 2989,3976 3095,3976 3201,3976 3308,3974"
                         HEIGHT="159"
                         WIDTH="2156"
                         VPOS="3909"
                         HPOS="1165">
                  <String ID="string_region_1638957757006_5525l55"
                          HEIGHT="159"
                          WIDTH="2156"
                          VPOS="3909"
                          HPOS="1165"
                          CONTENT="p fieraed so have n espeticael can to send andburg"/>
               </TextLine>
               <TextLine ID="region_1638957757006_5525l56"
                         BASELINE="1144,4112 1255,4104 1366,4097 1477,4090 1589,4084 1700,4080 1811,4076 1923,4072 2034,4068 2145,4066 2257,4064 2368,4062 2479,4060 2590,4060 2702,4058 2813,4056 2924,4056 3036,4054 3147,4052 3258,4052 3370,4050"
                         HEIGHT="170"
                         WIDTH="2256"
                         VPOS="3983"
                         HPOS="1128">
                  <String ID="string_region_1638957757006_5525l56"
                          HEIGHT="170"
                          WIDTH="2256"
                          VPOS="3983"
                          HPOS="1128"
                          CONTENT="the vere best goods hop stat slis sharin voole will"/>
               </TextLine>
               <TextLine ID="region_1638957757006_5525l57"
                         BASELINE="1146,4192 1254,4184 1362,4177 1471,4170 1579,4165 1688,4160 1796,4156 1904,4153 2013,4150 2121,4148 2230,4146 2338,4144 2446,4142 2555,4142 2663,4141 2772,4140 2880,4140 2988,4140 3097,4140 3205,4138 3314,4138"
                         HEIGHT="157"
                         WIDTH="2201"
                         VPOS="4062"
                         HPOS="1128">
                  <String ID="string_region_1638957757006_5525l57"
                          HEIGHT="157"
                          WIDTH="2201"
                          VPOS="4062"
                          HPOS="1128"
                          CONTENT="Ball in geoo des according &amp; Donish to haecorebale"/>
               </TextLine>
               <TextLine ID="region_1638957757006_5525l58"
                         BASELINE="1150,4286 1262,4277 1375,4267 1488,4258 1601,4250 1714,4244 1827,4237 1940,4232 2053,4228 2166,4226 2279,4222 2391,4222 2504,4220 2617,4220 2730,4220 2843,4220 2956,4220 3069,4220 3182,4222 3295,4224 3408,4224"
                         HEIGHT="186"
                         WIDTH="2292"
                         VPOS="4123"
                         HPOS="1133">
                  <String ID="string_region_1638957757006_5525l58"
                          HEIGHT="186"
                          WIDTH="2292"
                          VPOS="4123"
                          HPOS="1133"
                          CONTENT="heveuns 22gd. of hevere best thongh jr mst gives 28"/>
               </TextLine>
               <TextLine ID="region_1638957757006_5525l59"
                         BASELINE="1150,4360 1261,4354 1373,4348 1485,4344 1596,4339 1708,4334 1820,4331 1931,4328 2043,4325 2155,4322 2267,4320 2378,4318 2490,4316 2602,4314 2713,4312 2825,4312 2937,4310 3048,4308 3160,4308 3272,4306 3384,4304"
                         HEIGHT="160"
                         WIDTH="2265"
                         VPOS="4247"
                         HPOS="1132">
                  <String ID="string_region_1638957757006_5525l59"
                          HEIGHT="160"
                          WIDTH="2265"
                          VPOS="4247"
                          HPOS="1132"
                          CONTENT="ett all mustbr ¼ of uyd  ot a 2 naers roode"/>
               </TextLine>
            </TextBlock>
            <TextBlock ID="region_1638957761246_5528"
                       HEIGHT="4245"
                       WIDTH="2631"
                       VPOS="127"
                       HPOS="3466">
               <Shape>
                  <Polygon POINTS="3466,127 6097,127 6097,4372 3466,4372"/>
               </Shape>
               <TextLine ID="region_1638957761246_5528l1"
                         BASELINE="5922,242 5951,241 5980,236 6010,234"
                         HEIGHT="110"
                         WIDTH="126"
                         VPOS="184"
                         HPOS="5904">
                  <String ID="string_region_1638957761246_5528l1"
                          HEIGHT="110"
                          WIDTH="126"
                          VPOS="184"
                          HPOS="5904"
                          CONTENT="210"/>
               </TextLine>
               <TextLine ID="region_1638957761246_5528l2"
                         BASELINE="5040,260 5078,260 5116,260 5155,260 5193,260 5232,260 5270,260 5308,259 5347,258 5385,258 5424,258 5462,258 5500,258 5539,258 5577,258 5616,258 5654,258 5692,260 5731,261 5769,262 5808,264"
                         HEIGHT="147"
                         WIDTH="799"
                         VPOS="178"
                         HPOS="5025">
                  <String ID="string_region_1638957761246_5528l2"
                          HEIGHT="147"
                          WIDTH="799"
                          VPOS="178"
                          HPOS="5025"
                          CONTENT="20 mey 1682"/>
               </TextLine>
               <TextLine ID="region_1638957761246_5528l3"
                         BASELINE="3496,304 3534,298 3573,292 3612,287 3650,284 3689,282 3728,279 3766,277 3805,275 3844,274 3883,272 3921,272 3960,272 3999,272 4037,272 4076,270 4115,270 4153,270 4192,270 4231,270 4270,268"
                         HEIGHT="153"
                         WIDTH="807"
                         VPOS="176"
                         HPOS="3479">
                  <String ID="string_region_1638957761246_5528l3"
                          HEIGHT="153"
                          WIDTH="807"
                          VPOS="176"
                          HPOS="3479"
                          CONTENT="Brugge Rea: coots"/>
               </TextLine>
               <TextLine ID="region_1638957761246_5528l4"
                         BASELINE="3582,382 3704,373 3827,366 3949,361 4072,357 4195,354 4317,354 4440,354 4562,356 4685,358 4808,360 4930,364 5053,368 5175,372 5298,378 5421,382 5543,387 5666,392 5788,396 5911,400 6034,404"
                         HEIGHT="133"
                         WIDTH="2486"
                         VPOS="319"
                         HPOS="3565">
                  <String ID="string_region_1638957761246_5528l4"
                          HEIGHT="133"
                          WIDTH="2486"
                          VPOS="319"
                          HPOS="3565"
                          CONTENT="in antwoort aenden ue van 15 en 17 deser ue gelift ons bytijd"/>
               </TextLine>
               <TextLine ID="region_1638957761246_5528l5"
                         BASELINE="3606,464 3725,456 3845,448 3964,444 4084,442 4204,440 4323,438 4443,440 4562,441 4682,444 4802,446 4921,450 5041,453 5160,458 5280,462 5400,465 5519,468 5639,472 5758,474 5878,476 5998,476"
                         HEIGHT="122"
                         WIDTH="2427"
                         VPOS="412"
                         HPOS="3589">
                  <String ID="string_region_1638957761246_5528l5"
                          HEIGHT="122"
                          WIDTH="2427"
                          VPOS="412"
                          HPOS="3589"
                          CONTENT="vlaten weten wanneer de betalingen voor de solden"/>
               </TextLine>
               <TextLine ID="region_1638957761246_5528l6"
                         BASELINE="3600,556 3720,548 3840,542 3960,536 4080,534 4201,530 4321,530 4441,528 4561,528 4681,530 4802,532 4922,533 5042,536 5162,538 5282,541 5403,544 5523,547 5643,550 5763,552 5883,554 6004,556"
                         HEIGHT="93"
                         WIDTH="2438"
                         VPOS="474"
                         HPOS="3583">
                  <String ID="string_region_1638957761246_5528l6"
                          HEIGHT="93"
                          WIDTH="2438"
                          VPOS="474"
                          HPOS="3583"
                          CONTENT="sullen geseirden om die sake waer te nemen de 2 packenst"/>
               </TextLine>
               <TextLine ID="region_1638957761246_5528l7"
                         BASELINE="3584,646 3707,638 3830,631 3953,626 4076,623 4200,621 4323,620 4446,620 4569,620 4692,622 4816,624 4939,626 5062,630 5185,632 5308,636 5432,640 5555,643 5678,646 5801,648 5924,652 6048,654"
                         HEIGHT="135"
                         WIDTH="2497"
                         VPOS="556"
                         HPOS="3568">
                  <String ID="string_region_1638957761246_5528l7"
                          HEIGHT="135"
                          WIDTH="2497"
                          VPOS="556"
                          HPOS="3568"
                          CONTENT="heb welontf. doch evenste el N10 en oeatver"/>
               </TextLine>
               <TextLine ID="region_1638957761246_5528l8"
                         BASELINE="3610,732 3729,725 3849,716 3968,712 4088,708 4207,706 4327,704 4446,704 4566,706 4685,706 4805,708 4924,712 5044,714 5163,718 5283,720 5402,723 5522,725 5641,726 5761,728 5880,728 6000,728"
                         HEIGHT="125"
                         WIDTH="2423"
                         VPOS="660"
                         HPOS="3594">
                  <String ID="string_region_1638957761246_5528l8"
                          HEIGHT="125"
                          WIDTH="2423"
                          VPOS="660"
                          HPOS="3594"
                          CONTENT="lynwalen devrlyhaddert de ceeest, p john tenwich"/>
               </TextLine>
               <TextLine ID="region_1638957761246_5528l9"
                         BASELINE="3616,812 3737,806 3859,802 3980,798 4102,796 4224,796 4345,796 4467,798 4588,798 4710,800 4832,804 4953,806 5075,808 5196,812 5318,814 5440,816 5561,818 5683,820 5804,822 5926,821 6048,820"
                         HEIGHT="165"
                         WIDTH="2465"
                         VPOS="723"
                         HPOS="3599">
                  <String ID="string_region_1638957761246_5528l9"
                          HEIGHT="165"
                          WIDTH="2465"
                          VPOS="723"
                          HPOS="3599"
                          CONTENT="van london verwaght MN.14 met 10 peek laken"/>
               </TextLine>
               <TextLine ID="region_1638957761246_5528l10"
                         BASELINE="3630,926 3746,916 3863,908 3980,902 4097,897 4214,894 4331,894 4448,893 4565,894 4682,896 4799,898 4915,900 5032,904 5149,908 5266,911 5383,915 5500,918 5617,920 5734,922 5851,922 5968,922"
                         HEIGHT="100"
                         WIDTH="2370"
                         VPOS="844"
                         HPOS="3613">
                  <String ID="string_region_1638957761246_5528l10"
                          HEIGHT="100"
                          WIDTH="2370"
                          VPOS="844"
                          HPOS="3613"
                          CONTENT="N16 met 5dobbel roy lakens N.17 met 10 ditto"/>
               </TextLine>
               <TextLine ID="region_1638957761246_5528l11"
                         BASELINE="3602,1024 3724,1015 3847,1008 3970,1004 4093,999 4216,996 4339,996 4462,996 4585,996 4708,998 4831,1000 4953,1002 5076,1006 5199,1008 5322,1012 5445,1014 5568,1016 5691,1016 5814,1016 5937,1016 6060,1014"
                         HEIGHT="139"
                         WIDTH="2488"
                         VPOS="916"
                         HPOS="3587">
                  <String ID="string_region_1638957761246_5528l11"
                          HEIGHT="139"
                          WIDTH="2488"
                          VPOS="916"
                          HPOS="3587"
                          CONTENT="N 28 m et 10 ditto N 19 met 10 witte pack lakens von"/>
               </TextLine>
               <TextLine ID="region_1638957761246_5528l12"
                         BASELINE="3630,1120 3745,1110 3860,1103 3975,1098 4090,1092 4205,1090 4320,1090 4435,1090 4550,1090 4665,1092 4780,1095 4895,1098 5010,1102 5125,1106 5240,1110 5355,1115 5470,1119 5585,1123 5700,1126 5815,1130 5930,1132"
                         HEIGHT="155"
                         WIDTH="2333"
                         VPOS="995"
                         HPOS="3615">
                  <String ID="string_region_1638957761246_5528l12"
                          HEIGHT="155"
                          WIDTH="2333"
                          VPOS="995"
                          HPOS="3615"
                          CONTENT="N.196 en opt hooghst verlegen soo dat int selve"/>
               </TextLine>
               <TextLine ID="region_1638957761246_5528l13"
                         BASELINE="3672,1220 3737,1214 3803,1210 3869,1204 3934,1201 4000,1198 4066,1195 4131,1192 4197,1190 4263,1188 4329,1186 4394,1186 4460,1186 4526,1186 4591,1186 4657,1186 4723,1186 4788,1188 4854,1190 4920,1192 4986,1194"
                         HEIGHT="160"
                         WIDTH="1347"
                         VPOS="1102"
                         HPOS="3655">
                  <String ID="string_region_1638957761246_5528l13"
                          HEIGHT="160"
                          WIDTH="1347"
                          VPOS="1102"
                          HPOS="3655"
                          CONTENT="Borjal sal gelievente cxp"/>
               </TextLine>
               <TextLine ID="region_1638957761246_5528l14"
                         BASELINE="5180,1266 5215,1266 5250,1267 5285,1268 5320,1268 5356,1268 5391,1269 5426,1270 5461,1270 5496,1270 5532,1272 5567,1272 5602,1272 5637,1272 5672,1274 5708,1274 5743,1274 5778,1274 5813,1276 5848,1276 5884,1276"
                         HEIGHT="132"
                         WIDTH="738"
                         VPOS="1204"
                         HPOS="5162">
                  <String ID="string_region_1638957761246_5528l14"
                          HEIGHT="132"
                          WIDTH="738"
                          VPOS="1204"
                          HPOS="5162"
                          CONTENT="20 mey 1682"/>
               </TextLine>
               <TextLine ID="region_1638957761246_5528l15"
                         BASELINE="3490,1334 3531,1329 3573,1325 3614,1321 3656,1318 3698,1315 3739,1312 3781,1311 3822,1308 3864,1306 3906,1304 3947,1303 3989,1302 4030,1300 4072,1298 4114,1296 4155,1296 4197,1294 4238,1292 4280,1290 4322,1290"
                         HEIGHT="197"
                         WIDTH="869"
                         VPOS="1195"
                         HPOS="3469">
                  <String ID="string_region_1638957761246_5528l15"
                          HEIGHT="197"
                          WIDTH="869"
                          VPOS="1195"
                          HPOS="3469"
                          CONTENT="Brussel Joseph Sabberten"/>
               </TextLine>
               <TextLine ID="region_1638957761246_5528l16"
                         BASELINE="3622,1418 3740,1405 3858,1395 3976,1386 4095,1378 4213,1374 4331,1372 4450,1370 4568,1368 4686,1370 4805,1370 4923,1372 5041,1375 5159,1378 5278,1381 5396,1384 5514,1386 5633,1388 5751,1390 5869,1390 5988,1390"
                         HEIGHT="201"
                         WIDTH="2397"
                         VPOS="1242"
                         HPOS="3607">
                  <String ID="string_region_1638957761246_5528l16"
                          HEIGHT="201"
                          WIDTH="2397"
                          VPOS="1242"
                          HPOS="3607"
                          CONTENT="In answer t0 ys of 17 cur. asto the charges on yd packett"/>
               </TextLine>
               <TextLine ID="region_1638957761246_5528l17"
                         BASELINE="3612,1500 3733,1490 3855,1482 3977,1475 4099,1470 4221,1465 4343,1462 4465,1459 4587,1458 4709,1456 4831,1456 4952,1458 5074,1458 5196,1460 5318,1460 5440,1462 5562,1464 5684,1466 5806,1468 5928,1470 6050,1470"
                         HEIGHT="133"
                         WIDTH="2470"
                         VPOS="1375"
                         HPOS="3596">
                  <String ID="string_region_1638957761246_5528l17"
                          HEIGHT="133"
                          WIDTH="2470"
                          VPOS="1375"
                          HPOS="3596"
                          CONTENT="I do not question you wil fund them tatherckeaper then when"/>
               </TextLine>
               <TextLine ID="region_1638957761246_5528l18"
                         BASELINE="3602,1588 3723,1580 3844,1572 3965,1565 4086,1560 4207,1555 4328,1551 4449,1548 4570,1546 4691,1544 4812,1544 4933,1542 5054,1542 5175,1542 5296,1542 5417,1544 5538,1544 5659,1544 5780,1544 5901,1544 6022,1542"
                         HEIGHT="166"
                         WIDTH="2450"
                         VPOS="1479"
                         HPOS="3586">
                  <String ID="string_region_1638957761246_5528l18"
                          HEIGHT="166"
                          WIDTH="2450"
                          VPOS="1479"
                          HPOS="3586"
                          CONTENT="mc claydd send them ferward. I shallo bseve yd instnutions "/>
               </TextLine>
               <TextLine ID="region_1638957761246_5528l19"
                         BASELINE="3618,1668 3739,1662 3860,1656 3981,1650 4102,1647 4224,1642 4345,1639 4466,1636 4587,1634 4708,1632 4830,1632 4951,1630 5072,1630 5193,1630 5314,1630 5436,1630 5557,1630 5678,1630 5799,1630 5920,1630 6042,1632"
                         HEIGHT="142"
                         WIDTH="2456"
                         VPOS="1554"
                         HPOS="3601">
                  <String ID="string_region_1638957761246_5528l19"
                          HEIGHT="142"
                          WIDTH="2456"
                          VPOS="1554"
                          HPOS="3601"
                          CONTENT="as for cornets, pray gett sonde madits mij dirertions as best"/>
               </TextLine>
               <TextLine ID="region_1638957761246_5528l20"
                         BASELINE="3634,1762 3753,1752 3872,1745 3991,1737 4110,1732 4229,1726 4348,1722 4467,1720 4586,1716 4705,1716 4824,1714 4943,1714 5062,1714 5181,1714 5300,1714 5419,1714 5538,1714 5657,1714 5776,1714 5895,1712 6014,1712"
                         HEIGHT="196"
                         WIDTH="2413"
                         VPOS="1627"
                         HPOS="3617">
                  <String ID="string_region_1638957761246_5528l20"
                          HEIGHT="196"
                          WIDTH="2413"
                          VPOS="1627"
                          HPOS="3617"
                          CONTENT="you can &amp; sard es soms plos plarne groind for wiffs &amp; a"/>
               </TextLine>
               <TextLine ID="region_1638957761246_5528l21"
                         BASELINE="3628,1858 3749,1847 3870,1838 3991,1829 4112,1821 4233,1814 4354,1809 4475,1804 4596,1801 4717,1798 4838,1796 4959,1794 5080,1792 5201,1792 5322,1790 5443,1790 5564,1790 5685,1790 5806,1790 5927,1788 6048,1788"
                         HEIGHT="207"
                         WIDTH="2453"
                         VPOS="1712"
                         HPOS="3610">
                  <String ID="string_region_1638957761246_5528l21"
                          HEIGHT="207"
                          WIDTH="2453"
                          VPOS="1712"
                          HPOS="3610"
                          CONTENT="lewfn exawats of pleune frous &amp; i other yett, I have siey"/>
               </TextLine>
               <TextLine ID="region_1638957761246_5528l22"
                         BASELINE="3616,1946 3737,1933 3859,1922 3981,1913 4103,1904 4225,1898 4347,1892 4469,1888 4591,1884 4713,1882 4835,1880 4956,1878 5078,1878 5200,1878 5322,1878 5444,1878 5566,1880 5688,1880 5810,1882 5932,1882 6054,1882"
                         HEIGHT="179"
                         WIDTH="2469"
                         VPOS="1783"
                         HPOS="3601">
                  <String ID="string_region_1638957761246_5528l22"
                          HEIGHT="179"
                          WIDTH="2469"
                          VPOS="1783"
                          HPOS="3601"
                          CONTENT="yoodereditt for what yeu sent mee &amp; yy brillr £200 shall"/>
               </TextLine>
               <TextLine ID="region_1638957761246_5528l23"
                         BASELINE="3626,2020 3745,2007 3864,1997 3983,1987 4102,1980 4221,1975 4340,1971 4459,1968 4578,1966 4697,1964 4817,1964 4936,1962 5055,1962 5174,1962 5293,1962 5412,1960 5531,1960 5650,1956 5769,1954 5888,1950 6008,1944"
                         HEIGHT="179"
                         WIDTH="2413"
                         VPOS="1863"
                         HPOS="3610">
                  <String ID="string_region_1638957761246_5528l23"
                          HEIGHT="179"
                          WIDTH="2413"
                          VPOS="1863"
                          HPOS="3610"
                          CONTENT="te duely d'scharge, Elleight vanderborght abotg"/>
               </TextLine>
               <TextLine ID="region_1638957761246_5528l24"
                         BASELINE="3624,2090 3745,2080 3867,2074 3988,2066 4110,2060 4231,2056 4353,2052 4474,2049 4596,2046 4717,2044 4839,2044 4960,2042 5082,2042 5203,2042 5325,2040 5446,2040 5568,2040 5689,2040 5811,2040 5932,2040 6054,2040"
                         HEIGHT="147"
                         WIDTH="2462"
                         VPOS="1954"
                         HPOS="3608">
                  <String ID="string_region_1638957761246_5528l24"
                          HEIGHT="147"
                          WIDTH="2462"
                          VPOS="1954"
                          HPOS="3608"
                          CONTENT="rijssack. ab in tekengen up on alast frih stend or np"/>
               </TextLine>
               <TextLine ID="region_1638957761246_5528l25"
                         BASELINE="3618,2178 3739,2168 3860,2160 3982,2152 4103,2147 4225,2142 4346,2136 4467,2134 4589,2130 4710,2128 4832,2126 4953,2124 5074,2123 5196,2122 5317,2122 5439,2120 5560,2120 5681,2118 5803,2118 5924,2116 6046,2114"
                         HEIGHT="168"
                         WIDTH="2461"
                         VPOS="2068"
                         HPOS="3601">
                  <String ID="string_region_1638957761246_5528l25"
                          HEIGHT="168"
                          WIDTH="2461"
                          VPOS="2068"
                          HPOS="3601"
                          CONTENT="&amp; shuck itt is moreken frim loriden to bstende glt fooran"/>
               </TextLine>
               <TextLine ID="region_1638957761246_5528l26"
                         BASELINE="3616,2262 3692,2255 3768,2246 3844,2241 3921,2235 3997,2231 4073,2228 4150,2226 4226,2224 4302,2222 4379,2220 4455,2220 4531,2218 4607,2218 4684,2216 4760,2215 4836,2213 4913,2210 4989,2207 5065,2202 5142,2198"
                         HEIGHT="181"
                         WIDTH="1558"
                         VPOS="2128"
                         HPOS="3599">
                  <String ID="string_region_1638957761246_5528l26"
                          HEIGHT="181"
                          WIDTH="1558"
                          VPOS="2128"
                          HPOS="3599"
                          CONTENT="shale n unne my self &amp; advise qu"/>
               </TextLine>
               <TextLine ID="region_1638957761246_5528l27"
                         BASELINE="3954,2314 4023,2310 4092,2307 4161,2304 4230,2302 4300,2300 4369,2300 4438,2300 4507,2300 4576,2300 4646,2300 4715,2300 4784,2300 4853,2300 4922,2300 4992,2300 5061,2300 5130,2298 5199,2296 5268,2292 5338,2290"
                         HEIGHT="210"
                         WIDTH="1414"
                         VPOS="2167"
                         HPOS="3938">
                  <String ID="string_region_1638957761246_5528l27"
                          HEIGHT="210"
                          WIDTH="1414"
                          VPOS="2167"
                          HPOS="3938"
                          CONTENT="10 a 15 ppeust of 4 i tto 7a"/>
               </TextLine>
               <TextLine ID="region_1638957761246_5528l28"
                         BASELINE="5156,2394 5191,2394 5226,2395 5261,2396 5296,2396 5331,2398 5366,2400 5401,2402 5436,2403 5471,2405 5507,2406 5542,2409 5577,2410 5612,2413 5647,2414 5682,2416 5717,2417 5752,2418 5787,2419 5822,2420 5858,2420"
                         HEIGHT="151"
                         WIDTH="737"
                         VPOS="2296"
                         HPOS="5140">
                  <String ID="string_region_1638957761246_5528l28"
                          HEIGHT="151"
                          WIDTH="737"
                          VPOS="2296"
                          HPOS="5140"
                          CONTENT="20 mij 1682"/>
               </TextLine>
               <TextLine ID="region_1638957761246_5528l29"
                         BASELINE="3514,2454 3548,2451 3583,2448 3618,2446 3653,2443 3688,2441 3722,2438 3757,2435 3792,2433 3827,2432 3862,2430 3896,2428 3931,2426 3966,2424 4001,2422 4036,2420 4070,2420 4105,2418 4140,2417 4175,2416 4210,2414"
                         HEIGHT="181"
                         WIDTH="732"
                         VPOS="2310"
                         HPOS="3494">
                  <String ID="string_region_1638957761246_5528l29"
                          HEIGHT="181"
                          WIDTH="732"
                          VPOS="2310"
                          HPOS="3494"
                          CONTENT="Brusse god Arsene"/>
               </TextLine>
               <TextLine ID="region_1638957761246_5528l30"
                         BASELINE="3598,2538 3722,2532 3847,2526 3972,2522 4097,2518 4222,2516 4346,2514 4471,2512 4596,2512 4721,2512 4846,2512 4970,2512 5095,2512 5220,2512 5345,2514 5470,2514 5594,2516 5719,2516 5844,2516 5969,2518 6094,2518"
                         HEIGHT="146"
                         WIDTH="2528"
                         VPOS="2442"
                         HPOS="3582">
                  <String ID="string_region_1638957761246_5528l30"
                          HEIGHT="146"
                          WIDTH="2528"
                          VPOS="2442"
                          HPOS="3582"
                          CONTENT="imantwort aenden ue va gisten soo hebbe deen avon"/>
               </TextLine>
               <TextLine ID="region_1638957761246_5528l31"
                         BASELINE="3644,2618 3764,2611 3884,2607 4005,2602 4125,2600 4246,2597 4366,2596 4486,2594 4607,2594 4727,2594 4848,2594 4968,2594 5088,2596 5209,2596 5329,2598 5450,2598 5570,2600 5690,2602 5811,2602 5931,2604 6052,2604"
                         HEIGHT="94"
                         WIDTH="2438"
                         VPOS="2568"
                         HPOS="3628">
                  <String ID="string_region_1638957761246_5528l31"
                          HEIGHT="94"
                          WIDTH="2438"
                          VPOS="2568"
                          HPOS="3628"
                          CONTENT="eenige packnont. daeronder eenigeroy sps twaer van"/>
               </TextLine>
               <TextLine ID="region_1638957761246_5528l32"
                         BASELINE="3616,2706 3735,2698 3854,2692 3973,2686 4093,2683 4212,2679 4331,2676 4451,2674 4570,2674 4689,2672 4809,2672 4928,2672 5047,2672 5166,2674 5286,2674 5405,2674 5524,2676 5644,2676 5763,2676 5882,2674 6002,2674"
                         HEIGHT="171"
                         WIDTH="2419"
                         VPOS="2593"
                         HPOS="3599">
                  <String ID="string_region_1638957761246_5528l32"
                          HEIGHT="171"
                          WIDTH="2419"
                          VPOS="2593"
                          HPOS="3599"
                          CONTENT="momestalen sal sende volgens dat ick heb belooft soo"/>
               </TextLine>
               <TextLine ID="region_1638957761246_5528l33"
                         BASELINE="3640,2790 3755,2782 3870,2776 3985,2770 4100,2766 4215,2762 4330,2760 4445,2757 4560,2756 4675,2754 4790,2754 4905,2754 5020,2754 5135,2754 5250,2756 5365,2756 5480,2756 5595,2756 5710,2756 5825,2754 5940,2754"
                         HEIGHT="120"
                         WIDTH="2332"
                         VPOS="2682"
                         HPOS="3625">
                  <String ID="string_region_1638957761246_5528l33"
                          HEIGHT="120"
                          WIDTH="2332"
                          VPOS="2682"
                          HPOS="3625"
                          CONTENT="hop dat ick sal konnen leleren, want alseuttemael"/>
               </TextLine>
               <TextLine ID="region_1638957761246_5528l34"
                         BASELINE="3642,2878 3759,2870 3877,2864 3994,2858 4112,2854 4230,2850 4347,2848 4465,2846 4582,2846 4700,2846 4818,2844 4935,2844 5053,2846 5170,2846 5288,2846 5406,2846 5523,2846 5641,2844 5758,2844 5876,2842 5994,2838"
                         HEIGHT="133"
                         WIDTH="2381"
                         VPOS="2756"
                         HPOS="3627">
                  <String ID="string_region_1638957761246_5528l34"
                          HEIGHT="133"
                          WIDTH="2381"
                          VPOS="2756"
                          HPOS="3627"
                          CONTENT="gane aent sullen sijn, den sullende 40 d obbie saken"/>
               </TextLine>
               <TextLine ID="region_1638957761246_5528l35"
                         BASELINE="3618,2970 3738,2963 3858,2956 3978,2952 4098,2947 4219,2944 4339,2942 4459,2940 4579,2938 4699,2938 4820,2938 4940,2938 5060,2938 5180,2937 5300,2936 5421,2936 5541,2936 5661,2934 5781,2932 5901,2929 6022,2926"
                         HEIGHT="152"
                         WIDTH="2439"
                         VPOS="2844"
                         HPOS="3600">
                  <String ID="string_region_1638957761246_5528l35"
                          HEIGHT="152"
                          WIDTH="2439"
                          VPOS="2844"
                          HPOS="3600"
                          CONTENT="d meemen mys sijn, soo dat ul sich naer advenant"/>
               </TextLine>
               <TextLine ID="region_1638957761246_5528l36"
                         BASELINE="3642,3060 3762,3053 3882,3047 4002,3042 4122,3038 4243,3036 4363,3033 4483,3032 4603,3030 4723,3030 4844,3030 4964,3030 5084,3030 5204,3030 5324,3030 5445,3030 5565,3030 5685,3028 5805,3028 5925,3026 6046,3022"
                         HEIGHT="124"
                         WIDTH="2438"
                         VPOS="2944"
                         HPOS="3625">
                  <String ID="string_region_1638957761246_5528l36"
                          HEIGHT="124"
                          WIDTH="2438"
                          VPOS="2944"
                          HPOS="3625"
                          CONTENT="gelieft te regulern want mons vanderborght heeften"/>
               </TextLine>
               <TextLine ID="region_1638957761246_5528l37"
                         BASELINE="3630,3156 3746,3146 3863,3136 3979,3129 4096,3124 4213,3120 4329,3118 4446,3116 4562,3114 4679,3114 4796,3114 4912,3114 5029,3114 5145,3114 5262,3114 5379,3114 5495,3114 5612,3112 5728,3110 5845,3108 5962,3104"
                         HEIGHT="174"
                         WIDTH="2367"
                         VPOS="3031"
                         HPOS="3612">
                  <String ID="string_region_1638957761246_5528l37"
                          HEIGHT="174"
                          WIDTH="2367"
                          VPOS="3031"
                          HPOS="3612"
                          CONTENT="do doen entrieden en daerimheb is meerontooden om ul"/>
               </TextLine>
               <TextLine ID="region_1638957761246_5528l38"
                         BASELINE="3630,3238 3733,3231 3836,3225 3940,3219 4043,3214 4147,3211 4250,3208 4353,3206 4457,3204 4560,3204 4664,3204 4767,3202 4870,3202 4974,3202 5077,3201 5181,3200 5284,3200 5387,3198 5491,3196 5594,3192 5698,3190"
                         HEIGHT="137"
                         WIDTH="2098"
                         VPOS="3133"
                         HPOS="3615">
                  <String ID="string_region_1638957761246_5528l38"
                          HEIGHT="137"
                          WIDTH="2098"
                          VPOS="3133"
                          HPOS="3615"
                          CONTENT="her te geven een ue wel te komen geriecen"/>
               </TextLine>
               <TextLine ID="region_1638957761246_5528l39"
                         BASELINE="5554,3302 5580,3304 5607,3306 5634,3306 5660,3306 5687,3306 5714,3304 5740,3301 5767,3299 5794,3294"
                         HEIGHT="144"
                         WIDTH="274"
                         VPOS="3216"
                         HPOS="5537">
                  <String ID="string_region_1638957761246_5528l39"
                          HEIGHT="144"
                          WIDTH="274"
                          VPOS="3216"
                          HPOS="5537"
                          CONTENT="a 21 d."/>
               </TextLine>
               <TextLine ID="region_1638957761246_5528l40"
                         BASELINE="3516,3342 3553,3342 3590,3340 3627,3339 3664,3338 3702,3336 3739,3335 3776,3333 3813,3332 3850,3330 3888,3329 3925,3328 3962,3326 3999,3326 4036,3326 4074,3326 4111,3326 4148,3326 4185,3327 4222,3328 4260,3330"
                         HEIGHT="173"
                         WIDTH="778"
                         VPOS="3215"
                         HPOS="3499">
                  <String ID="string_region_1638957761246_5528l40"
                          HEIGHT="173"
                          WIDTH="778"
                          VPOS="3215"
                          HPOS="3499"
                          CONTENT="Brijssel mr. Richard Souchelle"/>
               </TextLine>
               <TextLine ID="region_1638957761246_5528l41"
                         BASELINE="3626,3426 3743,3426 3861,3424 3978,3424 4096,3424 4214,3424 4331,3425 4449,3426 4566,3428 4684,3430 4802,3432 4919,3436 5037,3438 5154,3440 5272,3444 5390,3447 5507,3450 5625,3454 5742,3456 5860,3460 5978,3462"
                         HEIGHT="159"
                         WIDTH="2383"
                         VPOS="3353"
                         HPOS="3611">
                  <String ID="string_region_1638957761246_5528l41"
                          HEIGHT="159"
                          WIDTH="2383"
                          VPOS="3353"
                          HPOS="3611"
                          CONTENT="In answer to yd of 17 curtt. have rec. fres letters from H.C. so urgens for acceptingl "/>
               </TextLine>
               <TextLine ID="region_1638957761246_5528l42"
                         BASELINE="3642,3518 3760,3514 3879,3512 3997,3510 4116,3510 4235,3508 4353,3510 4472,3510 4590,3512 4709,3514 4828,3516 4946,3520 5065,3523 5183,3526 5302,3530 5421,3534 5539,3536 5658,3540 5776,3542 5895,3546 6014,3548"
                         HEIGHT="97"
                         WIDTH="2404"
                         VPOS="3460"
                         HPOS="3627">
                  <String ID="string_region_1638957761246_5528l42"
                          HEIGHT="97"
                          WIDTH="2404"
                          VPOS="3460"
                          HPOS="3627"
                          CONTENT="tris draughts, that I intend to accept 2 more, of which did one this morning, the other"/>
               </TextLine>
               <TextLine ID="region_1638957761246_5528l43"
                         BASELINE="3626,3608 3746,3604 3867,3600 3987,3598 4108,3596 4229,3596 4349,3596 4470,3596 4590,3598 4711,3600 4832,3602 4952,3605 5073,3608 5193,3612 5314,3616 5435,3620 5555,3624 5676,3628 5796,3633 5917,3638 6038,3642"
                         HEIGHT="110"
                         WIDTH="2445"
                         VPOS="3534"
                         HPOS="3609">
                  <String ID="string_region_1638957761246_5528l43"
                          HEIGHT="110"
                          WIDTH="2445"
                          VPOS="3534"
                          HPOS="3609"
                          CONTENT="is inst now presented, shall find also acceptance, butt for the £100- de draw for warner "/>
               </TextLine>
               <TextLine ID="region_1638957761246_5528l44"
                         BASELINE="3634,3702 3745,3696 3857,3693 3969,3690 4080,3688 4192,3686 4304,3686 4415,3688 4527,3688 4639,3690 4751,3692 4862,3696 4974,3699 5086,3703 5197,3706 5309,3710 5421,3713 5532,3716 5644,3720 5756,3722 5868,3724"
                         HEIGHT="126"
                         WIDTH="2264"
                         VPOS="3643"
                         HPOS="3619">
                  <String ID="string_region_1638957761246_5528l44"
                          HEIGHT="126"
                          WIDTH="2264"
                          VPOS="3643"
                          HPOS="3619"
                          CONTENT="I'il delay till I see him, for I must be rid of those kinde of dealings "/>
               </TextLine>
               <TextLine ID="region_1638957761246_5528l45"
                         BASELINE="3622,3790 3742,3787 3863,3786 3983,3784 4104,3784 4225,3784 4345,3786 4466,3786 4586,3788 4707,3790 4828,3792 4948,3795 5069,3798 5189,3802 5310,3804 5431,3807 5551,3810 5672,3812 5792,3814 5913,3818 6034,3818"
                         HEIGHT="127"
                         WIDTH="2446"
                         VPOS="3740"
                         HPOS="3605">
                  <String ID="string_region_1638957761246_5528l45"
                          HEIGHT="127"
                          WIDTH="2446"
                          VPOS="3740"
                          HPOS="3605"
                          CONTENT="yett I nssure you I could do no more then what I have don, &amp; I am consident you would"/>
               </TextLine>
               <TextLine ID="region_1638957761246_5528l46"
                         BASELINE="3646,3882 3764,3878 3883,3876 4001,3874 4120,3872 4238,3872 4357,3874 4475,3874 4594,3877 4712,3878 4831,3882 4949,3885 5068,3888 5186,3892 5305,3896 5423,3898 5542,3902 5660,3906 5779,3908 5897,3912 6016,3914"
                         HEIGHT="111"
                         WIDTH="2405"
                         VPOS="3848"
                         HPOS="3629">
                  <String ID="string_region_1638957761246_5528l46"
                          HEIGHT="111"
                          WIDTH="2405"
                          VPOS="3848"
                          HPOS="3629"
                          CONTENT="have don no more yd. self, to do any freind whre soever any kindness, the worst "/>
               </TextLine>
               <TextLine ID="region_1638957761246_5528l47"
                         BASELINE="3642,3976 3759,3971 3877,3968 3994,3966 4112,3964 4230,3964 4347,3964 4465,3966 4582,3968 4700,3970 4818,3972 4935,3976 5053,3980 5170,3984 5288,3987 5406,3991 5523,3994 5641,3998 5758,4000 5876,4002 5994,4004"
                         HEIGHT="128"
                         WIDTH="2387"
                         VPOS="3918"
                         HPOS="3625">
                  <String ID="string_region_1638957761246_5528l47"
                          HEIGHT="128"
                          WIDTH="2387"
                          VPOS="3918"
                          HPOS="3625"
                          CONTENT="of all is, that H.M is also by Jt. engaged, hure I can not with donone lett hy "/>
               </TextLine>
               <TextLine ID="region_1638957761246_5528l48"
                         BASELINE="3630,4066 3749,4064 3868,4062 3987,4062 4107,4060 4226,4062 4345,4062 4465,4063 4584,4065 4703,4067 4823,4070 4942,4072 5061,4076 5180,4078 5300,4082 5419,4086 5538,4089 5658,4092 5777,4096 5896,4100 6016,4102"
                         HEIGHT="165"
                         WIDTH="2420"
                         VPOS="3961"
                         HPOS="3613">
                  <String ID="string_region_1638957761246_5528l48"
                          HEIGHT="165"
                          WIDTH="2420"
                          VPOS="3961"
                          HPOS="3613"
                          CONTENT="bills returne, this makes mee att mj inots end for this mony on all sides &amp; redrae "/>
               </TextLine>
               <TextLine ID="region_1638957761246_5528l49"
                         BASELINE="3646,4162 3764,4158 3882,4155 4000,4154 4118,4154 4237,4154 4355,4154 4473,4156 4591,4159 4709,4162 4828,4164 4946,4168 5064,4172 5182,4176 5300,4179 5419,4184 5537,4186 5655,4190 5773,4194 5891,4196 6010,4198"
                         HEIGHT="125"
                         WIDTH="2399"
                         VPOS="4114"
                         HPOS="3629">
                  <String ID="string_region_1638957761246_5528l49"
                          HEIGHT="125"
                          WIDTH="2399"
                          VPOS="4114"
                          HPOS="3629"
                          CONTENT="for london is much sispected att present, &amp; on you is ernely bad att 2 son for 2"/>
               </TextLine>
               <TextLine ID="region_1638957761246_5528l50"
                         BASELINE="3634,4254 3753,4249 3872,4244 3991,4240 4110,4238 4229,4238 4348,4238 4467,4238 4586,4240 4705,4243 4825,4246 4944,4250 5063,4254 5182,4258 5301,4262 5420,4266 5539,4270 5658,4274 5777,4279 5896,4282 6016,4286"
                         HEIGHT="118"
                         WIDTH="2414"
                         VPOS="4193"
                         HPOS="3618">
                  <String ID="string_region_1638957761246_5528l50"
                          HEIGHT="118"
                          WIDTH="2414"
                          VPOS="4193"
                          HPOS="3618"
                          CONTENT="vso, brings proffitt ven low, yett what shall I do, to help my freindes I must pass "/>
               </TextLine>
               <TextLine ID="region_1638957761246_5528l51"
                         BASELINE="3642,4352 3761,4348 3880,4344 3999,4342 4118,4340 4237,4338 4356,4338 4475,4338 4594,4338 4713,4340 4832,4341 4951,4342 5070,4344 5189,4346 5308,4350 5427,4352 5546,4354 5665,4356 5784,4359 5903,4362 6022,4364"
                         HEIGHT="161"
                         WIDTH="2413"
                         VPOS="4246"
                         HPOS="3626">
                  <String ID="string_region_1638957761246_5528l51"
                          HEIGHT="161"
                          WIDTH="2413"
                          VPOS="4246"
                          HPOS="3626"
                          CONTENT="the pickes, so have drawne on you £150- flemish this day att 2vso pay able "/>
               </TextLine>
            </TextBlock>
         </PrintSpace>
      </Page>
   </Layout>
</alto>
