8098 4561
2414 180 455 118 2 maij 1681

672 217 937 111 Att hondon Ebramlivan

916 229 2256 160 m. ny last te you was on the d curt so which inferre you brcaus

926 332 2297 150 sende non from uijouly this eaccuse I haveunsiddered this itt

944 412 2221 157 will nst beso well, te beso pleue with in potter as I desired

919 485 2149 196 by my last in giveing hum yd fullorder for all the goods

951 578 2229 164 befers veesece some moe of hil doyiny. thought good to

951 642 2147 192 portt you en minde agai of itt te considoer itt weel

926 751 2192 143 & if oft was not aswell that he shoul have orders for 2or 2

910 797 2283 172 leuter mey of eack sort fir seure my last anstold that oom

926 899 2213 153 whill of heeds andets ster brying Rorderingeerij

926 929 2302 215 & diesser well, te hiever &leave all tegen tehat is on yesid

961 1064 2255 126 ne Scouldens hweemight have good goods, & that nootherr

952 1139 2246 122 ourtdont Brutend fir wissels theus week &laeneat shalllle

971 1213 952 152 meeitting e sulft grust

2623 1211 458 178 9 meij 1681

2866 1326 131 85 th C

672 1285 752 160 London Will Scawen

952 1330 2228 170 Sr. my last to you was on the 8 curitt. sence recd. yd of 25: past, as to

944 1437 2238 113 our goods the bale N.11 is well past, & now with wee as alsoothe 5 others

937 1519 2238 103 bales, butt 250 dyed salempores in 4 packes off cottons are seased up on

952 1587 2247 124 att Brugges, affer they had been sealed & reshipt, so that they have aven

947 1646 2227 124 out the ƒ50 peeces & delivered up the cottons which I exspect dagly in

954 1711 2232 102 coots is now here, which is now simall preiudice, whoewer hentendes

933 1785 2234 114 to be att bruges next dues day & sought they have entred part of the

951 1867 2183 118 callicoes, yett I doubt itt will prove a loosing bussyness which

932 1941 2222 136 had never happined in case you had followed my advise to ship butt

950 1991 2288 165 one orrt bales in each vessel so now that way beengfound ontwee

952 2078 2212 152 must pactise an other orelee leave that trade, as soone as coots

940 2147 2237 157 be att bruges & that I know how the matter be advisted shall advise

944 2238 2166 150 you, for I ordered him to do his endeavwe to cleare itt by feare

949 2285 2200 186 meanes, for itt will be better an ill or baddaggrement then agood

958 2363 2265 184 suite in lace, for which in this regard wee have butt small reason: I hope

950 2423 2218 197 the packett & N.2 in yd possession & that you shall be able to dispose

973 2492 2211 219 of boath parcells p. first which is much recommended toydeare

2482 2594 486 160 9 maij 1681

651 2649 863 152 London Henry Maynard

954 2632 2268 240 Sr my last to you was on the 7 curitt with £110: a ½ uso dedai porten

944 2737 2285 206 for my acctt. & £29:3 att 35:7 for yd acctt. on m. manbert which & formard

948 2854 2186 177 I hope ure come to yd handes now: am with yd of 25 past with

946 2885 2217 199 invoyce & patt. for a pack low prijsed spanish cloathes, the collours

966 2958 2193 216 are good butt I doubt some awill be turead bare as I can discover

962 3011 2224 233 by these patt. you will do well to take yd owne soime to provide

978 3091 2169 242 the rest, that so wee might have good goods I have given yd acctt

967 3182 2261 245 creditt for my ½ part in the invoyce as well for spanish aspacs white

967 3277 2188 257 cloathes, as also the bayes att Hull & returne you thanckes fory

972 3373 2183 208 care & diligeney to finnish our ware house with the needfull I do

957 3457 2204 225 promise from my part that Ill do all I can to in corridge you

965 3540 2231 228 in the continuany of the same, as well in selling to good prijses

965 3661 2183 152 as makeing due remises as to the estate of the widow bouwens

965 3720 2222 183 the exceutours have not yett made aresolution what to do, I have

977 3849 2169 134 examineed all the goods resting which I found butt few & all in

975 3949 2165 140 a very ill condition: come do persuade ince to remone mj whire

978 4032 2166 137 housed in kersi & some are of a coxtrary advise & that yd be

973 4105 2192 184 I would faire know the more because now in demont is dead

986 4206 2182 155 thought itt zeems thathis relations will continew that toade

988 4296 1995 137 our bale MN.11 is here butt the other 4 packes are in the

3580 209 2364 110 Burgatory, the cottons beeng declared are delivered up & sent forward by

3614 277 2355 98 willeerde butt the callicoes are taken out att Brugges & thought 3000 elles

3598 334 2364 116 declared yett I doubt wee will be loosers coots is there now & seems much

3611 401 2332 91 to be concerned, though he promises to make itt aff as well as possible

3614 491 2300 104 I write this lett this day because I am Just going for Brussels att my

3584 549 2075 136 returne you shall have remises, as also Pargers advise from

3342 579 783 167 Leyden Adam Sicolaet

5006 624 868 136 In Antwerpen 12 maij 1681

3617 659 2337 158 mons. in antwoort aende ul van 29 aprill & 6 deser sal de af gesonden ½ coleure en stl

3601 761 2361 121 breet sweert verwaghten, ende daer mede best doen volgens ordre, als mede met de  dicho

3620 848 2259 86 swerte die ul noch staet te senden, wegens het gelt dat ul versoeckt sal tegens

3608 941 2328 90 de naeste weke sien te remitteeren, t geene mogelijk is de luyden van bergen

3606 975 2314 114 en hebbe noch geen gelt gesonden, en wij hebbe van alle canten seer groote

3627 1071 2296 100 claghten van sleghte negotie, met alle welke moeten pasientie nemen

3614 1145 515 90 terwijlen

5035 1169 874 123 In Antwerpen 12 maij 81

3295 1172 1257 142 Amsterdam De Hulter & Van Homright

3598 1227 2311 160 Messr. De Bewuste 33 vaten boter sijn mij de voorlede weke wel geworden

3601 1286 2349 166 en al hoewel groote deb voor hebbe gedaen om de selve te verkoopen& soo hebbe eghter

3611 1363 2329 148 niet gekonnen, niet wonder midts de laest mertdagh onse verse in lanse voor

3617 1428 2320 158 ƒ11:Pc0. onverkoght is blijven staen, soo dat maer weijnigh apparientie

3623 1512 2320 163 sien de dese int cort quijt te worden daer toe nochtans behoorlijk dat voor gedaen

3599 1566 2340 169 wort: de wollen sijn hier aen gekomen en worden noch heden gelost: hoe deselve sullen

3597 1643 2253 165 uyt vallen leert den tijt de langhe besproke bosschagische tapijten, sijn door

3594 1691 2320 155 indispositie vanden maker soo lanck getardeert, eghter dese weke is mij belooft

3596 1772 2350 141 die sullen konnen versonden worden waer in ul wijders kan dienst doen gelieft

5033 1851 840 162 Antwerpen 12 maij 1681

3592 1891 1062 128 liberlijk te commandeeren

3307 1950 909 140 Rotterdam Joan vandermeulen

3605 1948 2350 207 monsr. sedert den ul van 25 pass. sijnde 4 bekende packen mij op 30 ditto geworden

3609 2070 2358 148 soo dat voor nu de Rek van onkoste hadde verwaght om volgens te reguleren om meerder

3617 2138 2323 158 dien wegh doen passeren verlancke oock dat met John brouwe een eijnde gemaekt

3623 2251 1783 117 wort om soo die pertije mede te sluyten waer mede blijve

5013 2236 888 179 In Antwerpen 13 maij 1681

3306 2306 1125 154 Meggelen pat. patricius p. Georgio -

3597 2351 2344 172 pa noijt deere gehadt, aen ul te scrijven, foute van occasie, desen alleen tot advies als dat

3591 2422 2337 138 aen mij sijn gesonden 2 differente wisselbrieven ten last van sijne Eerw: vir ƒ 536: de

3600 2510 2293 134 dato 19 aprill uyt brussel getroken door den Eerw: pater Columbanus a f spritu en ƒ464:

3589 2534 2346 175 door pater as petro vanden selve dato seyde te betalen aen de ordre van guilliaume

3602 2625 2264 152 kerque, die de selve voorder & soo mij sijn veindosceert ende vermidts weijnigh

3610 2697 2327 172 gelegentheyt is op onse beurse om deselve te vernegotieren, soo neme devrijigheyt

3602 2772 2312 135 ul deswesens te scrijven ofte pr avonture sijn Eerw. selfs occasie hadde om die

3609 2792 2337 194 weirde mij alhier te laten ontfangen d'welke in antwoort hier van geirne vernem

3606 2908 2195 135 om mij volgens te reguleren, de brieven sijn op sicht pr cassa pro governo

3597 2971 2201 150 waer in sijn Eerw. insgelijkx kan dienen hebt liberlijk te commanderen

5107 3038 773 147 Antwarpe 13 maij 1681

3320 3037 830 168 Lille Richd. woushell

3601 3115 2285 122 Sr. I have recd. in due time severall yd viz of 20 past 7 & 11 curitt the contents

3589 3191 2326 138 do serve for my gouverno & have noted every perticular accordingly, as well of the

3608 3270 2313 154 goods arrived as a comning, besides yd draught which will duely discharged, if

3613 3351 2298 112 possible shall remitt you some mony, more att the end of the present whilst

3590 3420 2281 143 I hope that the sale of so many goods will be no simall comfort to

3605 3471 2335 158 the cash & assist you in yd greatest streights, you complaine of the spanise

3608 3543 2309 157 cloathes from AM. touely I have great reason here to butt itt zeems they

3596 3654 2332 112 can not helpitt, as itt goeths now, so that I have butt very few on handes &

3602 3710 2338 134 in order no more then I finde do sell, the like I do in northrens goods, though

3598 3793 2322 147 that sort prover better im Hill doth better then A.V. his correspondent

3599 3895 2325 99 which now will be m. Thomas potter, which hath orderto provide some

3587 3980 2311 130 goods for mee though not so much as I did least yeare, because I finde

3586 4036 2320 174 mony so scareee that wee can not maintaine trade, findinge complaints

3578 4138 2254 150 from all hand the wid dow bouwens here is dead, as also our y reatinay

3612 4266 2262 112 gillis demont so that these 2 great whare houses will decrease & come
