8563 4636
858 170 602 150 Brugge R: coots

2406 179 825 117 Atw: 8 ag 11682

1138 220 2277 132 Myntt 6 deser was nemen mijnn lesten als wanneer geirrege sien hadte

1174 361 2207 91 van onkostn over het claverniete in de myn te formeren en heten

1167 417 2255 105 nwegh gesonden te hebben, diveckanders aende vriuden preiuditie soude

1160 471 2265 136 komn wesen, gelijk us welkaan consideren mi aenstonts ont

1168 549 2174 130 eest de selve bij de nue van 6 deser decelkgiu voor naert spest

1129 629 2224 106 niet kam dienen, soo gelieft my te lateen vele wanneer ewinghen

1121 706 2238 134 vertreckt oft vertrocken sal sijn Bon klerck is 3 deservolgens

1146 776 2215 133 seyren van mjnard vanlonde vertrocken godt geven

1129 841 2273 130 hij voor dat hent weder vangisteren gear riveert mack sij

1109 913 2244 158 mijnarder seaeven he bbeuttgen mijn ordren vill

1148 1010 1688 159 4 peielen aen sijn boort voor mij geladien

1423 1077 1459 147 RN.4 met de cost ons vrap mede gereken

1456 1165 762 131 & 25 met & ditto

1439 1244 767 122 N.10 met 8 ditto

1409 1297 808 187 DN. 8 met 3 ditto

1109 1374 2272 165 inde selve fus. syn 170 geverf de salempores de ropa 20 is a 3400

1142 1473 2224 142 mijn versck is, dat ueten anriverent den scipper gelieft t spreken

1139 1549 2178 142 eondervrngen oft de selve open syn geeen aeck seen

1141 1630 2166 141 vreese en bghaldien van ga soo twijfle oft op sulenniet

1113 1711 2204 102 weee geconditioneert sijn en oecasie die verklickt kom soode

1117 1776 2237 131 daer nders in 36 cottons light 170 salempores kom geterckt

1147 1854 2162 129 worde want is naerond. 5 sun p frise en daer voor desen 10

1121 1940 2164 142 in ider gedaen eirde pni late het aen ae want is by

1144 2024 2174 127 aldien daer swacheyt in is soo geeft te aen daer

1153 2117 2247 110 syn by 30 suu ners oock lijnwaet t gene uyt maekt intie

1088 2160 2240 131 d soo mijnordaewas in ider seip een at spacken te ad

1124 2249 2084 119 maer niet alle 4 in een sip doch dat is te laet

1134 2324 2223 134 oock ul geen goy kam seende soelae mij nietrescken

1127 2393 2110 164 es ware ue mij wilde voorde hellight inde reghten

1128 2477 2153 151 a seureren dgene daer aen geirneemployere en liver

1125 2579 2128 124 als perjkel loope altemeel betale den kende het niet

1117 2664 2198 122 goet soo ten vollen aengegeven sijn, doch us is hier bonen

1109 2723 1993 132 don vollen in hout bekent van hull s stukindaer

1387 2818 1436 117 MN7 curt met 60 enkell cote bayen

1482 2872 1022 93 N8 met 12 norte lakens

1487 2929 742 127 N 9 met 12 ditto

1357 2939 1869 156 M n. 52: 53:54:55 met eder 33 bayen waer ven sijn

1400 3063 1877 124 vragei eden peck tenminst en arrioementge lieft

1133 3137 686 127 mijtos te senden

1116 3179 2190 117 ue soude een pack jeffeur van de cortons konen doen op de halbrenge

1133 3276 2095 110 en depeschern, deeelk dan wegh sijnde een ander sonde kem

1113 3311 2212 147 laulderendaeghs volgen, vant hebbe met de selve geen

1127 3384 2286 160 laest en altemael seffens en sal met lucken en 11 & niet goetwinden

1144 3475 1270 145 oft alsint synde soo geeft te aen

2577 3506 273 146 9 ap

843 3554 735 175 Brussel Johnvan

1119 3622 2177 162 volgens ue verseheringe van 6 deser heb niet getuijsel

1158 3738 2096 131 oft soude heden van uetgelt ut det wof & onsf hebben

1154 3847 1995 109 want hebbe daer op ne alle mogelijke per sunsien

1135 3948 2183 112 den buf tet naeste doen ophouden e ssomer

1140 3996 2034 108 n satdach notbetaeltwoor sal bescaem

1116 4093 2049 88 blijven soo en mankeit niet mogen te somd

1119 4148 2180 137 altyene nmogeiijk is alsoude der selts tick espeen

1179 4232 2026 118 esertt v saemijn lest voor uej doen ven geen

1247 4326 1434 98 wyeljkheyt te moeten ondar ne

3467 208 863 155 nwpoorts m Michiel  alle go

5313 228 741 117 C 10 april 1682 133

3601 335 2435 103 de ul van 3 & 6 deser wel ontf, geerne verstaen dat de gesondene goederen ul waeren gewoordd

3597 430 2427 112 desen dan alleen tot advijs alt dat heden ul toe seynde p bode jug. van ardenbergh een

3609 493 2430 151 dobbel paccketten daer mede te volgen d'ord. van m ant Rosseau van Brussel p naerdaghseen

3617 597 528 100 bode volgen meirdere

5484 650 193 113 C 10 d.

3478 673 678 160 Brugge Hr. Raphael Coots

3641 745 2372 148 8 deser hebbe aen ul large ges., waer aen mij refereere, dogh soo ul ten arrivem dan te larck

3594 878 2420 141 coste niet soude wesen, soo soude ongeraeden vinden yetts over de bewnste aftaiaens te resigeeren

3601 983 2445 117 lieven alles ten volen aengeeven, want icq met geerne in de lits geraeckn a gad. t' seder ul

3598 1064 2457 130 aenge van 8 deser ontf., ick vreese ul met de reeq over 't clavenlaet te langhe sal getardeent

3608 1168 2432 105 hebben & dan Ewinex tot lyon al sal sije gearriveert, voor dat ick mijn bij daer can besorgen

3602 1255 2389 103 t gene de vrinden wel preiud. moghte doen. geerne verstaen dan ul alle mogelijck devoir

3597 1355 2444 124 sal doen om ons dinst te doen in de gestolen canten, maer het staet mij weijnigh aen dat ul soo kleijne

3585 1460 2444 95 hoope geefte, icq verlanghde seer naer ul brief, meijnende met den selven het arrivement

3603 1498 2426 169 van klanck ofte PBndar te vernemen de welcke meet desen oosten nint sullen tardeeren in geval

3606 1594 1564 155 voor nu niet gearriveert sijn wat past verneme geerne

5490 1645 242 147 enden

3466 1687 1074 157 wertmuysten mr. Philip vander Bught

3594 1814 2426 110 In antw. aen den ul van 8 deser seynde hier igeslooten ul reeq van het goet aen ul

3603 1933 2410 105 op s deser vercoght, 't welck niet en wijffele oft ul sal het selve soo bevinden, bedraeght neee

3598 2029 2422 89 1200- wat wegens de sergies drape is daer gets bij dat niet leverbaer is gelieft dat

3602 2086 2407 112 wederom te seynden, & icq sal ul ander in erlaets sejnden, om de bij in staedt te laeten

3592 2160 2416 149 alsoo icq voor geen 15- 3 drappeen leeveren can & de sleghtte meet vercoope sal als

3598 2277 2392 96 ul voor de beste geeft wegens het stuexken sijn laken dat is mij een beeter prijs als ul meijnt

3578 2357 2392 134 & een sasardt, daer beneffens schoon van coleur want dat gecireert met een goude oft

3582 2446 2386 109 silvere enop hier al de mode is, soo en berieff ul dat niet weder te seynden, marer

3598 2558 2401 149 belieft ul nogh een ofte 2 van anders coleur d'epinen om fortiment te hebben scq

3580 2645 2407 118 sal ul wel dienen, want het is nu vrede 6 verhope ul veel sal te doen hebben

3472 2725 853 165 Brussel mr Jean Francois Baudier

5486 2775 209 101 a10 d.

3593 2860 2413 117 In antwoort aen den ul van 6 deser ben verwondert dat mr Jacobt ul voor soo gleijne somme

3590 2937 2392 120 ujtstelt, evenwel hope dat ul daer van voldaen is. in gesloten een bewijs van

3588 3056 2447 111 300- te ontff van de wed. Henrij sereelaen, woort costi naest de stadts waegen 3 d weerde

3591 3130 2419 85 is daer gerert, welcq gelieft in te voordenen, & mij adviseeren sijnde daer beneffens  valsche

3584 3194 2398 136 patt. met t hellantsche Croone de welcke sij aen mij diest gesonden 25 jan. lest voor reeq

3601 3258 2434 164 van m. van then den welcken seght als dat dat gelt ontfr is van ants winnen, & dat

3578 3393 2434 124 sij daer voor 1 patt. ofte weerde goet gelt gelieft te geeven, d winnen sal aenstaende

3577 3482 749 128 maendagh bij daer wesen

5520 3569 226 104 C 10 d

3480 3567 752 152 Brussel mr. Joseph Sabberton

3877 3665 52 57 7

3585 3635 2434 165 on the 6 cur. have wrott you att large, on which I wender to have no answer principally

3578 3760 2407 129 the seercloth of which I want some elles, pay faile not to send nece 6 or 8 elles to

3587 3841 2429 123 marrow, for I must have itt, as also the broad laces: & yd advise of the rest, because

3575 3937 2414 156 I am some what in haste for an assortiment of lace, Pray lett my payment give

3566 4038 2380 152 you no distaste rather draw the valew att siche cas a mee of what is due
