8016 4601
528 155 182 96 d

2127 171 923 123 In Antwerp 18 feb 1681

518 185 892 134 N1enwpoort michicl vallego

810 300 2272 122 gisteren heb aen ul gesonden p bode het paxken N.11 omt selve te

839 346 2305 143 expedieren als de voorgaende: sedert den ul aengenamen van i8 des

821 427 2329 133 wel ontfangen, waer door geirne verstaen dat N. 8:9 210 us wel sijn

832 483 2285 164 geworden, hope vervolgens mr. Abram vivians in london sullen

782 577 2326 146 wel ter handt komen N7 is ul niet toegesonden maer een ander cour

830 652 2183 178 gegeven wat wegens de voorgaende passent verneme geirne

2144 728 951 191 In Antwerpen 19 feb 1681

529 738 843 187 fnicolus John Button

817 841 2333 153 mons. over eenigh dagen heb aen ul gescreven rakende de mee bale die

813 918 2335 166 ul noch onverkoght heeft hier liggen, dat de selve tot 13ƒ a ƒ4 sonde

809 1045 2348 132 konnen verkoopen mits daer voor te laten verdienen niet verfloon

819 1135 2328 130 en ul heeft daer niet op geantwoort daer over mij verwondere, want de lieden

818 1189 2323 135 en willen nmet lanverwaghten, voorders kan ul eanige monsters seiynde

819 1288 2294 172 van goede crappen en on beroofde, ick sal de selve seer wel konnen

820 1365 2158 144 verkoopen waernae gelieft te reguleeren terwijlen blijve

555 1459 1026 184 Brussel Anna marce de dr

2188 1460 794 200 In Antweren 17 eb

808 1557 2335 176 J desen all een tot advies als dat heden aen ul toesende p voermn

811 1726 2338 107 een paxken gemerckt op 2 BM om selve voorts te bestellen op Bergen

798 1771 2132 151 henegen aen Jan B. Masson stellende den onkost op sijn Rok

2206 1835 890 162 In Antwerpen 20 ferbi

537 1831 908 160 Leuven Joan De Goeder

770 1953 2311 117 S in antwoort vanden ul van 17 deser heeft den bode storeels mij de

790 2019 2312 150 so 27:19 gebroght volgens op de Rebt gestelt ul vraght volle quitantie

800 2085 2287 137 vande selve facture maer ul moet mij dan de perticulier quitan

794 2169 2290 126 te rugge sende ul kande selve beneffens de facture in een brief sond

797 2236 2273 134 & ick sal ul dat dan in forma wederont senden, rakende ul stael

790 2316 2300 186 soo danigh lakens hebbe geen maer salder de naeste weeke bekomen

807 2389 1943 161 en ul dan vande nieuste staelen senden terwijlen blijve

2237 2431 831 171 In Antwerpen 2 of o6

481 2492 941 150 Leyden Adram scollaert

786 2537 2264 143 mijnen leeften is noch bij ul on beantwoort is desen dan alleen tot

790 2629 2325 135 advies als dat voor ul laken N. 539 de dammes geboden wort ƒ4 p a contant

777 2738 2316 117 den vrint daertoe niet hoogh kan bewilling oversulx gelieft niet nae

783 2799 2237 172 te laten mij te adviseeren ul reselutie deswegens als mede oft met

776 2888 2332 149 oonen water eenighe nieuwe modecoll lakens sult senden waermedeblij

2208 2947 887 156 In Antwerpen 21 feb 1681

520 2974 949 173 Mons Jan B masson

788 3032 2142 174 mons celleay neservira que pour vous adviseer que p' ordre de mons

2998 3082 77 130 9

796 3195 2290 87 veraghteren ie vous ey envoyez un pacquette IDM p la voyez demad

789 3228 2291 141 deros de Brussell contenant un drap de mons. Du mont & un bay

2663 3325 272 127 ƒ26:-

787 3332 1116 115 manchester de lesmienes de

777 3417 2246 134 pour des frais depaeter tolles & voitures a charrot „ -:15-

1788 3480 1195 145 de moy pourre compte . ƒ26:15-

764 3504 2291 169 comme te temp de caresme est commence, nous attendons deiours

780 3618 2243 114 a aultre les novelles marchandisse tellement si vre grace att

765 3722 2292 144 besoing quelque chase vous me trouvercy bien pour veujquis que

753 3779 626 141 Je suis

2234 3827 104 110 2

3312 179 774 142 London Wisl. scawen

5013 233 913 98 In Antwarp 22 fob 1681 22

4555 233 133 90 th

3586 295 2332 102 S my last to you was on the 18: curitt then omitted to in gure, when the bed

3563 353 2323 96 tykes arelanded in london, whither they beopened att the cattome house or no

3584 390 2340 119 because I have some thoughts that wee could send laces within the tykes

3599 499 2281 99 where fore in case there no danger there in shall follow yd advise & keep

3580 510 2356 160 some goods by mee for that purpose: within fowdayes shall send you

3561 622 2382 140 the casculation of what I supost to want by next east india sale because

3575 709 2195 129 by that time I hope to disposse of a good parlell yett & so remaine

5038 743 847 167 In Antwerp 22 feb 81

3244 735 671 180 London John Loyd

3556 818 2361 183 S onthe 4: of I anu. last was to you my last, sence non from you, this

3585 885 2343 143 onely to advise you, that because of the hard frost, sence our peoble att

3583 987 2210 148 gent have been very neyligent, or rather could not sa well proceed in

3529 1037 2380 140 makeing the in ordered legaturen as well I could have wished, whoever with

3573 1117 2293 149 this present milde wheatter they promise mee to finish them speedly

3583 1224 2323 127 of which I hope to sende you an acctt. pr first: intrim I hope you have recd.

3569 1282 2323 137 the tijkes bij Adriaen clock & that you forimd them, as also disposed of

3581 1367 2258 130 the same to content: as I wrott you last have now & then pickt up a

3559 1459 2293 145 parcell of tykes, butt the winter season beeng over wee forind last

3572 1530 2350 137 markett day butt few to be sold & within a week or too will be scurey agan

3561 1601 2357 171 so that in case your order should then come, I should not be able to compleat

3573 1694 2329 152 itt in a litthe while, where as now I have yett some by mee though most

3568 1772 2338 145 part disposed off yett for a houndred peees could serve you which if you please

3552 1881 2358 135 shall be sent you as cheap as possible they are to be hadd nay cheaper then any

3546 1928 2368 161 other intowne could now provide them & pure good of which exspect yd

3552 2033 704 117 advises remaine

4911 2043 918 169 In Antwarp 22 feb 1681

3265 2094 882 119 London Abram vivian

4470 2145 93 87 th

3575 2139 2335 157 S hij last to you was on the 15: curitt to which referre you sence recd yd of 9 d itt

3559 2252 2302 115 where by take notice that the bales N. 25 „ 26„ 29 „ 30 be shipt att hull butt

3560 2282 2353 173 you may name not the mr. Isupose tis John nelson & you may not neglect

3556 2390 2245 140 to gett the other 3 aboard the same for I want bayes & the others goods

3552 2435 2355 156 inclosed you have an accompt of charges on 20 bales recd. sence 12 august

3555 2537 2356 132 in which yd ½ is ƒ1072„6½ are £178„14:4½ for which please to meeke yd

3537 2621 2370 116 acctt. debt. & ore. for yd  of each month sale accordingly you will finde

3546 2706 2356 128 onder each month noted itt beeng to aggree with my bookes: you have also

3541 2763 2376 126 under the acctt. of charges a caloulation how the trade renders the reffing

3545 2851 2344 145 goods beeng rekoned as they cost first pennij which are sold sence except

3543 2936 2341 156 13 cloathes: now have ordered the 3 bales N.21122 s to be send up from

3535 3046 2376 131 bruges, where they have been detained becaused of the frost & they will

3536 3118 2373 146 give mee some suply till the goods aboard nelson be arrived which I pray

3482 3200 2407 160 god may suceed pr. first you may observe that kersies & bayes do not so

3504 3304 2316 140 well render as clothes, whoever wee must make itt generall & our

3541 3358 2343 151 eu stomes beeng so much diminished will make us gaine more I hope

3543 3455 2315 155 you shall understand my manner of mazeing accompts of sale

3522 3542 2381 167 & charges & approve of them, as also finde riyh to content, of which

3541 3595 2310 150 shall be glad to have yd advise whilst by the by desire you to accquant no

3523 3672 2364 156 bodd y whoe soever of what wee do, or of acctt & keep all thinghs chose private

3538 3803 2340 138 in closed as so the acctt. of the last packett N.12 which beeng much longer

3522 3875 2320 165 then ordinary is ordered to be sent by vessel from Bruges except you did

3526 3931 2275 174 contramand itt I am gladd you have all recd except N8 which by this

3523 4044 2370 119 time can be with you as asso N.10 they are all don up in one the same

4556 4119 59 62 d

3529 4158 2370 119 manner butt itt will be fore yd advantidge to open euch parcell, or each

3513 4239 2374 127 p of lace & shew the whole peece att leasstor 3 yd fars, because then itt will

3525 4315 2348 109 make a greated shew then so narrowly foulded up on the blew paper thought
