<?xml version="1.0" encoding="UTF-8"?>
<alto xmlns:xsi="http://www.w3.org/2001/XMLSchema-instance"
      xmlns="http://www.loc.gov/standards/alto/ns-v4#"
      xmlns:page="http://schema.primaresearch.org/PAGE/gts/pagecontent/2013-07-15"
      xsi:schemaLocation="http://www.loc.gov/standards/alto/ns-v4# https://www.loc.gov/standards/alto/v4/alto.xsd">
   <Description>
      <MeasurementUnit>pixel</MeasurementUnit>
      <OCRProcessing ID="IdOcr">
         <ocrProcessingStep>
            <processingDateTime>2022-02-04T12:07:59.055+01:00</processingDateTime>
            <processingSoftware>
               <softwareCreator>READ COOP</softwareCreator>
               <softwareName>Transkribus</softwareName>
            </processingSoftware>
         </ocrProcessingStep>
      </OCRProcessing>
   </Description>
   <Layout>
      <Page ID="Page1" PHYSICAL_IMG_NR="1" HEIGHT="4601" WIDTH="8522">
         <TopMargin HEIGHT="0" WIDTH="8522" VPOS="0" HPOS="0"/>
         <LeftMargin HEIGHT="4601" WIDTH="0" VPOS="0" HPOS="0"/>
         <RightMargin HEIGHT="4601" WIDTH="0" VPOS="0" HPOS="8522"/>
         <BottomMargin HEIGHT="0" WIDTH="8522" VPOS="4601" HPOS="0"/>
         <PrintSpace HEIGHT="4601" WIDTH="8522" VPOS="0" HPOS="0">
            <TextBlock ID="region_1638958626093_6157"
                       HEIGHT="4260"
                       WIDTH="2606"
                       VPOS="168"
                       HPOS="829">
               <Shape>
                  <Polygon POINTS="829,168 3435,168 3435,4428 829,4428"/>
               </Shape>
               <TextLine ID="region_1638958626093_6157l1"
                         BASELINE="2450,270 2486,269 2522,268 2558,266 2594,266 2630,264 2666,264 2702,262 2738,262 2774,262 2810,260 2846,260 2882,260 2918,258 2954,258 2990,258 3026,257 3062,256 3098,256 3134,255 3170,254"
                         HEIGHT="146"
                         WIDTH="754"
                         VPOS="190"
                         HPOS="2434">
                  <String ID="string_region_1638958626093_6157l1"
                          HEIGHT="146"
                          WIDTH="754"
                          VPOS="190"
                          HPOS="2434"
                          CONTENT="Atw: 5 July 16812"/>
               </TextLine>
               <TextLine ID="region_1638958626093_6157l2"
                         BASELINE="894,330 932,324 971,320 1010,314 1049,310 1088,306 1126,303 1165,300 1204,297 1243,294 1282,292 1320,291 1359,289 1398,288 1437,287 1476,286 1514,286 1553,284 1592,284 1631,282 1670,282"
                         HEIGHT="175"
                         WIDTH="814"
                         VPOS="209"
                         HPOS="874">
                  <String ID="string_region_1638958626093_6157l2"
                          HEIGHT="175"
                          WIDTH="814"
                          VPOS="209"
                          HPOS="874"
                          CONTENT="BrrusselumaPeeter"/>
               </TextLine>
               <TextLine ID="region_1638958626093_6157l3"
                         BASELINE="1164,414 1274,410 1384,408 1495,406 1605,404 1716,404 1826,405 1936,406 2047,408 2157,410 2268,412 2378,414 2488,414 2599,416 2709,418 2820,418 2930,418 3040,418 3151,416 3261,412 3372,408"
                         HEIGHT="114"
                         WIDTH="2240"
                         VPOS="337"
                         HPOS="1149">
                  <String ID="string_region_1638958626093_6157l3"
                          HEIGHT="114"
                          WIDTH="2240"
                          VPOS="337"
                          HPOS="1149"
                          CONTENT="iin antw: aenden ue van gesten sal ue ordre voldoen in het sulle"/>
               </TextLine>
               <TextLine ID="region_1638958626093_6157l4"
                         BASELINE="1180,496 1288,494 1396,492 1504,492 1613,492 1721,492 1829,492 1938,492 2046,492 2154,492 2263,494 2371,494 2479,494 2587,494 2696,494 2804,492 2912,490 3021,488 3129,485 3237,482 3346,476"
                         HEIGHT="96"
                         WIDTH="2197"
                         VPOS="435"
                         HPOS="1165">
                  <String ID="string_region_1638958626093_6157l4"
                          HEIGHT="96"
                          WIDTH="2197"
                          VPOS="435"
                          HPOS="1165"
                          CONTENT="tehoude, als ie van de pandinge desponeert getrest den"/>
               </TextLine>
               <TextLine ID="region_1638958626093_6157l5"
                         BASELINE="1138,588 1251,584 1364,579 1477,576 1590,574 1704,572 1817,572 1930,572 2043,572 2156,572 2270,572 2383,574 2496,574 2609,574 2722,574 2836,574 2949,572 3062,570 3175,566 3288,561 3402,556"
                         HEIGHT="122"
                         WIDTH="2293"
                         VPOS="504"
                         HPOS="1123">
                  <String ID="string_region_1638958626093_6157l5"
                          HEIGHT="122"
                          WIDTH="2293"
                          VPOS="504"
                          HPOS="1123"
                          CONTENT="d'ordre van fenen mandere inde stesenden, tert wae ul noch"/>
               </TextLine>
               <TextLine ID="region_1638958626093_6157l6"
                         BASELINE="1198,674 1308,669 1418,666 1528,662 1638,660 1749,658 1859,658 1969,656 2079,656 2189,656 2300,656 2410,654 2520,654 2630,654 2740,652 2851,650 2961,648 3071,646 3181,642 3291,638 3402,632"
                         HEIGHT="154"
                         WIDTH="2237"
                         VPOS="565"
                         HPOS="1181">
                  <String ID="string_region_1638958626093_6157l6"
                          HEIGHT="154"
                          WIDTH="2237"
                          VPOS="565"
                          HPOS="1181"
                          CONTENT="14 dagen geliefe te werght, als vormeer selfs hop tot Brussel"/>
               </TextLine>
               <TextLine ID="region_1638958626093_6157l7"
                         BASELINE="1140,774 1253,770 1367,766 1481,762 1594,760 1708,757 1822,755 1935,752 2049,751 2163,750 2277,748 2390,746 2504,744 2618,742 2731,739 2845,736 2959,732 3072,729 3186,724 3300,720 3414,714"
                         HEIGHT="160"
                         WIDTH="2306"
                         VPOS="638"
                         HPOS="1124">
                  <String ID="string_region_1638958626093_6157l7"
                          HEIGHT="160"
                          WIDTH="2306"
                          VPOS="638"
                          HPOS="1124"
                          CONTENT="te sijn, en dan konde ick het aen ue oft ud nanere tellen"/>
               </TextLine>
               <TextLine ID="region_1638958626093_6157l8"
                         BASELINE="1158,858 1270,856 1382,852 1494,850 1606,848 1719,845 1831,842 1943,841 2055,839 2167,836 2280,835 2392,833 2504,830 2616,829 2728,828 2841,826 2953,824 3065,822 3177,820 3289,817 3402,814"
                         HEIGHT="151"
                         WIDTH="2278"
                         VPOS="729"
                         HPOS="1141">
                  <String ID="string_region_1638958626093_6157l8"
                          HEIGHT="151"
                          WIDTH="2278"
                          VPOS="729"
                          HPOS="1141"
                          CONTENT="a govemo in gesloten sijnde 3 stalen ne lakens ick res"/>
               </TextLine>
               <TextLine ID="region_1638958626093_6157l9"
                         BASELINE="1150,950 1261,947 1372,944 1483,942 1594,939 1705,936 1816,934 1927,930 2038,928 2149,926 2260,922 2371,920 2482,918 2593,915 2704,912 2815,910 2926,908 3037,905 3148,902 3259,900 3370,898"
                         HEIGHT="198"
                         WIDTH="2254"
                         VPOS="818"
                         HPOS="1132">
                  <String ID="string_region_1638958626093_6157l9"
                          HEIGHT="198"
                          WIDTH="2254"
                          VPOS="818"
                          HPOS="1132"
                          CONTENT="den het vierde dat ick verkoght heb wee moeght laeden"/>
               </TextLine>
               <TextLine ID="region_1638958626093_6157l10"
                         BASELINE="1170,1032 1265,1032 1361,1032 1457,1030 1553,1030 1649,1028 1745,1028 1841,1026 1937,1024 2033,1022 2129,1020 2224,1018 2320,1016 2416,1012 2512,1010 2608,1008 2704,1004 2800,1002 2896,1000 2992,997 3088,994"
                         HEIGHT="176"
                         WIDTH="1951"
                         VPOS="913"
                         HPOS="1153">
                  <String ID="string_region_1638958626093_6157l10"
                          HEIGHT="176"
                          WIDTH="1951"
                          VPOS="913"
                          HPOS="1153"
                          CONTENT="komen alsoo den vant soglt daer farten in sijn"/>
               </TextLine>
               <TextLine ID="region_1638958626093_6157l11"
                         BASELINE="1158,1144 1265,1138 1373,1133 1480,1128 1588,1124 1696,1121 1803,1116 1911,1114 2018,1111 2126,1108 2234,1106 2341,1104 2449,1102 2556,1100 2664,1098 2772,1096 2879,1092 2987,1090 3094,1088 3202,1084 3310,1082"
                         HEIGHT="160"
                         WIDTH="2182"
                         VPOS="1005"
                         HPOS="1142">
                  <String ID="string_region_1638958626093_6157l11"
                          HEIGHT="160"
                          WIDTH="2182"
                          VPOS="1005"
                          HPOS="1142"
                          CONTENT="ick sul ble lakens nnde hoen verkoopenvrdise"/>
               </TextLine>
               <TextLine ID="region_1638958626093_6157l12"
                         BASELINE="1182,1232 1293,1226 1404,1222 1515,1218 1626,1214 1737,1210 1848,1207 1959,1204 2070,1200 2181,1198 2293,1194 2404,1192 2515,1188 2626,1186 2737,1183 2848,1180 2959,1177 3070,1174 3181,1170 3292,1166 3404,1164"
                         HEIGHT="189"
                         WIDTH="2256"
                         VPOS="1077"
                         HPOS="1164">
                  <String ID="string_region_1638958626093_6157l12"
                          HEIGHT="189"
                          WIDTH="2256"
                          VPOS="1077"
                          HPOS="1164"
                          CONTENT="mede brenge. de laken tot londen sijn aenlangherge"/>
               </TextLine>
               <TextLine ID="region_1638958626093_6157l13"
                         BASELINE="2760,1282 2785,1282 2810,1280 2836,1280 2861,1280 2887,1280 2912,1278 2937,1278 2963,1278 2988,1278 3014,1276 3039,1276 3064,1274 3090,1273 3115,1272 3141,1270 3166,1270 3191,1267 3217,1265 3242,1262 3268,1262"
                         HEIGHT="155"
                         WIDTH="544"
                         VPOS="1178"
                         HPOS="2742">
                  <String ID="string_region_1638958626093_6157l13"
                          HEIGHT="155"
                          WIDTH="544"
                          VPOS="1178"
                          HPOS="2742"
                          CONTENT="6 July 1682"/>
               </TextLine>
               <TextLine ID="region_1638958626093_6157l14"
                         BASELINE="878,1344 939,1336 1001,1330 1062,1326 1124,1320 1186,1317 1247,1314 1309,1310 1370,1308 1432,1306 1494,1304 1555,1302 1617,1300 1678,1299 1740,1298 1802,1296 1863,1294 1925,1292 1986,1288 2048,1286 2110,1282"
                         HEIGHT="169"
                         WIDTH="1265"
                         VPOS="1216"
                         HPOS="861">
                  <String ID="string_region_1638958626093_6157l14"
                          HEIGHT="169"
                          WIDTH="1265"
                          VPOS="1216"
                          HPOS="861"
                          CONTENT="Men vpan Michel de allego"/>
               </TextLine>
               <TextLine ID="region_1638958626093_6157l15"
                         BASELINE="1154,1428 1263,1417 1372,1410 1481,1402 1591,1396 1700,1390 1809,1386 1919,1382 2028,1380 2137,1378 2247,1375 2356,1374 2465,1372 2574,1370 2684,1368 2793,1366 2902,1364 3012,1362 3121,1359 3230,1356 3340,1352"
                         HEIGHT="168"
                         WIDTH="2220"
                         VPOS="1276"
                         HPOS="1137">
                  <String ID="string_region_1638958626093_6157l15"
                          HEIGHT="168"
                          WIDTH="2220"
                          VPOS="1276"
                          HPOS="1137"
                          CONTENT="3deser wasaen ul mijnen lesten sedort geene van ul"/>
               </TextLine>
               <TextLine ID="region_1638958626093_6157l16"
                         BASELINE="1166,1522 1277,1514 1389,1507 1501,1501 1612,1494 1724,1490 1836,1485 1947,1480 2059,1478 2171,1474 2283,1471 2394,1468 2506,1465 2618,1462 2729,1460 2841,1457 2953,1454 3064,1450 3176,1446 3288,1442 3400,1438"
                         HEIGHT="160"
                         WIDTH="2270"
                         VPOS="1365"
                         HPOS="1147">
                  <String ID="string_region_1638958626093_6157l16"
                          HEIGHT="160"
                          WIDTH="2270"
                          VPOS="1365"
                          HPOS="1147"
                          CONTENT="dich alleen tot advies vant medegaende packett"/>
               </TextLine>
               <TextLine ID="region_1638958626093_6157l17"
                         BASELINE="1162,1628 1272,1616 1382,1607 1492,1599 1602,1591 1713,1586 1823,1579 1933,1574 2043,1570 2153,1566 2264,1563 2374,1560 2484,1556 2594,1554 2704,1550 2815,1546 2925,1542 3035,1539 3145,1535 3255,1529 3366,1524"
                         HEIGHT="226"
                         WIDTH="2240"
                         VPOS="1449"
                         HPOS="1142">
                  <String ID="string_region_1638958626093_6157l17"
                          HEIGHT="226"
                          WIDTH="2240"
                          VPOS="1449"
                          HPOS="1142"
                          CONTENT="AMMN 9 dwelk naerondf op dovres en londen"/>
               </TextLine>
               <TextLine ID="region_1638958626093_6157l18"
                         BASELINE="1176,1718 1285,1706 1394,1697 1503,1690 1612,1683 1721,1677 1830,1672 1939,1668 2048,1664 2157,1661 2267,1658 2376,1656 2485,1652 2594,1650 2703,1648 2812,1645 2921,1642 3030,1638 3139,1634 3248,1628 3358,1622"
                         HEIGHT="215"
                         WIDTH="2214"
                         VPOS="1545"
                         HPOS="1159">
                  <String ID="string_region_1638958626093_6157l18"
                          HEIGHT="215"
                          WIDTH="2214"
                          VPOS="1545"
                          HPOS="1159"
                          CONTENT="gelieft twexpedieren aen mond. abrances van"/>
               </TextLine>
               <TextLine ID="region_1638958626093_6157l19"
                         BASELINE="1112,1826 1191,1817 1271,1808 1351,1799 1431,1793 1511,1786 1591,1781 1671,1775 1751,1770 1831,1767 1911,1763 1990,1760 2070,1758 2150,1754 2230,1751 2310,1748 2390,1746 2470,1742 2550,1739 2630,1736 2710,1732"
                         HEIGHT="201"
                         WIDTH="1632"
                         VPOS="1668"
                         HPOS="1094">
                  <String ID="string_region_1638958626093_6157l19"
                          HEIGHT="201"
                          WIDTH="1632"
                          VPOS="1668"
                          HPOS="1094"
                          CONTENT=" pert betalende &amp; sull or hun is"/>
               </TextLine>
               <TextLine ID="region_1638958626093_6157l20"
                         BASELINE="2420,1848 2450,1846 2480,1846 2510,1844 2540,1844 2570,1843 2600,1841 2630,1840 2660,1839 2690,1838 2721,1838 2751,1836 2781,1835 2811,1834 2841,1834 2871,1832 2901,1832 2931,1832 2961,1830 2991,1830 3022,1830"
                         HEIGHT="142"
                         WIDTH="636"
                         VPOS="1726"
                         HPOS="2402">
                  <String ID="string_region_1638958626093_6157l20"
                          HEIGHT="142"
                          WIDTH="636"
                          VPOS="1726"
                          HPOS="2402"
                          CONTENT="6 puii 1682"/>
               </TextLine>
               <TextLine ID="region_1638958626093_6157l21"
                         BASELINE="882,1926 918,1928 955,1928 992,1927 1028,1926 1065,1925 1102,1922 1138,1921 1175,1918 1212,1915 1249,1913 1285,1910 1322,1906 1359,1904 1395,1900 1432,1898 1469,1895 1505,1892 1542,1890 1579,1888 1616,1888"
                         HEIGHT="189"
                         WIDTH="770"
                         VPOS="1785"
                         HPOS="862">
                  <String ID="string_region_1638958626093_6157l21"
                          HEIGHT="189"
                          WIDTH="770"
                          VPOS="1785"
                          HPOS="862"
                          CONTENT="Amst De hulter"/>
               </TextLine>
               <TextLine ID="region_1638958626093_6157l22"
                         BASELINE="1166,2034 1279,2026 1392,2018 1505,2010 1618,2003 1732,1998 1845,1994 1958,1989 2071,1985 2184,1982 2298,1978 2411,1974 2524,1972 2637,1968 2750,1964 2864,1960 2977,1954 3090,1948 3203,1942 3316,1936 3430,1926"
                         HEIGHT="273"
                         WIDTH="2296"
                         VPOS="1810"
                         HPOS="1150">
                  <String ID="string_region_1638958626093_6157l22"
                          HEIGHT="273"
                          WIDTH="2296"
                          VPOS="1810"
                          HPOS="1150"
                          CONTENT="volgens 29 passerto rekeb gesherhad niet getuyee"/>
               </TextLine>
               <TextLine ID="region_1638958626093_6157l23"
                         BASELINE="1148,2130 1260,2119 1373,2110 1485,2103 1598,2096 1711,2090 1823,2086 1936,2082 2048,2078 2161,2074 2274,2072 2386,2068 2499,2064 2611,2062 2724,2058 2837,2053 2949,2048 3062,2043 3174,2036 3287,2028 3400,2020"
                         HEIGHT="206"
                         WIDTH="2286"
                         VPOS="1953"
                         HPOS="1131">
                  <String ID="string_region_1638958626093_6157l23"
                          HEIGHT="206"
                          WIDTH="2286"
                          VPOS="1953"
                          HPOS="1131"
                          CONTENT="oft sond voor j ul hebben geremitteert, daeich door"/>
               </TextLine>
               <TextLine ID="region_1638958626093_6157l24"
                         BASELINE="1166,2210 1275,2202 1384,2194 1494,2189 1603,2183 1713,2178 1822,2174 1931,2170 2041,2167 2150,2164 2260,2160 2369,2158 2478,2154 2588,2152 2697,2148 2807,2144 2916,2140 3025,2134 3135,2130 3244,2124 3354,2116"
                         HEIGHT="183"
                         WIDTH="2221"
                         VPOS="2038"
                         HPOS="1148">
                  <String ID="string_region_1638958626093_6157l24"
                          HEIGHT="183"
                          WIDTH="2221"
                          VPOS="2038"
                          HPOS="1148"
                          CONTENT="forte van occase ir geobnatteen aertes "/>
               </TextLine>
               <TextLine ID="region_1638958626093_6157l25"
                         BASELINE="1130,2296 1242,2285 1354,2276 1466,2269 1578,2262 1691,2255 1803,2250 1915,2246 2027,2243 2139,2240 2252,2238 2364,2236 2476,2234 2588,2232 2700,2230 2813,2229 2925,2228 3037,2226 3149,2223 3261,2220 3374,2218"
                         HEIGHT="179"
                         WIDTH="2275"
                         VPOS="2132"
                         HPOS="1114">
                  <String ID="string_region_1638958626093_6157l25"
                          HEIGHT="179"
                          WIDTH="2275"
                          VPOS="2132"
                          HPOS="1114"
                          CONTENT="so bevall mij de 2 balen soria e godiana ende"/>
               </TextLine>
               <TextLine ID="region_1638958626093_6157l26"
                         BASELINE="1138,2378 1249,2370 1360,2364 1471,2358 1582,2351 1694,2347 1805,2342 1916,2338 2027,2336 2138,2332 2250,2328 2361,2326 2472,2322 2583,2318 2694,2315 2806,2310 2917,2306 3028,2302 3139,2295 3250,2290 3362,2282"
                         HEIGHT="180"
                         WIDTH="2256"
                         VPOS="2224"
                         HPOS="1121">
                  <String ID="string_region_1638958626093_6157l26"
                          HEIGHT="180"
                          WIDTH="2256"
                          VPOS="2224"
                          HPOS="1121"
                          CONTENT="eerkheden sullen die hede wassen en bij aldien die"/>
               </TextLine>
               <TextLine ID="region_1638958626093_6157l27"
                         BASELINE="1168,2458 1277,2451 1387,2444 1497,2439 1606,2434 1716,2428 1826,2425 1935,2421 2045,2418 2155,2414 2265,2410 2374,2406 2484,2404 2594,2399 2703,2396 2813,2390 2923,2386 3032,2381 3142,2375 3252,2369 3362,2360"
                         HEIGHT="168"
                         WIDTH="2225"
                         VPOS="2301"
                         HPOS="1150">
                  <String ID="string_region_1638958626093_6157l27"
                          HEIGHT="168"
                          WIDTH="2225"
                          VPOS="2301"
                          HPOS="1150"
                          CONTENT="v gellijk die vervaght sadeewel 6 balij"/>
               </TextLine>
               <TextLine ID="region_1638958626093_6157l28"
                         BASELINE="1164,2546 1273,2537 1383,2529 1493,2522 1602,2518 1712,2513 1822,2509 1931,2506 2041,2502 2151,2499 2261,2496 2370,2494 2480,2490 2590,2488 2699,2484 2809,2480 2919,2474 3028,2468 3138,2461 3248,2452 3358,2442"
                         HEIGHT="200"
                         WIDTH="2228"
                         VPOS="2357"
                         HPOS="1145">
                  <String ID="string_region_1638958626093_6157l28"
                          HEIGHT="200"
                          WIDTH="2228"
                          VPOS="2357"
                          HPOS="1145"
                          CONTENT="gegeiren soo gelieft sontvael in bispackt "/>
               </TextLine>
               <TextLine ID="region_1638958626093_6157l29"
                         BASELINE="1182,2628 1285,2624 1388,2620 1491,2614 1594,2609 1697,2606 1800,2600 1903,2596 2006,2592 2109,2588 2213,2583 2316,2580 2419,2576 2522,2573 2625,2570 2728,2568 2831,2566 2934,2564 3037,2564 3140,2564 3244,2564"
                         HEIGHT="158"
                         WIDTH="2095"
                         VPOS="2496"
                         HPOS="1165">
                  <String ID="string_region_1638958626093_6157l29"
                          HEIGHT="158"
                          WIDTH="2095"
                          VPOS="2496"
                          HPOS="1165"
                          CONTENT="ynden 2ennaeste post dagh alto arrijver ul het"/>
               </TextLine>
               <TextLine ID="region_1638958626093_6157l30"
                         BASELINE="1158,2712 1251,2708 1344,2706 1437,2702 1531,2700 1624,2698 1717,2694 1811,2692 1904,2689 1997,2686 2091,2682 2184,2678 2277,2675 2370,2671 2464,2667 2557,2662 2650,2658 2744,2654 2837,2647 2930,2641 3024,2636"
                         HEIGHT="151"
                         WIDTH="1898"
                         VPOS="2588"
                         HPOS="1141">
                  <String ID="string_region_1638958626093_6157l30"
                          HEIGHT="151"
                          WIDTH="1898"
                          VPOS="2588"
                          HPOS="1141"
                          CONTENT="noodich daer overbroeder sal lanen wet"/>
               </TextLine>
               <TextLine ID="region_1638958626093_6157l31"
                         BASELINE="2662,2748 2687,2746 2713,2743 2738,2742 2764,2740 2789,2738 2815,2736 2840,2736 2866,2735 2892,2733 2917,2732 2943,2732 2968,2732 2994,2732 3019,2732 3045,2732 3070,2733 3096,2734 3122,2736"
                         HEIGHT="148"
                         WIDTH="494"
                         VPOS="2638"
                         HPOS="2644">
                  <String ID="string_region_1638958626093_6157l31"
                          HEIGHT="148"
                          WIDTH="494"
                          VPOS="2638"
                          HPOS="2644"
                          CONTENT="7 sullet 1682"/>
               </TextLine>
               <TextLine ID="region_1638958626093_6157l32"
                         BASELINE="928,2808 972,2804 1016,2802 1060,2798 1104,2796 1148,2796 1192,2794 1236,2793 1280,2792 1324,2791 1368,2790 1412,2790 1456,2788 1500,2788 1544,2786 1588,2784 1632,2782 1676,2780 1720,2777 1764,2774 1808,2770"
                         HEIGHT="161"
                         WIDTH="915"
                         VPOS="2693"
                         HPOS="909">
                  <String ID="string_region_1638958626093_6157l32"
                          HEIGHT="161"
                          WIDTH="915"
                          VPOS="2693"
                          HPOS="909"
                          CONTENT="Mons. Alexander De Brosen"/>
               </TextLine>
               <TextLine ID="region_1638958626093_6157l33"
                         BASELINE="1156,2892 1264,2888 1373,2886 1481,2882 1590,2880 1699,2876 1807,2874 1916,2870 2024,2868 2133,2864 2242,2862 2350,2858 2459,2856 2567,2852 2676,2850 2785,2847 2893,2844 3002,2842 3110,2840 3219,2838 3328,2834"
                         HEIGHT="159"
                         WIDTH="2204"
                         VPOS="2735"
                         HPOS="1140">
                  <String ID="string_region_1638958626093_6157l33"
                          HEIGHT="159"
                          WIDTH="2204"
                          VPOS="2735"
                          HPOS="1140"
                          CONTENT="Mons is trouve la vre du 4me courant voy la ls douz dunue vois qui vous"/>
               </TextLine>
               <TextLine ID="region_1638958626093_6157l34"
                         BASELINE="1182,2956 1288,2955 1395,2952 1501,2950 1608,2948 1715,2944 1821,2942 1928,2938 2034,2936 2141,2932 2248,2929 2354,2926 2461,2922 2567,2920 2674,2916 2781,2914 2887,2910 2994,2908 3100,2906 3207,2904 3314,2902"
                         HEIGHT="75"
                         WIDTH="2163"
                         VPOS="2895"
                         HPOS="1166">
                  <String ID="string_region_1638958626093_6157l34"
                          HEIGHT="75"
                          WIDTH="2163"
                          VPOS="2895"
                          HPOS="1166"
                          CONTENT="abez fait ds bagatelles pour me payer cost in pas ld cours d'un mdochant "/>
               </TextLine>
               <TextLine ID="region_1638958626093_6157l35"
                         BASELINE="1190,3018 1296,3018 1403,3018 1510,3016 1617,3014 1724,3011 1831,3008 1938,3005 2045,3000 2152,2997 2259,2994 2365,2989 2472,2985 2579,2982 2686,2978 2793,2974 2900,2972 3007,2970 3114,2968 3221,2968 3328,2968"
                         HEIGHT="147"
                         WIDTH="2170"
                         VPOS="2917"
                         HPOS="1173">
                  <String ID="string_region_1638958626093_6157l35"
                          HEIGHT="147"
                          WIDTH="2170"
                          VPOS="2917"
                          HPOS="1173"
                          CONTENT="quad vous avez lospan de 6„ 7 ou 8 moys pour payer vostre dobit cost aff"/>
               </TextLine>
               <TextLine ID="region_1638958626093_6157l36"
                         BASELINE="1168,3090 1276,3088 1385,3088 1493,3086 1602,3084 1710,3080 1819,3076 1927,3074 2036,3070 2144,3066 2253,3062 2361,3058 2470,3054 2578,3050 2687,3048 2795,3044 2904,3042 3012,3040 3121,3038 3229,3036 3338,3036"
                         HEIGHT="147"
                         WIDTH="2204"
                         VPOS="2970"
                         HPOS="1151">
                  <String ID="string_region_1638958626093_6157l36"
                          HEIGHT="147"
                          WIDTH="2204"
                          VPOS="2970"
                          HPOS="1151"
                          CONTENT="car nous ne pou vous vien faive saul largent et s'il me fou droit fo bivies "/>
               </TextLine>
               <TextLine ID="region_1638958626093_6157l37"
                         BASELINE="1172,3164 1281,3162 1391,3160 1500,3158 1610,3156 1719,3153 1829,3150 1938,3147 2048,3144 2157,3140 2267,3137 2376,3134 2486,3130 2595,3128 2705,3125 2814,3122 2924,3120 3033,3117 3143,3116 3252,3114 3362,3112"
                         HEIGHT="128"
                         WIDTH="2223"
                         VPOS="3036"
                         HPOS="1154">
                  <String ID="string_region_1638958626093_6157l37"
                          HEIGHT="128"
                          WIDTH="2223"
                          VPOS="3036"
                          HPOS="1154"
                          CONTENT="demandee devent qui pouvoit fiver sur quil quil amis ie ne vou voir pas"/>
               </TextLine>
               <TextLine ID="region_1638958626093_6157l38"
                         BASELINE="1186,3234 1284,3232 1383,3230 1482,3230 1581,3228 1680,3226 1778,3224 1877,3222 1976,3220 2075,3218 2174,3216 2272,3214 2371,3210 2470,3208 2569,3206 2668,3204 2766,3202 2865,3200 2964,3198 3063,3196 3162,3194"
                         HEIGHT="142"
                         WIDTH="2008"
                         VPOS="3123"
                         HPOS="1169">
                  <String ID="string_region_1638958626093_6157l38"
                          HEIGHT="142"
                          WIDTH="2008"
                          VPOS="3123"
                          HPOS="1169"
                          CONTENT="ont referie en la  on fait rela sison occasion si pousous"/>
               </TextLine>
               <TextLine ID="region_1638958626093_6157l39"
                         BASELINE="1184,3318 1288,3313 1392,3309 1496,3304 1601,3301 1705,3298 1809,3295 1914,3292 2018,3290 2122,3288 2227,3286 2331,3286 2435,3284 2539,3282 2644,3282 2748,3280 2852,3278 2957,3278 3061,3276 3165,3276 3270,3274"
                         HEIGHT="125"
                         WIDTH="2120"
                         VPOS="3212"
                         HPOS="1167">
                  <String ID="string_region_1638958626093_6157l39"
                          HEIGHT="125"
                          WIDTH="2120"
                          VPOS="3212"
                          HPOS="1167"
                          CONTENT="mons fvivia mas accommode quad ie ostois profse et 1my firre"/>
               </TextLine>
               <TextLine ID="region_1638958626093_6157l40"
                         BASELINE="1186,3388 1292,3386 1399,3384 1506,3382 1613,3380 1720,3378 1827,3375 1934,3372 2041,3370 2148,3368 2255,3364 2361,3362 2468,3360 2575,3360 2682,3358 2789,3357 2896,3356 3003,3356 3110,3358 3217,3358 3324,3360"
                         HEIGHT="139"
                         WIDTH="2170"
                         VPOS="3277"
                         HPOS="1171">
                  <String ID="string_region_1638958626093_6157l40"
                          HEIGHT="139"
                          WIDTH="2170"
                          VPOS="3277"
                          HPOS="1171"
                          CONTENT="sur vous dt amisse bdacoup plus sur dos aufres amis et foulemens "/>
               </TextLine>
               <TextLine ID="region_1638958626093_6157l41"
                         BASELINE="1176,3468 1285,3466 1395,3463 1504,3460 1614,3458 1724,3454 1833,3452 1943,3448 2052,3446 2162,3442 2272,3440 2381,3438 2491,3434 2600,3434 2710,3432 2820,3430 2929,3430 3039,3430 3148,3430 3258,3430 3368,3432"
                         HEIGHT="102"
                         WIDTH="2225"
                         VPOS="3391"
                         HPOS="1158">
                  <String ID="string_region_1638958626093_6157l41"
                          HEIGHT="102"
                          WIDTH="2225"
                          VPOS="3391"
                          HPOS="1158"
                          CONTENT="vous  que vopliqus dont ne m 'ostoune si vous vous de condiie "/>
               </TextLine>
               <TextLine ID="region_1638958626093_6157l42"
                         BASELINE="1166,3548 1278,3544 1390,3541 1502,3538 1614,3535 1727,3532 1839,3529 1951,3526 2063,3524 2175,3522 2288,3520 2400,3518 2512,3516 2624,3514 2736,3512 2849,3510 2961,3508 3073,3506 3185,3504 3297,3504 3410,3502"
                         HEIGHT="129"
                         WIDTH="2275"
                         VPOS="3431"
                         HPOS="1150">
                  <String ID="string_region_1638958626093_6157l42"
                          HEIGHT="129"
                          WIDTH="2275"
                          VPOS="3431"
                          HPOS="1150"
                          CONTENT="en bonne corvisvoudeua avie moy il vous faut un affister quand mds"/>
               </TextLine>
               <TextLine ID="region_1638958626093_6157l43"
                         BASELINE="1182,3624 1293,3620 1404,3617 1515,3614 1626,3611 1738,3608 1849,3606 1960,3604 2071,3602 2182,3600 2294,3598 2405,3596 2516,3594 2627,3592 2738,3590 2850,3588 2961,3586 3072,3584 3183,3580 3294,3578 3406,3574"
                         HEIGHT="134"
                         WIDTH="2257"
                         VPOS="3506"
                         HPOS="1164">
                  <String ID="string_region_1638958626093_6157l43"
                          HEIGHT="134"
                          WIDTH="2257"
                          VPOS="3506"
                          HPOS="1164"
                          CONTENT="occasions me prossent et pour t'vois ant flovins vous pouvez li bien"/>
               </TextLine>
               <TextLine ID="region_1638958626093_6157l44"
                         BASELINE="1168,3708 1280,3703 1393,3699 1505,3696 1618,3693 1731,3690 1843,3686 1956,3684 2068,3682 2181,3680 2294,3677 2406,3675 2519,3672 2631,3670 2744,3668 2857,3665 2969,3663 3082,3660 3194,3656 3307,3654 3420,3650"
                         HEIGHT="168"
                         WIDTH="2285"
                         VPOS="3577"
                         HPOS="1150">
                  <String ID="string_region_1638958626093_6157l44"
                          HEIGHT="168"
                          WIDTH="2285"
                          VPOS="3577"
                          HPOS="1150"
                          CONTENT="payer, raison pour quoy u' u vou pas vous dxousor, cau moy d suis"/>
               </TextLine>
               <TextLine ID="region_1638958626093_6157l45"
                         BASELINE="1168,3788 1275,3786 1383,3783 1490,3780 1598,3777 1706,3774 1813,3770 1921,3767 2028,3764 2136,3760 2244,3757 2351,3754 2459,3750 2566,3748 2674,3745 2782,3742 2889,3740 2997,3738 3104,3736 3212,3734 3320,3732"
                         HEIGHT="158"
                         WIDTH="2181"
                         VPOS="3666"
                         HPOS="1153">
                  <String ID="string_region_1638958626093_6157l45"
                          HEIGHT="158"
                          WIDTH="2181"
                          VPOS="3666"
                          HPOS="1153"
                          CONTENT="trop prosse pour de largent pour le drap cost e pas Ed moine"/>
               </TextLine>
               <TextLine ID="region_1638958626093_6157l46"
                         BASELINE="1162,3880 1273,3876 1384,3869 1495,3864 1606,3860 1717,3855 1828,3850 1939,3846 2050,3842 2161,3838 2273,3834 2384,3830 2495,3828 2606,3826 2717,3824 2828,3822 2939,3820 3050,3820 3161,3820 3272,3822 3384,3822"
                         HEIGHT="144"
                         WIDTH="2256"
                         VPOS="3739"
                         HPOS="1144">
                  <String ID="string_region_1638958626093_6157l46"
                          HEIGHT="144"
                          WIDTH="2256"
                          VPOS="3739"
                          HPOS="1144"
                          CONTENT="testant far pour vous ot pour vostre ordre il vous fou droit avoir"/>
               </TextLine>
               <TextLine ID="region_1638958626093_6157l47"
                         BASELINE="1174,3962 1279,3958 1384,3954 1489,3950 1594,3946 1699,3942 1804,3938 1909,3934 2014,3930 2119,3926 2225,3922 2330,3918 2435,3915 2540,3911 2645,3908 2750,3906 2855,3903 2960,3902 3065,3900 3170,3898 3276,3898"
                         HEIGHT="148"
                         WIDTH="2132"
                         VPOS="3823"
                         HPOS="1159">
                  <String ID="string_region_1638958626093_6157l47"
                          HEIGHT="148"
                          WIDTH="2132"
                          VPOS="3823"
                          HPOS="1159"
                          CONTENT="cont vamande  son temps et aloos i ne vous auviez en voyez"/>
               </TextLine>
               <TextLine ID="region_1638958626093_6157l48"
                         BASELINE="1164,4036 1272,4032 1380,4027 1488,4023 1596,4019 1705,4014 1813,4010 1921,4007 2029,4004 2137,4000 2246,3998 2354,3995 2462,3992 2570,3990 2678,3988 2787,3988 2895,3986 3003,3984 3111,3984 3219,3984 3328,3984"
                         HEIGHT="150"
                         WIDTH="2193"
                         VPOS="3915"
                         HPOS="1148">
                  <String ID="string_region_1638958626093_6157l48"
                          HEIGHT="150"
                          WIDTH="2193"
                          VPOS="3915"
                          HPOS="1148"
                          CONTENT="mais vendu comm los autris et ellos qui sont envor aut vs Es"/>
               </TextLine>
               <TextLine ID="region_1638958626093_6157l49"
                         BASELINE="2796,4076 2823,4072 2850,4069 2877,4066 2904,4063 2931,4061 2958,4059 2985,4058 3012,4058 3040,4060"
                         HEIGHT="134"
                         WIDTH="281"
                         VPOS="3988"
                         HPOS="2776">
                  <String ID="string_region_1638958626093_6157l49"
                          HEIGHT="134"
                          WIDTH="281"
                          VPOS="3988"
                          HPOS="2776"
                          CONTENT="7 July"/>
               </TextLine>
               <TextLine ID="region_1638958626093_6157l50"
                         BASELINE="1178,4100 1223,4102 1268,4104 1313,4104 1358,4104 1404,4104 1449,4104 1494,4103 1539,4102 1584,4100 1630,4098 1675,4097 1720,4095 1765,4092 1810,4090 1856,4089 1901,4087 1946,4086 1991,4084 2036,4082 2082,4082"
                         HEIGHT="152"
                         WIDTH="936"
                         VPOS="4004"
                         HPOS="1162">
                  <String ID="string_region_1638958626093_6157l50"
                          HEIGHT="152"
                          WIDTH="936"
                          VPOS="4004"
                          HPOS="1162"
                          CONTENT="mains et n and divay tousious "/>
               </TextLine>
               <TextLine ID="region_1638958626093_6157l51"
                         BASELINE="936,4220 974,4212 1012,4207 1050,4203 1088,4199 1127,4196 1165,4193 1203,4192 1241,4190 1279,4189 1318,4188 1356,4186 1394,4186 1432,4184 1470,4184 1509,4182 1547,4181 1585,4179 1623,4177 1661,4175 1700,4172"
                         HEIGHT="185"
                         WIDTH="798"
                         VPOS="4070"
                         HPOS="917">
                  <String ID="string_region_1638958626093_6157l51"
                          HEIGHT="185"
                          WIDTH="798"
                          VPOS="4070"
                          HPOS="917"
                          CONTENT="Lille Rnck Southell"/>
               </TextLine>
               <TextLine ID="region_1638958626093_6157l52"
                         BASELINE="1168,4300 1279,4293 1390,4287 1501,4281 1612,4275 1724,4269 1835,4264 1946,4258 2057,4254 2168,4248 2280,4244 2391,4239 2502,4234 2613,4230 2724,4225 2836,4222 2947,4218 3058,4214 3169,4212 3280,4208 3392,4206"
                         HEIGHT="246"
                         WIDTH="2259"
                         VPOS="4090"
                         HPOS="1150">
                  <String ID="string_region_1638958626093_6157l52"
                          HEIGHT="246"
                          WIDTH="2259"
                          VPOS="4090"
                          HPOS="1150"
                          CONTENT="gese te verslheren in sabb. aginst n . b: cause of she bill"/>
               </TextLine>
               <TextLine ID="region_1638958626093_6157l53"
                         BASELINE="1186,4374 1258,4370 1331,4368 1403,4366 1476,4362 1549,4359 1621,4356 1694,4354 1766,4350 1839,4347 1912,4343 1984,4341 2057,4336 2129,4334 2202,4328 2275,4325 2347,4320 2420,4316 2492,4312 2565,4307 2638,4302"
                         HEIGHT="201"
                         WIDTH="1483"
                         VPOS="4230"
                         HPOS="1171">
                  <String ID="string_region_1638958626093_6157l53"
                          HEIGHT="201"
                          WIDTH="1483"
                          VPOS="4230"
                          HPOS="1171"
                          CONTENT="n2 gett pjd: sent back his att orney"/>
               </TextLine>
            </TextBlock>
            <TextBlock ID="region_1638958629574_6160"
                       HEIGHT="4293"
                       WIDTH="2633"
                       VPOS="148"
                       HPOS="3482">
               <Shape>
                  <Polygon POINTS="3482,148 6115,148 6115,4441 3482,4441"/>
               </Shape>
               <TextLine ID="region_1638958629574_6160l1"
                         BASELINE="3502,302 3556,300 3611,299 3666,298 3721,296 3776,296 3830,294 3885,294 3940,292 3995,292 4050,292 4104,290 4159,290 4214,290 4269,290 4324,290 4378,290 4433,292 4488,292 4543,294 4598,296"
                         HEIGHT="143"
                         WIDTH="1127"
                         VPOS="195"
                         HPOS="3485">
                  <String ID="string_region_1638958629574_6160l1"
                          HEIGHT="143"
                          WIDTH="1127"
                          VPOS="195"
                          HPOS="3485"
                          CONTENT="London m. Pickeringl &amp; Roblinson"/>
               </TextLine>
               <TextLine ID="region_1638958629574_6160l2"
                         BASELINE="5348,320 5383,317 5418,314 5453,310 5489,308 5524,306 5559,305 5595,302 5630,302 5665,300 5701,298 5736,296 5771,294 5806,292 5842,290 5877,287 5912,283 5948,279 5983,275 6018,270 6054,264"
                         HEIGHT="146"
                         WIDTH="741"
                         VPOS="214"
                         HPOS="5328">
                  <String ID="string_region_1638958629574_6160l2"
                          HEIGHT="146"
                          WIDTH="741"
                          VPOS="214"
                          HPOS="5328"
                          CONTENT="a8 Julij 1682 233"/>
               </TextLine>
               <TextLine ID="region_1638958629574_6160l3"
                         BASELINE="3608,406 3731,406 3855,406 3979,406 4102,406 4226,404 4350,404 4473,404 4597,404 4721,404 4845,406 4968,406 5092,406 5216,406 5339,408 5463,408 5587,410 5710,412 5834,414 5958,416 6082,418"
                         HEIGHT="139"
                         WIDTH="2503"
                         VPOS="327"
                         HPOS="3593">
                  <String ID="string_region_1638958629574_6160l3"
                          HEIGHT="139"
                          WIDTH="2503"
                          VPOS="327"
                          HPOS="3593"
                          CONTENT="In answer to yds of 11 past, have sold sence 2 more of our cloathes &amp; shal"/>
               </TextLine>
               <TextLine ID="region_1638958629574_6160l4"
                         BASELINE="3600,504 3723,500 3846,496 3970,494 4093,492 4217,492 4340,492 4463,492 4587,492 4710,494 4834,496 4957,496 5080,498 5204,500 5327,502 5451,504 5574,506 5697,506 5821,508 5944,508 6068,508"
                         HEIGHT="97"
                         WIDTH="2497"
                         VPOS="461"
                         HPOS="3586">
                  <String ID="string_region_1638958629574_6160l4"
                          HEIGHT="97"
                          WIDTH="2497"
                          VPOS="461"
                          HPOS="3586"
                          CONTENT="endeavour all I can to butt off the rest for tytes, for I finde that Jean nott"/>
               </TextLine>
               <TextLine ID="region_1638958629574_6160l5"
                         BASELINE="3622,596 3743,591 3865,588 3986,584 4108,582 4229,582 4351,582 4472,582 4594,582 4715,584 4837,586 4958,588 5080,590 5201,594 5323,596 5444,598 5566,601 5687,603 5809,604 5930,606 6052,606"
                         HEIGHT="129"
                         WIDTH="2463"
                         VPOS="536"
                         HPOS="3605">
                  <String ID="string_region_1638958629574_6160l5"
                          HEIGHT="129"
                          WIDTH="2463"
                          VPOS="536"
                          HPOS="3605"
                          CONTENT="please good customers with any of themn this week shall make up a pack of tykes"/>
               </TextLine>
               <TextLine ID="region_1638958629574_6160l6"
                         BASELINE="3606,690 3728,686 3850,682 3972,680 4094,678 4216,676 4338,674 4460,674 4582,674 4704,674 4826,676 4948,678 5070,680 5192,682 5314,684 5436,688 5558,691 5680,694 5802,698 5924,702 6046,706"
                         HEIGHT="129"
                         WIDTH="2473"
                         VPOS="634"
                         HPOS="3589">
                  <String ID="string_region_1638958629574_6160l6"
                          HEIGHT="129"
                          WIDTH="2473"
                          VPOS="634"
                          HPOS="3589"
                          CONTENT="for you, &amp; send itt, as also &amp; next the invoyce, &amp; shall assort itt according to yd"/>
               </TextLine>
               <TextLine ID="region_1638958629574_6160l7"
                         BASELINE="3610,784 3712,782 3815,780 3917,778 4020,778 4122,776 4225,776 4327,776 4430,778 4532,778 4635,778 4737,780 4840,781 4942,782 5045,784 5147,784 5250,786 5352,786 5455,786 5557,786 5660,786"
                         HEIGHT="171"
                         WIDTH="2082"
                         VPOS="682"
                         HPOS="3595">
                  <String ID="string_region_1638958629574_6160l7"
                          HEIGHT="171"
                          WIDTH="2082"
                          VPOS="682"
                          HPOS="3595"
                          CONTENT="dircition, if in the meane whiile Ilan be servicabla ih yu"/>
               </TextLine>
               <TextLine ID="region_1638958629574_6160l8"
                         BASELINE="3490,914 3519,913 3548,910 3577,909 3607,907 3636,905 3665,902 3695,901 3724,899 3753,898 3783,896 3812,895 3841,894 3870,894 3900,894 3929,894 3958,896 3988,898 4017,900 4046,904 4076,908"
                         HEIGHT="176"
                         WIDTH="619"
                         VPOS="785"
                         HPOS="3472">
                  <String ID="string_region_1638958629574_6160l8"
                          HEIGHT="176"
                          WIDTH="619"
                          VPOS="785"
                          HPOS="3472"
                          CONTENT="LEnden m. ad. vivan"/>
               </TextLine>
               <TextLine ID="region_1638958629574_6160l9"
                         BASELINE="5524,916 5550,916 5576,916 5602,916 5628,916 5654,914 5680,912 5706,910 5732,909 5758,906 5784,904"
                         HEIGHT="148"
                         WIDTH="294"
                         VPOS="819"
                         HPOS="5507">
                  <String ID="string_region_1638958629574_6160l9"
                          HEIGHT="148"
                          WIDTH="294"
                          VPOS="819"
                          HPOS="5507"
                          CONTENT="68d."/>
               </TextLine>
               <TextLine ID="region_1638958629574_6160l10"
                         BASELINE="3632,1004 3750,996 3869,988 3988,984 4107,978 4226,975 4344,972 4463,970 4582,970 4701,970 4820,970 4938,972 5057,974 5176,976 5295,980 5414,984 5532,988 5651,994 5770,1000 5889,1004 6008,1012"
                         HEIGHT="205"
                         WIDTH="2408"
                         VPOS="849"
                         HPOS="3617">
                  <String ID="string_region_1638958629574_6160l10"
                          HEIGHT="205"
                          WIDTH="2408"
                          VPOS="849"
                          HPOS="3617"
                          CONTENT="mij last to you was on the pr curtt. sence non from you, so this onely for "/>
               </TextLine>
               <TextLine ID="region_1638958629574_6160l11"
                         BASELINE="3622,1098 3744,1092 3866,1085 3988,1079 4110,1074 4232,1070 4354,1068 4476,1066 4598,1066 4720,1066 4842,1066 4964,1068 5086,1070 5208,1073 5330,1076 5452,1080 5574,1085 5696,1090 5818,1096 5940,1103 6062,1110"
                         HEIGHT="142"
                         WIDTH="2472"
                         VPOS="982"
                         HPOS="3607">
                  <String ID="string_region_1638958629574_6160l11"
                          HEIGHT="142"
                          WIDTH="2472"
                          VPOS="982"
                          HPOS="3607"
                          CONTENT="covert to the inclised bill of £50- on Sron lambe for which please to perane"/>
               </TextLine>
               <TextLine ID="region_1638958629574_6160l12"
                         BASELINE="3614,1196 3737,1187 3860,1180 3983,1175 4106,1171 4229,1168 4352,1166 4475,1164 4598,1164 4721,1166 4844,1166 4967,1168 5090,1170 5213,1174 5336,1176 5459,1180 5582,1182 5705,1186 5828,1190 5951,1192 6074,1194"
                         HEIGHT="142"
                         WIDTH="2491"
                         VPOS="1070"
                         HPOS="3598">
                  <String ID="string_region_1638958629574_6160l12"
                          HEIGHT="142"
                          WIDTH="2491"
                          VPOS="1070"
                          HPOS="3598"
                          CONTENT="the needfull att due day, &amp; past to my acctt. of I can, you may depend upers"/>
               </TextLine>
               <TextLine ID="region_1638958629574_6160l13"
                         BASELINE="3616,1284 3738,1282 3860,1280 3982,1278 4105,1276 4227,1276 4349,1274 4472,1273 4594,1272 4716,1272 4839,1272 4961,1274 5083,1274 5205,1276 5328,1278 5450,1282 5572,1284 5695,1289 5817,1294 5939,1298 6062,1306"
                         HEIGHT="119"
                         WIDTH="2475"
                         VPOS="1194"
                         HPOS="3602">
                  <String ID="string_region_1638958629574_6160l13"
                          HEIGHT="119"
                          WIDTH="2475"
                          VPOS="1194"
                          HPOS="3602"
                          CONTENT="mone considecable remesen, shorgh I am ven much fincked thj month"/>
               </TextLine>
               <TextLine ID="region_1638958629574_6160l14"
                         BASELINE="3614,1372 3736,1372 3859,1372 3981,1372 4104,1372 4227,1372 4349,1372 4472,1372 4594,1372 4717,1372 4840,1374 4962,1374 5085,1376 5207,1378 5330,1380 5453,1382 5575,1384 5698,1388 5820,1392 5943,1397 6066,1402"
                         HEIGHT="111"
                         WIDTH="2481"
                         VPOS="1296"
                         HPOS="3600">
                  <String ID="string_region_1638958629574_6160l14"
                          HEIGHT="111"
                          WIDTH="2481"
                          VPOS="1296"
                          HPOS="3600"
                          CONTENT="laveing payd &amp; so pay this week £310-  for yd bills, &amp; as much &amp;"/>
               </TextLine>
               <TextLine ID="region_1638958629574_6160l15"
                         BASELINE="3614,1474 3735,1474 3857,1474 3979,1474 4101,1474 4223,1472 4345,1472 4467,1472 4589,1472 4711,1472 4833,1472 4954,1472 5076,1474 5198,1475 5320,1477 5442,1480 5564,1483 5686,1488 5808,1492 5930,1498 6052,1506"
                         HEIGHT="155"
                         WIDTH="2472"
                         VPOS="1373"
                         HPOS="3597">
                  <String ID="string_region_1638958629574_6160l15"
                          HEIGHT="155"
                          WIDTH="2472"
                          VPOS="1373"
                          HPOS="3597"
                          CONTENT="more for others, so that I can not be o forwaid as Icould wish"/>
               </TextLine>
               <TextLine ID="region_1638958629574_6160l16"
                         BASELINE="3606,1576 3728,1574 3851,1572 3974,1572 4096,1572 4219,1572 4342,1572 4464,1574 4587,1574 4710,1576 4833,1578 4955,1580 5078,1580 5201,1582 5323,1584 5446,1586 5569,1588 5691,1590 5814,1592 5937,1592 6060,1594"
                         HEIGHT="156"
                         WIDTH="2488"
                         VPOS="1470"
                         HPOS="3589">
                  <String ID="string_region_1638958629574_6160l16"
                          HEIGHT="156"
                          WIDTH="2488"
                          VPOS="1470"
                          HPOS="3589"
                          CONTENT="ill thatt is tubbed off, so pray do yd endeavur, &amp; draw not on mee"/>
               </TextLine>
               <TextLine ID="region_1638958629574_6160l17"
                         BASELINE="3614,1668 3719,1668 3824,1669 3930,1670 4035,1670 4141,1672 4246,1672 4351,1674 4457,1674 4562,1676 4668,1678 4773,1678 4878,1680 4984,1682 5089,1682 5195,1684 5300,1686 5405,1686 5511,1688 5616,1690 5722,1690"
                         HEIGHT="129"
                         WIDTH="2142"
                         VPOS="1616"
                         HPOS="3597">
                  <String ID="string_region_1638958629574_6160l17"
                          HEIGHT="129"
                          WIDTH="2142"
                          VPOS="1616"
                          HPOS="3597"
                          CONTENT="&amp; I hope to assist you in times with all what porr Jeane"/>
               </TextLine>
               <TextLine ID="region_1638958629574_6160l18"
                         BASELINE="3494,1776 3536,1776 3578,1774 3620,1774 3663,1774 3705,1774 3747,1772 3790,1772 3832,1774 3874,1774 3917,1774 3959,1774 4001,1774 4043,1774 4086,1776 4128,1776 4170,1776 4213,1777 4255,1778 4297,1778 4340,1778"
                         HEIGHT="185"
                         WIDTH="876"
                         VPOS="1652"
                         HPOS="3479">
                  <String ID="string_region_1638958629574_6160l18"
                          HEIGHT="185"
                          WIDTH="876"
                          VPOS="1652"
                          HPOS="3479"
                          CONTENT="Londen m. Henry Maynaid"/>
               </TextLine>
               <TextLine ID="region_1638958629574_6160l19"
                         BASELINE="5598,1830 5624,1823 5651,1818 5678,1816 5704,1815 5731,1814 5758,1815 5784,1816 5811,1817 5838,1818"
                         HEIGHT="124"
                         WIDTH="276"
                         VPOS="1724"
                         HPOS="5578">
                  <String ID="string_region_1638958629574_6160l19"
                          HEIGHT="124"
                          WIDTH="276"
                          VPOS="1724"
                          HPOS="5578"
                          CONTENT="68d"/>
               </TextLine>
               <TextLine ID="region_1638958629574_6160l20"
                         BASELINE="3598,1884 3720,1883 3843,1882 3966,1882 4088,1882 4211,1882 4334,1882 4456,1882 4579,1884 4702,1884 4825,1886 4947,1887 5070,1888 5193,1890 5315,1890 5438,1892 5561,1892 5683,1894 5806,1894 5929,1896 6052,1896"
                         HEIGHT="178"
                         WIDTH="2486"
                         VPOS="1760"
                         HPOS="3582">
                  <String ID="string_region_1638958629574_6160l20"
                          HEIGHT="178"
                          WIDTH="2486"
                          VPOS="1760"
                          HPOS="3582"
                          CONTENT="mij last to you was ontle 4t curtt sence non from you, I have omitted"/>
               </TextLine>
               <TextLine ID="region_1638958629574_6160l21"
                         BASELINE="3602,1996 3723,1991 3845,1986 3967,1983 4089,1980 4211,1978 4332,1976 4454,1976 4576,1976 4698,1976 4820,1976 4941,1976 5063,1978 5185,1978 5307,1980 5429,1982 5550,1984 5672,1986 5794,1988 5916,1990 6038,1992"
                         HEIGHT="179"
                         WIDTH="2466"
                         VPOS="1876"
                         HPOS="3587">
                  <String ID="string_region_1638958629574_6160l21"
                          HEIGHT="179"
                          WIDTH="2466"
                          VPOS="1876"
                          HPOS="3587"
                          CONTENT="to desire you to provide 5 or 6 ouble reds to putt of the rest herr "/>
               </TextLine>
               <TextLine ID="region_1638958629574_6160l22"
                         BASELINE="3594,2100 3711,2096 3828,2090 3945,2087 4063,2084 4180,2080 4297,2078 4415,2077 4532,2076 4649,2076 4767,2074 4884,2074 5001,2076 5118,2076 5236,2078 5353,2078 5470,2080 5588,2082 5705,2084 5822,2086 5940,2088"
                         HEIGHT="143"
                         WIDTH="2380"
                         VPOS="1989"
                         HPOS="3577">
                  <String ID="string_region_1638958629574_6160l22"
                          HEIGHT="143"
                          WIDTH="2380"
                          VPOS="1989"
                          HPOS="3577"
                          CONTENT="3 p of £10-, or there abouts 2 of £11, &amp; one of £11:10 a £12-"/>
               </TextLine>
               <TextLine ID="region_1638958629574_6160l23"
                         BASELINE="3610,2202 3730,2196 3851,2190 3971,2188 4092,2184 4212,2182 4333,2182 4453,2182 4574,2182 4694,2182 4815,2184 4935,2185 5056,2186 5176,2188 5297,2190 5417,2190 5538,2192 5658,2192 5779,2190 5899,2190 6020,2188"
                         HEIGHT="178"
                         WIDTH="2441"
                         VPOS="2067"
                         HPOS="3593">
                  <String ID="string_region_1638958629574_6160l23"
                          HEIGHT="178"
                          WIDTH="2441"
                          VPOS="2067"
                          HPOS="3593"
                          CONTENT="Epls pray endeavour to have good cullours, &amp; disparched  firts "/>
               </TextLine>
               <TextLine ID="region_1638958629574_6160l24"
                         BASELINE="3604,2304 3701,2300 3798,2296 3896,2294 3993,2290 4091,2288 4188,2286 4285,2284 4383,2282 4480,2282 4578,2280 4675,2280 4772,2280 4870,2280 4967,2281 5065,2282 5162,2284 5259,2285 5357,2288 5454,2290 5552,2294"
                         HEIGHT="178"
                         WIDTH="1977"
                         VPOS="2185"
                         HPOS="3589">
                  <String ID="string_region_1638958629574_6160l24"
                          HEIGHT="178"
                          WIDTH="1977"
                          VPOS="2185"
                          HPOS="3589"
                          CONTENT="m. Sabbarton is gon from sene this day for londen,"/>
               </TextLine>
               <TextLine ID="region_1638958629574_6160l25"
                         BASELINE="5562,2392 5588,2394 5615,2396 5641,2396 5668,2396 5695,2396 5721,2396 5748,2396 5774,2396 5801,2394 5828,2394"
                         HEIGHT="148"
                         WIDTH="298"
                         VPOS="2286"
                         HPOS="5545">
                  <String ID="string_region_1638958629574_6160l25"
                          HEIGHT="148"
                          WIDTH="298"
                          VPOS="2286"
                          HPOS="5545"
                          CONTENT="a 8d."/>
               </TextLine>
               <TextLine ID="region_1638958629574_6160l26"
                         BASELINE="3514,2412 3547,2412 3581,2410 3615,2410 3648,2410 3682,2410 3716,2410 3749,2410 3783,2410 3817,2410 3851,2410 3884,2410 3918,2410 3952,2410 3985,2410 4019,2408 4053,2408 4086,2408 4120,2408 4154,2408 4188,2408"
                         HEIGHT="181"
                         WIDTH="706"
                         VPOS="2291"
                         HPOS="3498">
                  <String ID="string_region_1638958629574_6160l26"
                          HEIGHT="181"
                          WIDTH="706"
                          VPOS="2291"
                          HPOS="3498"
                          CONTENT="Londen m. Henry Collier"/>
               </TextLine>
               <TextLine ID="region_1638958629574_6160l27"
                         BASELINE="3634,2510 3754,2510 3875,2512 3996,2512 4116,2512 4237,2512 4358,2512 4478,2512 4599,2512 4720,2510 4841,2510 4961,2510 5082,2510 5203,2510 5323,2510 5444,2510 5565,2512 5685,2514 5806,2516 5927,2520 6048,2524"
                         HEIGHT="131"
                         WIDTH="2448"
                         VPOS="2449"
                         HPOS="3617">
                  <String ID="string_region_1638958629574_6160l27"
                          HEIGHT="131"
                          WIDTH="2448"
                          VPOS="2449"
                          HPOS="3617"
                          CONTENT="yd of 30 past dave recd in due time scom doit, &amp; accordingely to yd exspectatin "/>
               </TextLine>
               <TextLine ID="region_1638958629574_6160l28"
                         BASELINE="3604,2612 3727,2608 3850,2606 3973,2602 4096,2601 4220,2600 4343,2598 4466,2598 4589,2598 4712,2598 4836,2600 4959,2600 5082,2600 5205,2602 5328,2604 5452,2604 5575,2606 5698,2606 5821,2608 5944,2608 6068,2608"
                         HEIGHT="105"
                         WIDTH="2497"
                         VPOS="2558"
                         HPOS="3588">
                  <String ID="string_region_1638958629574_6160l28"
                          HEIGHT="105"
                          WIDTH="2497"
                          VPOS="2558"
                          HPOS="3588"
                          CONTENT="so I hope this may finde you safe arrived in london, which I hope founder"/>
               </TextLine>
               <TextLine ID="region_1638958629574_6160l29"
                         BASELINE="3616,2696 3738,2696 3860,2696 3982,2696 4104,2696 4226,2696 4348,2696 4470,2696 4592,2696 4714,2696 4837,2696 4959,2696 5081,2698 5203,2698 5325,2700 5447,2700 5569,2702 5691,2704 5813,2706 5935,2710 6058,2712"
                         HEIGHT="147"
                         WIDTH="2476"
                         VPOS="2621"
                         HPOS="3599">
                  <String ID="string_region_1638958629574_6160l29"
                          HEIGHT="147"
                          WIDTH="2476"
                          VPOS="2621"
                          HPOS="3599"
                          CONTENT="stand by yds next. as to the bill of m. Kiightley, if so fleases to then "/>
               </TextLine>
               <TextLine ID="region_1638958629574_6160l30"
                         BASELINE="3632,2794 3753,2794 3875,2794 3997,2794 4119,2794 4241,2794 4363,2796 4485,2796 4607,2796 4729,2798 4851,2798 4972,2800 5094,2801 5216,2802 5338,2804 5460,2805 5582,2806 5704,2808 5826,2810 5948,2812 6070,2814"
                         HEIGHT="165"
                         WIDTH="2470"
                         VPOS="2702"
                         HPOS="3615">
                  <String ID="string_region_1638958629574_6160l30"
                          HEIGHT="165"
                          WIDTH="2470"
                          VPOS="2702"
                          HPOS="3615"
                          CONTENT="you my lester, I do not quessim, butt that itt shall be to yd content, at for yd "/>
               </TextLine>
               <TextLine ID="region_1638958629574_6160l31"
                         BASELINE="3616,2894 3738,2896 3860,2896 3982,2898 4104,2898 4226,2900 4348,2901 4470,2902 4592,2904 4714,2904 4836,2906 4958,2906 5080,2908 5202,2910 5324,2912 5446,2914 5568,2916 5690,2918 5812,2920 5934,2922 6056,2926"
                         HEIGHT="103"
                         WIDTH="2472"
                         VPOS="2841"
                         HPOS="3600">
                  <String ID="string_region_1638958629574_6160l31"
                          HEIGHT="103"
                          WIDTH="2472"
                          VPOS="2841"
                          HPOS="3600"
                          CONTENT="cloaches, I shall endeavour to putt them off asser harrest, when I rope"/>
               </TextLine>
               <TextLine ID="region_1638958629574_6160l32"
                         BASELINE="3606,2994 3729,2992 3852,2992 3975,2992 4098,2993 4221,2994 4344,2996 4467,2997 4590,2998 4713,3001 4837,3004 4960,3006 5083,3008 5206,3010 5329,3012 5452,3014 5575,3016 5698,3018 5821,3020 5944,3020 6068,3022"
                         HEIGHT="123"
                         WIDTH="2494"
                         VPOS="2930"
                         HPOS="3590">
                  <String ID="string_region_1638958629574_6160l32"
                          HEIGHT="123"
                          WIDTH="2494"
                          VPOS="2930"
                          HPOS="3590"
                          CONTENT="trade wils come in againe, which now is quite att astand mr. Jroegh sebbarton"/>
               </TextLine>
               <TextLine ID="region_1638958629574_6160l33"
                         BASELINE="3616,3086 3736,3088 3857,3088 3978,3090 4098,3090 4219,3092 4340,3094 4460,3094 4581,3096 4702,3098 4823,3100 4943,3102 5064,3106 5185,3108 5305,3111 5426,3114 5547,3117 5667,3120 5788,3124 5909,3129 6030,3134"
                         HEIGHT="113"
                         WIDTH="2448"
                         VPOS="3011"
                         HPOS="3599">
                  <String ID="string_region_1638958629574_6160l33"
                          HEIGHT="113"
                          WIDTH="2448"
                          VPOS="3011"
                          HPOS="3599"
                          CONTENT="went away this day fort londen, &amp; hat desired mee to send you the rclosed "/>
               </TextLine>
               <TextLine ID="region_1638958629574_6160l34"
                         BASELINE="3626,3188 3747,3188 3869,3188 3990,3189 4112,3190 4233,3190 4355,3192 4476,3194 4598,3194 4719,3196 4841,3198 4962,3200 5084,3202 5205,3206 5327,3208 5448,3210 5570,3214 5691,3216 5813,3220 5934,3224 6056,3226"
                         HEIGHT="105"
                         WIDTH="2460"
                         VPOS="3125"
                         HPOS="3611">
                  <String ID="string_region_1638958629574_6160l34"
                          HEIGHT="105"
                          WIDTH="2460"
                          VPOS="3125"
                          HPOS="3611"
                          CONTENT="bills ven £150- on m. Henry Maiynard, a £100- on Rick &amp; Jam: forte"/>
               </TextLine>
               <TextLine ID="region_1638958629574_6160l35"
                         BASELINE="3622,3296 3743,3292 3865,3290 3986,3288 4108,3288 4229,3289 4351,3290 4472,3292 4594,3294 4715,3297 4837,3300 4958,3302 5080,3306 5201,3310 5323,3313 5444,3316 5566,3319 5687,3322 5809,3324 5930,3324 6052,3326"
                         HEIGHT="128"
                         WIDTH="2464"
                         VPOS="3229"
                         HPOS="3605">
                  <String ID="string_region_1638958629574_6160l35"
                          HEIGHT="128"
                          WIDTH="2464"
                          VPOS="3229"
                          HPOS="3605"
                          CONTENT="in london, which pray gett acccepted &amp; beliver uu when gecomes to you"/>
               </TextLine>
               <TextLine ID="region_1638958629574_6160l36"
                         BASELINE="3634,3386 3754,3384 3875,3384 3996,3382 4117,3382 4238,3384 4359,3384 4480,3386 4601,3388 4722,3392 4843,3394 4963,3397 5084,3400 5205,3404 5326,3408 5447,3410 5568,3413 5689,3416 5810,3420 5931,3422 6052,3424"
                         HEIGHT="118"
                         WIDTH="2452"
                         VPOS="3319"
                         HPOS="3616">
                  <String ID="string_region_1638958629574_6160l36"
                          HEIGHT="118"
                          WIDTH="2452"
                          VPOS="3319"
                          HPOS="3616"
                          CONTENT="an other request for me. in closed is the acctt of m. Pindar in which I "/>
               </TextLine>
               <TextLine ID="region_1638958629574_6160l37"
                         BASELINE="3630,3494 3751,3489 3873,3486 3994,3482 4116,3482 4238,3482 4359,3482 4481,3484 4602,3486 4724,3488 4846,3492 4967,3496 5089,3500 5210,3504 5332,3507 5454,3510 5575,3514 5697,3516 5818,3518 5940,3520 6062,3520"
                         HEIGHT="130"
                         WIDTH="2463"
                         VPOS="3427"
                         HPOS="3614">
                  <String ID="string_region_1638958629574_6160l37"
                          HEIGHT="130"
                          WIDTH="2463"
                          VPOS="3427"
                          HPOS="3614"
                          CONTENT="make you deboor for £1:3„4 flomish for as much I have given you creditt"/>
               </TextLine>
               <TextLine ID="region_1638958629574_6160l38"
                         BASELINE="3618,3586 3738,3586 3859,3584 3979,3584 4100,3584 4221,3582 4341,3583 4462,3584 4582,3584 4703,3585 4824,3586 4944,3588 5065,3590 5185,3592 5306,3594 5427,3598 5547,3600 5668,3605 5788,3609 5909,3614 6030,3620"
                         HEIGHT="175"
                         WIDTH="2445"
                         VPOS="3496"
                         HPOS="3602">
                  <String ID="string_region_1638958629574_6160l38"
                          HEIGHT="175"
                          WIDTH="2445"
                          VPOS="3496"
                          HPOS="3602"
                          CONTENT="Jooninck in the bill of £35-  I drew on you jn dis faroeur 1679„ 27 mey"/>
               </TextLine>
               <TextLine ID="region_1638958629574_6160l39"
                         BASELINE="3630,3682 3751,3682 3873,3682 3995,3682 4116,3682 4238,3682 4360,3682 4481,3682 4603,3684 4725,3686 4847,3686 4968,3688 5090,3690 5212,3692 5333,3694 5455,3696 5577,3698 5698,3700 5820,3703 5942,3706 6064,3708"
                         HEIGHT="153"
                         WIDTH="2466"
                         VPOS="3577"
                         HPOS="3613">
                  <String ID="string_region_1638958629574_6160l39"
                          HEIGHT="153"
                          WIDTH="2466"
                          VPOS="3577"
                          HPOS="3613"
                          CONTENT="att 35„6 made itt £63:5:10, &amp; is butt £62„2„ 6 so there is £1:3:9 to biy "/>
               </TextLine>
               <TextLine ID="region_1638958629574_6160l40"
                         BASELINE="3626,3792 3745,3788 3865,3784 3984,3782 4104,3782 4224,3780 4343,3780 4463,3780 4582,3782 4702,3782 4822,3784 4941,3786 5061,3788 5180,3790 5300,3792 5420,3794 5539,3798 5659,3800 5778,3801 5898,3802 6018,3804"
                         HEIGHT="172"
                         WIDTH="2424"
                         VPOS="3684"
                         HPOS="3610">
                  <String ID="string_region_1638958629574_6160l40"
                          HEIGHT="172"
                          WIDTH="2424"
                          VPOS="3684"
                          HPOS="3610"
                          CONTENT="preiudce, which pray note accordingly &amp; pay hun £7„14:8½  for the "/>
               </TextLine>
               <TextLine ID="region_1638958629574_6160l41"
                         BASELINE="3614,3892 3736,3889 3858,3886 3980,3884 4102,3884 4225,3882 4347,3882 4469,3882 4591,3882 4713,3882 4836,3884 4958,3884 5080,3886 5202,3888 5324,3892 5447,3894 5569,3898 5691,3902 5813,3906 5935,3910 6058,3916"
                         HEIGHT="108"
                         WIDTH="2475"
                         VPOS="3807"
                         HPOS="3600">
                  <String ID="string_region_1638958629574_6160l41"
                          HEIGHT="108"
                          WIDTH="2475"
                          VPOS="3807"
                          HPOS="3600"
                          CONTENT="ballance &amp; full due to humy &amp; gett the inclosed noted signed of him &amp; returne "/>
               </TextLine>
               <TextLine ID="region_1638958629574_6160l42"
                         BASELINE="3626,4000 3747,3996 3869,3992 3990,3989 4112,3987 4234,3986 4355,3984 4477,3984 4598,3986 4720,3986 4842,3988 4963,3990 5085,3992 5206,3994 5328,3996 5450,4000 5571,4002 5693,4004 5814,4008 5936,4011 6058,4014"
                         HEIGHT="163"
                         WIDTH="2464"
                         VPOS="3882"
                         HPOS="3610">
                  <String ID="string_region_1638958629574_6160l42"
                          HEIGHT="163"
                          WIDTH="2464"
                          VPOS="3882"
                          HPOS="3610"
                          CONTENT="mee Juf acctt, &amp; assignation on seaman, please to deliver tim, that so that coreds "/>
               </TextLine>
               <TextLine ID="region_1638958629574_6160l43"
                         BASELINE="5948,4060 5977,4057 6006,4054 6036,4052"
                         HEIGHT="72"
                         WIDTH="125"
                         VPOS="4007"
                         HPOS="5927">
                  <String ID="string_region_1638958629574_6160l43"
                          HEIGHT="72"
                          WIDTH="125"
                          VPOS="4007"
                          HPOS="5927"
                          CONTENT="bel"/>
               </TextLine>
               <TextLine ID="region_1638958629574_6160l44"
                         BASELINE="3636,4104 3758,4100 3881,4096 4003,4092 4126,4090 4249,4090 4371,4090 4494,4090 4616,4090 4739,4092 4862,4094 4984,4096 5107,4098 5229,4100 5352,4102 5475,4104 5597,4104 5720,4106 5842,4106 5965,4106 6088,4104"
                         HEIGHT="131"
                         WIDTH="2485"
                         VPOS="4026"
                         HPOS="3620">
                  <String ID="string_region_1638958629574_6160l44"
                          HEIGHT="131"
                          WIDTH="2485"
                          VPOS="4026"
                          HPOS="3620"
                          CONTENT="be duely discharged this I gope you will do for mee. the £7.14.8½ foryd ad 35"/>
               </TextLine>
               <TextLine ID="region_1638958629574_6160l45"
                         BASELINE="3646,4194 3766,4190 3886,4187 4007,4184 4127,4182 4248,4182 4368,4182 4488,4182 4609,4182 4729,4184 4850,4184 4970,4186 5090,4188 5211,4188 5331,4190 5452,4192 5572,4192 5692,4192 5813,4192 5933,4192 6054,4192"
                         HEIGHT="139"
                         WIDTH="2441"
                         VPOS="4098"
                         HPOS="3630">
                  <String ID="string_region_1638958629574_6160l45"
                          HEIGHT="139"
                          WIDTH="2441"
                          VPOS="4098"
                          HPOS="3630"
                          CONTENT="nd Wanner sah been sere  ago &amp; is returned I supose de will be in lag non, one dhompton "/>
               </TextLine>
               <TextLine ID="region_1638958629574_6160l46"
                         BASELINE="3618,4270 3739,4266 3861,4262 3982,4260 4104,4258 4226,4256 4347,4256 4469,4256 4590,4256 4712,4257 4834,4258 4955,4259 5077,4260 5198,4262 5320,4264 5442,4265 5563,4266 5685,4268 5806,4268 5928,4270 6050,4270"
                         HEIGHT="111"
                         WIDTH="2466"
                         VPOS="4205"
                         HPOS="3601">
                  <String ID="string_region_1638958629574_6160l46"
                          HEIGHT="111"
                          WIDTH="2466"
                          VPOS="4205"
                          HPOS="3601"
                          CONTENT="of Brussels hack made him beleave more then I could do about the laces, I doube de will make "/>
               </TextLine>
               <TextLine ID="region_1638958629574_6160l47"
                         BASELINE="3638,4340 3758,4338 3878,4335 3998,4334 4118,4332 4238,4332 4358,4332 4478,4332 4598,4332 4718,4334 4839,4334 4959,4336 5079,4338 5199,4338 5319,4340 5439,4340 5559,4342 5679,4342 5799,4342 5919,4342 6040,4340"
                         HEIGHT="50"
                         WIDTH="2435"
                         VPOS="4302"
                         HPOS="3621">
                  <String ID="string_region_1638958629574_6160l47"
                          HEIGHT="50"
                          WIDTH="2435"
                          VPOS="4302"
                          HPOS="3621"
                          CONTENT="ahyall of Jun butt Jam certaine, te will finde mij buying belter anwr iin exfgeetakon y"/>
               </TextLine>
               <TextLine ID="region_1638958629574_6160l48"
                         BASELINE="3614,4414 3729,4412 3844,4412 3959,4410 4075,4410 4190,4410 4305,4410 4421,4410 4536,4410 4651,4410 4767,4412 4882,4412 4997,4412 5112,4412 5228,4414 5343,4414 5458,4414 5574,4414 5689,4414 5804,4412 5920,4412"
                         HEIGHT="94"
                         WIDTH="2339"
                         VPOS="4329"
                         HPOS="3598">
                  <String ID="string_region_1638958629574_6160l48"
                          HEIGHT="94"
                          WIDTH="2339"
                          VPOS="4329"
                          HPOS="3598"
                          CONTENT="us good a man sces differencce &amp; then if de mt de may iudge accordingy "/>
               </TextLine>
            </TextBlock>
         </PrintSpace>
      </Page>
   </Layout>
</alto>
