8358 4636
628 200 853 105 London m Abram Vivian

1770 199 799 129 Antwerp 30 gber 1682

886 282 2395 160 y mij last to you was on the 26 courant sence recd. y of 11 & 15 ditto where by

862 427 2367 101 finde that you mustake my lesters, or do not under stand mee s alwayes

868 494 2428 106 told you & so do shill, that never you must send any bayes or kerseis by wad

871 558 2410 107 of rotterdam, bust cloth, because the charges uppon cloathes by that way of

865 661 2440 126 are inconsiderable, where as bayes & carsies will not bare itt, so if you

875 718 2421 124 examin my lest letters iyou will finde, that es alwayes exspressed cloathe

862 782 2440 122 to be sent by rotterdam which pray observe for the future, and lett a bale

875 890 2428 125 of dosins and one of northrens more bye sent that way of any op ortunitn

857 953 2391 114 presents sooner then pindar. I have woor you the 16t o have the bayes

855 1053 2293 101 sent up to london, because formmerly . had goods so, which then were

860 1104 2432 129 re shipped there: butt seeng the heary bayes are sent by way of rosterdam

869 1207 2422 143 lett the kersies come by pindar, by which I exspert the rest of al my

889 1280 2424 137 orders compleated, & lett yd freinds do the best they con, for wee may n

875 1362 2404 157 tye them tog a pennie though I could nisth to have dosins att 3„5 a 6„

872 1460 2420 116 yett lest him dohis best, give hun fal order to do as for him self, that

854 1536 2438 119 so he may finde no reason to complaine, or to be backward, for the sime

869 1620 2423 102 of sale is non & wish in 2 months is past, or aft for thest till ½ aber

871 1696 2413 109 & had I goods I could gelt mony non, the 4 bacles arrived by smith are

877 1766 2422 114 non aff the key here, batt that suply  doubt will not serve my turne

848 1844 2436 139 for 8 dayes : so pray proceed wisely, & make no mistakes I have given you

878 1929 2404 112 creditt too the bale N78, if these reds be prest all the clooth over itt

893 1992 2392 114 will be well enough, butt as I told you before the lost when not nrest

877 2052 2405 154 att al, I doubt you have from mee, because I finde the reds bought

879 2143 2297 130 which last I ordered, & what fiest  ordened & finde not as yett

876 2212 2417 145 tought I exspects that all shall be punctually compleated by pindar

866 2319 2418 123 I shall accept yd bull & pass to yd acctt & by nont post shall advise

884 2377 2394 130 you how to do, to warde payment of the goods a buynge inclosed you have

876 2445 2394 143 a note of 2 banes and sonce frances deliverede board akings gaght the

873 2545 2376 131 2 banck y. 21 pictures 10 more are in N1 aboard p de wolf a binlander

885 2616 2395 151 each hath some fronces 14 in all the rest shall follow p first not beeng

861 2687 2418 138 ready: p nent invoyce & se  wonder heare nothing of the lacetradt

871 2764 2410 137 from you, ofhers are vere brish ast ytt m on moons inquires som

880 2862 2413 107 times if I have no orders to buy more & how they sell: pray a word remaine

642 2906 654 118 London John Loyd

2052 2932 513 135 30 sber i62

861 3020 2433 151 according to what I wrott to you on the 26 cuust have shipped aboor

873 3118 2390 112 aboard peeter de wolg a pack of tykes, ascording to the inclosed note in

859 3192 2426 142 the £ 3 seales marked nith a line undor the contingh beeng in 3 ps are

875 3248 2372 134 N11 p of laces, besides & have sent you & p of lace connrade up ni a

860 3341 2395 137 small packettKN1 bj a kings yaght which also not went away y

876 3432 2383 122 yeasterday, the doefor heefor soone hath ytt as by the inclosed note you

876 3499 2419 109 will see, god sending al safe to yd hand, I and sure you will make ift word

873 3588 2416 142 yd will, because itt is bought vere well & godd cheap, for the cost, & charges

866 3634 2025 152 pleasets give mue credit, whilst nith lende saluts I' remaine

984 3713 897 147 of the laces are in the tykes

2014 3762 508 149 with the yaght

1211 3815 138 72 552

1202 3865 167 77 553

2140 3862 115 73 554

2340 3839 953 134 the & 2 seales are 2 in one & noted

2148 3925 126 68 557

1206 3925 144 67 555

2364 3947 879 119 2 seales the 3 great lead also

1195 3978 136 83 556

2355 3981 707 154 & maghed  great lead

1202 4030 143 60 658

1200 4075 140 72 560

1187 4126 153 71 562

2108 4119 162 128 56d

1195 4173 152 76 564

1199 4234 61 56 51

2125 4235 142 82 570

1174 4225 154 115 568

1178 4319 153 86 569

3355 173 725 131 london Henry Collier

4581 203 891 137 ntwerp 30 gber 162

5884 225 153 96 28d

3573 256 2380 188 & my last to you was on the 26t cintt sence non from you, inclosed

3573 380 2454 122 a note of the bale of tykes & N 26 shipped for you aboard of p de wolf

3588 439 2392 133 which went from heme yeasterday, itt is assorted nith seu of all the sorts,

3569 502 2212 185 & hope will geve content, which, is the need full att prosont from

3362 583 632 156 Brussel Steven Kints

5383 644 283 132 C 30 d.

3549 704 2473 179 In antw. aenn den ul van gistren de baijen n hebben maer heden connen gelest woorden

3576 852 2420 170 soo dat ick de selve morgen aen ul & beurtschip tot seynde, als mede de fijne geperste

3556 958 2479 146 mod. spaens laecken, waer van de facture as dan sal volgen, hope ul alles schrdrgh

3565 1046 1955 110 sal in rujs hebben, & soo wanneer ijts anders soo ul dinsl voor valt

3570 1110 2443 180 ten is mijne fauten niet dat de goederen soo lanck tardeeren, alsoo die nu  van ostende onderegen

3571 1203 377 135 sijn geweest

5498 1235 325 139 30d

3396 1271 665 187 Brussel ant Rousseau

3565 1426 2409 160 J'ay reccu la vre de hier  la quille je rouve que vous avez u l'or evoir envoye

3570 1549 2411 156 mais vous fait la somme ƒ1291:2½  au bien de ƒ1294:15- non obstante je suis

3561 1613 2371 171 reson d'estre d'accord avec vous, & je vous feray tenir le surplus par le me stager

3570 1728 2409 193 en largens en ne sacq bien caschede selonen. ad., & e. advisser sepreneray

3571 1855 1875 122 soing de recevoir la valeur de r remise, puis que je demeune a

3385 1924 667 173 Brussel Jan Be Stock

5467 1930 438 156 an7:

3550 2065 2438 160 desen tot advijs as dat ick heden hebbe ontf een groote partije noortsche goederen

3555 2172 2418 168 volgens ul lest hier sijnde hebbe gesproocken, daer beneffens vestehe spanse laeekens

3579 2298 2351 135 gelieft ul nu over te comen, ick en wil niet twijffelen, oft sal ul somen accomods

3576 2339 1131 168 aen puyck goet, en alle satind

5506 2468 242 92 2d

3397 2461 677 153 Brussel Jan van Elsen

3561 2584 2400 165 heden, hebbe ick ontf 10 packen niet versche noortcche & andere goederen

3579 2702 2397 120 van alle sortin, noghtars de alderswaertste bayen sijn nogh tot Rotterdan

3555 2818 2441 100 evenwel ick hebbe ontrent tsost van differente soorten nu diet, soo ick ul

3571 2872 944 145 can dins tdoen, gelieft te con

3379 2961 1216 182 Brussel Bernaed vanden Clooster

5419 3055 205 148 2d.

3607 3105 2377 192 volgens 26 deser aen ul hebbe ges hebbe heden de noortse goederen otf as mede

3553 3179 2029 220 eeenige  laeckens tandee, ul can dinst den gelieft te comen

3402 3262 779 204 Brussel Henrij de smet

5419 3349 202 110 2d.

3551 3466 2449 168 cq hebbe nu wederom, verse goederen ontf volgens ul heb geseyt, in gevalle

3553 3521 1590 174 ul voorder dinst can doen gelieft mij te cans.

3425 3610 1213 200 Brussel Govert ververs, en

5469 3684 209 104 2 d

3560 3751 2388 204 Ick hebbe heden 4 partije verjke goederen van Eng. ontfn, soo dat present

3572 3877 2374 141 van alle lortins. seerwel ben esien, ul ijts noodrgh hebbende gelieft te

3564 3930 248 161 om
