7962 4581
762 161 2360 104 lyes ready here can be sent att any time besides shall not proceed in buying

758 242 2345 103 before I finde yd order, that itt is to yd content what already sent, for if

747 334 2387 109 that doth not prove exceeding well I must give up thought i do not fancy the

763 395 2340 82 narrow laces, as I could have wished, yett hope to have yd approbation that

748 475 2351 83 they may render you a considerable intrest, for they deserve itt when

751 545 2291 125 you receam these goods send mee also yd advised & opinion as to the

748 625 2274 107 ordering of them & if you please to have the rest don up in the same

768 666 2301 123 manner, not questioning butt that the packetts are now finall enough

758 737 2241 144 yd in ordered lumen is ready to be sent to bruges to m. Rapael coots

746 825 2279 114 to come pr. first vessel for London, which is the needfull att pol sent

762 880 2268 133 inclosed is the second bill of the £150  remitted provided the first

765 994 1759 100 was not come to handes so take care the needfull

2184 1003 822 176 In Antwarp 21 Janu

480 1007 852 134 London Henry Collier

2671 1087 161 84 th

1810 1062 110 111 th

770 1063 2348 184 S my last to you was on the 4 curitt, sence recd. yd of 24: past with the

761 1172 2330 122 procuration & letter to m. Antonj Herreyns which have delivered him &

769 1276 2300 115 he hath been with TH. & showne him his order, wherefore did all he could

761 1331 2303 112 to persuade him to complyance, or elce that he would force him by law

761 1409 2289 134 he hath very farely comted & begged to delay butt 14 dayes which he

758 1483 2361 118 hath granted him in hopes to gaine his owne reason against him, butt

746 1563 2351 132 in case he doth not comply there he will proceed, this herreyns promised

758 1645 2331 136 to write you himself so give him directly yd positive order & answer

753 1718 2367 137 which he may show TH. that then he certainly sees itt is yd will

746 1765 2390 173 so & then lett him do his best butt I feare he hath itt nott whoever I should

742 1885 2354 144 be gladd in case, he could comply with the £280 I hope RS with you

742 1956 2318 128 as soone as this: my next shall bring yd acctt they beeng ready to be

754 2033 2328 158 drawne out: Ben klerck is not yett arrived uso wishing you all good

435 2111 1014 187 Brussel Joseph Sabberton

2254 2165 818 121 In Antwarp 21 Janu

1467 2150 206 141 33 th

754 2234 2387 126 S in answer to yd of yd 19 curitt observe the invoyce of the laces you bought

742 2324 2385 123 for mee, which I could wish here I beleave the messenger is the best

774 2432 2325 127 way were fore you could make itt up in a packett as itt should be send to

752 2502 2376 156 England & send itt mee p a trusty bode, please also to send by itt 20 3 elle

743 2609 2368 116 of seer cloth for I do want itt I hope so see you in few dayes when shall

723 2696 2341 106 give you satisfaction & the true opinion of yd buing if the waters

731 2755 2335 142 were open, should come this week, butt if not itt shall be next god

745 2857 2364 130 willing, which is thenedfull a present from, if you rekon my danger

736 2919 2375 132 by land you may sending till I come butt give advise of what you

757 2982 1510 148 have don to governe my self according

460 2994 988 179 Rotterdam John vandermaulen

2175 3038 890 158 In Antwerpen 23 Janu 1681

733 3109 2363 151 Mons. den ul van 31 past is mij op sijn tijt geworden & nae ul reseprofey

746 3240 2312 116 gewenst te hebbe een geluck saligh nieuwe jaer hope dat bij nu John

708 3321 2390 81 brouwe voldaen hebft, hebbe door noot om gelt heden op ul gevalieet

732 3405 2378 88 in twee a 3 dage te betaelen Jan d ordre van s adriaen de maren vierhord

1612 3464 96 47 ut

1594 3455 1520 132 oet voorde weirde al hier ontfang van  geory

736 3460 802 135 achteug guldens cosant

725 3516 2289 148 borsheek ick recommandeere ul dier mijns brief sal dan wijders

747 3618 2387 116 ul rek corant afwaghten & met verlange te verstaende voldoen

751 3693 2338 158 van John brove om mede de saecke tot ul contentement t

732 3819 753 139 terwijlen Blijve

4875 161 1048 107 In Antwerpen 24 Janu 1681

3353 153 668 129 Ausso Joan Button

3512 238 2414 153 Mons. volgens ul schrijven van 17 deser heb het gelt wel ontfang sijnde

3544 370 2316 113 £52:24:5 ende het selve die volgens te boeck gesielt in gesloten heeft ul

3527 442 2205 105 de quitantie voor wed de kooy, mijn laken serges sijn noch niet

3545 469 2385 186 gearriveert dan worden dagelijck verwah het geen roy cottons soo en senden

3484 550 2391 195 geen ander gelieft de serge bij ul te handen en het beste daer mede

3485 637 2389 192 te doen ickt had aen ul gesoende Reb gesonden, doch het schejnt dat den

3534 734 2133 131 bode den brief verloren heeft, al hoe wel ick hem selv bestelt

3549 846 2357 139 was van 10 deser ½ wit frisees N 474 a 42 a 12 ½. 13 ƒ26:5

5662 930 105 84 „7

4272 956 825 137 3 sergen a ƒ25:15

5653 995 205 90 „ 22:

4286 1027 542 103 1 wilt kerbije

5314 1038 600 179 samen ƒ125:10

3553 1098 2285 186 alle engels goederen slaen seer op in Engelant wwel 15 ac6 pr

3548 1240 2312 136 wel deorder als voor leden iaer ick ben godt lof noch wel versien

3553 1294 2319 111 kan ul tegens den rasten wel accommedeeren waer iets voor

3556 1393 1472 132 valt ete sende de 5 sacken noch mede

4921 1439 967 149 In Antwerp 24 Janu 1681

3327 1463 743 135 Lille Bed Whiting

3537 1556 2357 138 S. after haveing wished you by this on happy prosperious new jeare desire

3505 1588 2424 156 onely to be informed what news you have of the embarge in all frenh

3553 1717 2241 105 harborought, as itt is ragated here butt in certainly I to be besides that

3552 1754 2383 125 english vessels att dunquerque are taken of thier rodders intrim I supose

3548 1846 2381 144 m. Richd. Southell is gon for england before this shall come to yd handes

3550 1916 2372 124 excuse this my desire & in the like occasion freely command him the

3313 1960 823 175 London Will Scawen

4894 2004 933 132 In Antwarp 25 juni 1681

4608 2034 204 116 th r

3574 2091 2255 122 S. sence I wrott you last on the 13xb from you thought I could have

3547 2153 2382 168 wished to understand yd opinion of the acctt of sale sent you, & if the proffitt

3550 2243 2355 171 is to yd content, the most part of what was resting then is sold, no less, butt

3550 2358 2365 107 more then calculated to be worth by p same acctt some  res onely

3542 2423 2338 130 resting: sence also have sold part of the callicoes last reclaned, butt can not

3543 2517 2319 117 exceed 10 a 12 pr et. proffitt, & have already about £60 st for you in casse, so

3559 2578 2340 155 pleased to give mee yd order if you will have itt remitted att sight or 2 uso,

3560 2667 2283 151 or sent in gold, or otherwise, whilst I shall endeavour to make it up

3551 2739 2258 152 £100: by that time yd answer comes: I have recd 2 bales from bruges by

3546 2840 2250 112 waggon  N1 & 2, butt those that cost 31: bare & prove no better then

3546 2883 2210 130 those of 29:6, so that I finde the salempores dijed do render best, my

3552 2972 2298 127 customers demand brown salempores as the bale N2 is of which wee

3552 3072 2235 139 may consult to wards next sale whilst I wish you an happy new

3553 3123 668 99 jeare & remaine

4921 3150 934 139 In Antwarp 25 January 1681

3276 3121 958 176 London Henry Maynard

5252 3233 105 101 th

3550 3257 2327 138 S. my last to you was on the 18 curitt sence recd. yd of 10 ditto, this well that

3530 3332 2283 129 my remises are accepted, I do not question their due complyance unpay.

3548 3432 2373 123 es for yd acctt I could not finde billes under 35:6 a 7 a 2 uso, butt itt is beleavee

3560 3500 2361 151 itt will fall, so in case I can finde good bill under that price I shall remitted

3552 3573 2289 156 you, if not buy the gold & send itt as you desire assureing you that I am

3528 3632 2349 191 more zealous to prevent yd want, as itt can be exspected from the debts att

3533 3747 2394 118 present, butt towards spring itt will be better I hope my last shall

3531 3814 2300 173 given you content as to our articles if not advise mee, thought I

3523 3941 2326 119 wee minde one the same case & differs in expression onely: the acctt

3540 4016 2329 119 or generall hath tarried because Rap. coots did not send the acctt o

3537 4103 2339 125 charges somer, besides have been in disposed some dayes & now god beta

3540 4190 2352 133 better do faithfully promise you to draw itt out & send itt the latter
