8535 4601
2719 195 585 150 23 meij 16827

889 196 835 155 Londen mr. Abram EAvian

1113 311 2253 150 mj last to you was on the 26 sor. sence from no when any from you yett f

1089 397 2318 126 hope you ane safe arrived before this. inclosed invoyce for one packett I lav

1091 510 2325 171 sent for newport yeasterday for yd. ½ thare in which please to give mee credit

1105 600 2248 155 amonghst the dosins must be att least 2 fingle p of cho inclosed callons

1106 707 2301 139 besiden the in ordered goods must be ne bale to cont. 8 dub. radads 2dbe

1097 850 2277 116 blews of about 3:6 a yd recw a rather dyed & all 4 p ayd., wrapped wich

1090 942 2310 115 3 or 4 white bayes, also me bale, with 20 drap culloured mixt carsies of a yd

1079 1049 2285 100 broad of the vre best goods with 10 red larsyes, 30 yd which I all is 2 bales

1078 1143 2310 123 more then what I mentoned by my last, pray keep a particolar acctt of th

1083 1257 2321 126 good: I desre, that so att any tume you be able to finde outt what is warting

1085 1346 2311 116 to compleat my orders, a bove all pay lest mee have good goods of ale

1080 1444 2311 109 serus, & rether alle some thinge more according to valery the miet

1083 1534 2295 144 kersies I shall want of the first, with the reds, & you must ende

1087 1640 2290 144 that most all the kersies may come with the nept ship after smigl

1070 1737 2313 165 for I doubt smics shall be gon before any can be ready att bull, I have

1075 1836 1323 148 ac the inclosed whiche her I returne

888 1940 871 178 londn m. Henry Maynard

2849 1962 276 164 6 23g

1077 2039 2245 202 mij last to you was on the 16 sc. sence recd. yd of 5d. I have no nws

1317 2172 89 64 sen

1418 2175 109 67 wel

1081 2168 2256 183 yett of whener goo send hum speedly ovea, I take notice of what you could

1061 2278 2323 122 have withed, truly, if I slought I could save don you any aggreable seavie

1097 2379 2286 126 & I could have had the reds & pack whites from other landes, butt whre as

1091 2485 2312 129 I have had no goods from london from any othe sand thi 12 moncl, so

1074 2573 2344 121 was loast to give any ot freind the cou, yett I confers. I read this yeae

1066 2697 2314 120 5 duble reds of a freind knowne to you, butt no spanish clooches, & if you can

1051 2810 2314 142 make itt apeare, other wise then what I say, I'll loose a £100-  for eace

1056 2860 2329 178 splwish clothe I recd from any other hand butt yd either for my owne or 4

1064 2991 2319 81 com. though I suppose I cuuld have disposed of 30 spanish cloaches more

1055 3072 2302 151 then spriny then what I lave don, If I had dad y, frincipolley of

1045 3179 2295 149 lovely drap cullours low prijses for evor sence apl bill now, wee have had

1068 3276 2301 151 vere consideable salue, & so much to do, that i reabte I have had no

1027 3388 2326 134 time to send you the acctt. of sale, butt the worst is that mony doth not

1058 3474 2246 157 come in accordingly. inclosed some more fatt. which I  for spanich

1064 3571 2323 150 cloaches to yd. gd., yeasterday have payd the other £100- to m taylor his

1049 3681 2323 107 ad., which please to note accordngly, now shall be for remises &rept on my

1041 3758 2310 161 accct. dispasch as soone as pou some spanish cloaches principally drap cullours

1036 3851 2295 149 for I want them. I have pamined the norchres cloaches reed. from you by

1050 3979 2286 118 diudar, I finde you save not amaided yd. hand most part not laveing

1047 4067 2325 134 pheir full breach of  of a yd, & there by no pennnworcks, so than I cam n

1044 4129 2263 172 i geselve to inorder niy niem, for e finde mij self much beter seved

1050 4197 2314 167 which I do Intmare you because I know you lora our Intrest,  sots is drsinguing

1038 4251 2361 148 a now whare house att Brussels, hach send to a new mace hand there the goods arrived from the north, & srtended for

1028 4363 1652 53 vale bit as soone as they cam ats dausiels n all seased of che erditors

5384 181 669 163 23 maij 1682 4

3448 176 775 156 Londen M. Willem Scaver

3582 320 2444 122 In answer toys of 5 furtt., siever waner is well arrived, & I do eexspect the goods

3585 403 2453 104 here verr speedly where yds freind m fore conw reacher shall endeavour to brooke

3603 487 2407 124 all my clownnes to entertaince him to the best of my experieny as a fremd

3583 560 2431 115 recommended from you, & furmis dim with mony if there unto desired, though

3582 644 2493 165 you liit no sume. as to the collicoes designed for m. vale in caso m fabbuton

3601 780 2457 112 dogh not aggree aboue them with sard valen & that nime go oft, I'll take them

3601 865 2387 152 I have understood they be already att brussel, I must be the with in

3565 924 2489 173 & shall ferise the same whillt you shell be able to know what mr. Sabbarton

3565 1015 2420 189 shall have effected about them, butt I doubt vere much of any complyance

3588 1115 2452 170 of S.V. the goods that weae designed from the north for mr. vale have been

3590 1198 2411 195 heept up at daugen, & sij dineekn of m coots sent to smebiden ele, but

3581 1316 2445 205 by the creditors jeased so shall say no more till I see these now hem

3588 1425 755 158 andtheme as brussel

3484 1531 872 181 Brussel m Hendricq de Smet

5485 1582 352 142 23 mey

3603 1598 2419 232 desen tot covert van mede gaende facture welck ul naer xaminake in mij

3596 1741 833 164 credit gelieft te stellen &

5498 1822 259 175 23

3486 1874 737 173 Brussel m and. Eertsens

3602 1984 2286 144 t'seden dat aen ul op rt hebgest, heb den ul van selven datu becomen, te

5792 2062 220 110 a4de

3586 2145 2436 101 sal met noodigh sijn, dan ul van 6 willens ofte jmant anders uyt de sweede kant

3595 2193 2430 120 soude gelieven roode laeckens te ontbieden, alsoo met godtt grate ayel aen de parlije

3601 2292 2415 157 can dienen, waertoe voor een monster heden 4 st aenul hebbe gesonden volgens

3588 2380 2419 158 de medegaende facture vande minste prijsen sullender wel 3os wesen, sijnde van 2

3598 2461 2403 195 dff meesters, naeste maendagh comter nogh een pacq van een ander meeseer waer

3596 2585 2440 190 of de stalen sal sejnden, ul verseekerende, dat niemant, ul soo goeden coop, & pone

3594 2685 609 130 sal dienen als seg

5476 2799 248 144 oms

3475 2761 824 199 Brussel m Jan van Elaen

3599 2887 2278 170 In gevolge ul ad vante desen mijn belofte soo hebbe heden aen ul gesonden

3608 3035 2379 110 beurtschip 2 dobbel roy laeckens waer van hier in gesloten is de facture

3617 3078 2369 131 het is het puijexken uyt de partije wenschte wel dat ul deselve t'huys hadde

3600 3222 2357 100 sonder dat m vander Borght oft artsens de selve saegen, hebbe die sonden tabat

3591 3302 2428 145 gestelt om dieswille dat het selve op 't aldernauste soude geschieden: Ick hadde

3611 3383 2311 132 nogh minder soorte maer twijffelde, ul daer mede niet wel soude gedient hebben

3614 3492 2396 180 alsoo de selve voor un gelt niet soo goet als dese waeren, oversulckx en twijffele

3601 3589 2062 150 niet oft sij sullen ul doen blijcken dat scq beeter coop geeve as een ander

3562 3599 2452 197 is t bijaldin ul nogh een minder sorte belieft van ontrens 48 st perne verwaght eenige de naeste weeke van een ander soorte

3479 3745 615 168 Brussel mr. Sr. Jacobs

5522 3749 251 116 23 p

3627 3854 2389 116 hadde icq ul ad. soo als die nu become van 21 deser waterden gehadt sonde ul

3605 3933 2397 124 wegens de bayen met alle pontuatiteijs gedient hebben, dogh hope de preiud weijnigh

3602 4034 2399 115 mits ten eersten een ande goede pange te gemoet sin, ul daer mede hebben te

3604 4120 2424 115 dienen gelieft te laeten weeten. onder tussen den baij die ul tot comesijn van ƒ30 6531-

3599 4193 1188 170 sal de naeste weeke geverft woorden
