8501 4649
2696 200 544 190 @ 18 July 1687

855 230 1008 163 Londn mr. Abram Divran

1060 315 2333 197 mij last to you was on the  surdd sence recd. yd of 31th post ith

1061 455 2385 184 factoryes of 3 bales of cloth de l0s kerties, you frposeing to send mee

1081 577 2333 154 as many more next, which I exspect accordingly whilst a bove

1079 666 2364 148 all I want bayes, saveing non by mee, so that I should be att avea

1081 769 2327 178 great loss, in case there comes not att loase 2 bales with Pindar

1113 871 2282 172 I heare he is al most ready to saile, Io for gods sake, do y

1088 984 2320 163 endeavour to have yds bages & kerties aboard of Hom, though I shaned

1127 1112 2311 135 gave butt one bale of dosms, one of brord fine cloathe, & one ofonchrens

1112 1232 2333 132 aboaed of sur. asapy rules I can do no good in remiiing, so yt

1106 1328 2333 148 maij draw £2or 3oos on mee for my nett est 2 ito that is for

1116 1407 2315 171 as much as you shall be straightned, for att this months end

1103 1521 2324 161 shall be in a condition to remit to boath ous content, on which yu

1099 1627 2348 164 maij depend. m. moeus hath recd yd. which I intor fretaced dim

1128 1751 2043 165 I could with the trade was answerable to yd expectation

2842 1881 299 155 @18d

916 1875 782 182 londen m. W Scaven

1139 1989 2306 140 I answered to yd. f30 past, as for tykes, when you please, I'll seve

1111 2080 2317 167 you, whilss Intrim you please so make notice, that her they are ris

1110 2159 2311 193 by 6 a 7 and 8 f in a p as for yd bll on m. de coninck, w.

1132 2282 2281 158 lhinden belivered itt to mee, I went with ett & yd fapers to John de

1129 2376 2267 152 coninck, & saveing showne dim in mistake de hach ad cast acepted

1115 2470 2330 174 yd bill, tuch I have delivered againe in that cond to m landn

1128 2598 2339 160 whe desires 5 p charge, which I told dom fehnde coninck must pay

1144 2694 2315 146 also, butt if be would not rather then troubles, that I should payett

1133 2805 2309 174 for yds acctt m desommes dach kapt with hm the protest, & des

1147 2908 2309 197 bill, which you save payd for his donour, so do onely rcturne yu

1181 3008 2276 161 vre letter, which did convinee bun, shough tt be uritten vere sipocuity

927 3112 285 156 Lmbon

2929 3188 277 148 C 22 d

927 3173 931 183 Duynekrecken Henrij Willingh tont

1164 3294 2282 163 de ul 29 pass & 3 deser wel ontf. de gerlen waren soo veel as gecoght

1153 3414 2257 146 noghtans om dies wille dat ick bij de ul laspeurde, daer wejnigh

1149 3525 2294 165 aen gelegen was, oft icq de selve hadde gecoght ofte niet jadie niet

1133 3601 2306 205 gecoght sijnde soude daer laten soo hebbe dan de gerlen wederomseyt, ende

1150 3709 2261 198 sonder schaede daer afgeraeckt, over sulckx deeft ul de canten & ader eersten

1157 3851 2282 179 te verwaghten, bendvens rimoste voort smplus waer op ul sigh magh plaen

3492 194 650 146 London Abram Vivian

5424 192 665 172 6 maj 1681 1

3675 268 2334 197 my last to you was en the p & 1 surtt, sence recd yd of 3 & 7d. the first

3683 400 2412 162 bainging invoyce & patt. of the bale no. 61, which is well, butt I do almost themble

3671 521 2424 100 to see no invoyce of any bayes, for oneles I have a 10o p come & frst I shall

3657 618 2406 118 be att a dead losp, & peat drireputation of my ware touse, & as I understand

3647 679 2413 148 Pindon is al most full, because suith sad lest above 20 bales be binde dum

3644 784 2429 99 last voijdge, ne de is att hull againe, yett I doubt Pindar shall come att

3645 859 2431 150 least a moith before him, I should be gladd to have bayes & kertyes aboard

3652 982 2379 149 Pindar, though thee was butt one bale of cloaches of each sort in dm

3653 1062 2404 153 nay nather then faile if no bayes could com by Pindar, I would have one

3651 1160 2438 199 bale sent to bronerdam or doit provided the dipatel could be accordingly, so pray

3648 1257 2442 185 use yd utmost, to promote our Intrest. no as for mony, I amas tensibl

3668 1385 2359 165 as you can be, that I lett you wnte for ist, yett I can not do, what I could

3660 1469 2400 170 of my freindes bad not been sopmich frustrated of ther way on Brussel

3657 1588 2355 138 as you know 173 „A.M. a N.C, & Indeed that hath Tindred mee much to

3651 1641 2436 193 comply il you to yd owne desine, & seeng wee are not borne for our owne

3645 1817 2425 163 selfs alsogleter, so must ave pat, butt Ihope te goever to demonstrate

3636 1889 2407 179 my utmost to assist you, m. Towaters bill shall finde due denour & be

3658 1964 2380 190 plaeed to my acctt., I go this week for Brussels when I hoye to remsorce

3661 2103 1965 124 the cash by that I shall be ablee to send you a good suply

3504 2161 699 189 Londen Henry Maynaid

5541 2228 241 121 6 22d.

3649 2346 2435 153 mij last soyeu was on the 18 suns to which referre you sence recd. yd of 78

3660 2471 2412 125 by which I observe what you discoursed with silis naesh, lett un dave du paise

3666 2572 2386 128 provided de makes them, as formerly I am att a loss, that I lave not 5 ge

3652 2624 2420 142 al ready againe, te lett them not barrij lengr: sseven warner is well arrived

3667 2755 2360 143 as soone as I see the sramett, shall advise you the needfull, the goods from

3650 2835 2410 150 aboaud Babar ae come to sandes, I finde the bayes urappers at 43:6 jure

3643 2923 2424 164 itt must be yd. cusoome to give that price, for I finde in the bale fromshie

3644 3058 2436 174 north MN.15, 2 bayes att 143.6, in the balen. 21 3 bayes A.S. att 43.6, when

3646 3169 2391 155 as in the bale n. 22 theeis one & the vee same A.S. att 36.6, which pray

3647 3273 2449 144 examine for the vee best of them all principally from the norts are worth not or

3640 3379 2412 135 farthing more then 36 a 37 p, have given you credit for my ½ share in the bales

3643 3496 2340 163 30 & 31. Inclosed in the accctt of sale of last month, which please to

3638 3564 2389 189 peruse, & finding waight note accordingly. I am not as yett in a contrsou to

3632 3668 2401 191 asswitt, which ooo week, to yo gead I exspect shall be, because I go for Brussel

3626 3811 2407 168 this week, to yd god., as for the northren trade, when you go to the nores shall

3633 3899 2406 184 send you patt. for one bale of cloathes so see what yd. presence hen can effert

3635 4006 2346 180 hetrember mee to m. Sabbarton, & sell dum that I gott bicense to press dis debtor

3640 4099 910 166 dere, & voye to effeet is orders
