8337 4670
595 191 803 143 London Henry Maynard

1757 191 956 151 Antwerp 3 sber 1681

852 319 2427 132 S my last to you, was on the 26 th past sence reds yod of 28 ditto nith

846 414 2384 68 invoyce of 3 packes which you hoped to got aboard cramp I gould with

849 483 2429 93 N50 was because that comp the fine spanisch cloathes which I want my

864 538 2411 101 you may frely bay a bale more assorted as N50 though not se many so

841 630 2439 92 for the bale NN45 is almost told I most of N50 by the past I obferve uh

867 690 2407 116 you say asto the reds too truly the last bale proves deare enough sow

857 772 2390 98 must desist in thout com I hope the last bought are of a more

858 826 2399 122 libely cullour for the formans are so brawne, that I kan not o

857 916 2322 77 then off as for the 6 silver mark the Jesuits here make heavy

853 973 2399 119 complaints of the last recd bleng to then by much, so that they desire

842 1048 2420 68 mee to in order non more of that qualite for they conty bat the

844 1118 2432 102 same wieght as the formans of 35 a 36 yd: & that which these are

847 1212 2395 103 longer I should be milled nto give them due substance, where fore

835 1268 2438 109 pray yet his cloathes as formerly he is used to make them & then let

849 1340 2417 78 mee have 5 a 10 more by christmas, so to proceed about 5 pr by aven even

857 1404 2417 93 3 monthes I doutte he putts the refisall apon you: I would faice pleas

844 1473 2377 100 the good peonl: here, for they are a sure iustonce & of consiquanc

850 1580 2426 83 there fon endiavoir to provoile on the maker & am ture if he mans

841 1624 2429 98 no bester of ofhes they shall nod be sold here, but in case heet shall

840 1704 2408 98 befored to gott cloth nor made here of that custome if you ncet 5

820 1787 2456 98 pack whites of about 26„ 27 a 30 the 3 fran send themto neces as as yoo

834 1833 2384 149 sapose pennien oths, for beleave, I shall sell more pack whites

823 1915 2411 119 then yetwer I did I hope the goods in order by pindar wil come

822 1954 2446 148 in tmme to come nih him al that good care & la betaken foo al thoey

851 2045 2332 127 mee werckly to have had mistakes in the goods arrived with smet,

854 2115 2345 142 amonghst which I foand of yd fendingh severall packes with my

862 2227 2401 85 march & yett goodds drrecsed to as hop seeper here traly I tought you

854 2258 2417 98 would serve no shopkeepers & so to make then accquainted so whers sort

842 2333 2430 103 of goods I demand how would you have mee accquant you of then thes

854 2405 2384 117 de well in the morth, to be served by if soldonny, I ane bure, to bring

850 2480 2426 109 up abird to pak out my cownebys yett let nue have 30 kerseis 33 a 34

851 2550 2414 140 yds of the vere best oed lust & the bradest fort no wors then these of 481

857 2643 2417 110 last ƒ reds besides one bale of bayes afford from 36 to 46 ƒ8 on which depon

819 2697 2442 117 dangh the kersies 23 a 34yd to of 45 a 46  ¾ of ayd and 5 a 6 enches bron

2570 2766 457 126 3 xb 1682

838 2784 1144 141 off ayd af least remain

564 2860 855 158 london A brm vivian

855 2876 2371 188 8 sence my last to you of 29th past recd yd of 18 ditto yd bill I shall

862 3007 2398 92 accent, & hope you wille nort be so argent as to pres for£200 per month

849 3089 2420 87 butt make it pronortinable to the months of sall to do all to each others

831 3145 2404 107 content t I hope to farnish you with the need full for my att by this

839 3193 2426 143 there is no like sgood hood of en oising lett al the inordered goods

821 3321 2426 72 bee ready by pindar, & let ma have no mon encusses, for if nou you

847 3382 2423 76 were here es or smith you I doubt wee should scbuldes a day or too, a

814 3407 2443 159 for I have the best op portunitie of the world world to sell goods not

835 3467 2445 141 al the last bayes & cloathes recd: by fith beeng sold butt sea, so then

836 3567 2435 125 must be no les then 50 or 60 bajes by pindar, besides what a sent

827 3668 2429 109 to rosterdam, of which I heare not one word lett mee know p nent

822 3733 2453 115 about what time pindar is to saile, and acquaint mee of all what passe

818 3836 2444 93 I finde yd nee man will not do a mis his preffing fouldingh & toullet

806 3912 2454 96 fir fing is oather better then that of potter bat mee thinks potter

826 3952 2392 106 cloathes are more pleasant it I finde it not in advised to the herw some

823 4039 2437 137 what more,  shale meafare these cloathes & se hou they hold ont ad vis

839 4090 825 122 ny you whust remain

3351 191 705 151 Brussel And Rousseau

5238 235 561 129 ƒ 88„ 16812

5932 259 114 111 28d

3601 355 2430 131 ie venienvy ie son p le messagier de sclai un sau marqu AK

3635 452 2378 139 contenent & p de 2 ½ pas ƒ 300: en 15 de 3 pa ƒ 300: & ƒ360 en ssmble ƒ 960:-

3603 557 2430 87 ee metrom coblige de faire beau coup dexmises, acmise qu ievoirs

3614 636 2296 119 dewoy peu mentione neiesperqu ou me

3595 712 2424 129 prendre pas mae  ueons peurcies donner dhno

3613 751 2286 170 obtantie nevondries pas qu voirs perdrice quilyn

3609 872 2395 129 ellese un les mattes, mar fart moyla grace de kes depescher

3584 950 2409 146 aidonner dhor enperyenprt on voirs pourrier sam tvoe

3597 1028 2320 151 spreiudies il vous mr plsis ue vous ave

3577 1097 2433 160 cettre or moeedeserdeleir de ƒ300 2 sur mns hendack

3608 1194 2411 136 de smde coms somen le priant de gpyer aere quitenie

3605 1270 2409 167 elt qu ie anra pese, vous pourrie y d'onnerautaince

3615 1371 2395 120 lasssn de regineour receveren tet in adveser enor un

3584 1434 2425 181 gots fais moeg lagrae den voyer cken monche kae ont nles

3563 1507 316 116 ƒ 2080:

3362 1573 859 146 Brussel hend de smet

5332 1588 599 143 4 &b 1682

3551 1669 2473 175 mons ingeleyt ue fackine. also onk oecasiehad om

3567 1792 2464 146 de suynen kennoren Rouusseau (waer van ashb gsproken sooheb

3592 1880 2420 108 aen heneen brefken gesonden sonder som op dat ue opsijn

3592 1941 2408 172 quitnntie aen hemangh tellen naer advenent ul gelegen is

3591 2058 2000 129 doch niet boven de vverhondert guldens a governe

3407 2099 1160 169 muselanmanane devos

5309 2133 571 161 „ 86 1682

3595 2210 2409 189 geadrise het senden vanot tt t een prck voorlausene frans

3557 2376 2424 122 pein en N.S.C voor de wed. p. cordierom aen hinste degessel

3584 2405 1168 138 stellen en onkost op hmred

3353 2481 922 153 Brussel Jud de serdeleir

5150 2444 654 191 4 sbt 168

3556 2569 1817 186 volgens ue gest heb het voor lakengesonden &e

3549 2683 1655 143 dee fijn spaense lakens verwaghe ider in

3571 2759 2429 128 Rob Aenmins Rousseau op ue eenbriefken gesonden van ƒ 300:-

3568 2857 2399 126 develkever sorke op ale rascap ae hemgelestn vetalen

3575 2934 2447 186 ten minsten soo heiest als mogelijk is alsoo het noortsalelje

3469 3020 1315 126 is al salm veroleigen

3335 3086 1121 140 Boussel bernard vanden Clooster

4854 3087 886 162 Antwerp 5 october 1682

3567 3161 2421 197 Mons desen alleen tot couvert vonde mede gaende facture van de goeder

3583 3295 2329 146 aen ul vercocht de welcke met 2 packen en 2 tollen sijn versonden

3563 3375 2409 70 hper suter daeghs beurtschps verhope ul det tot contendement heden salt

3570 3439 2436 104 hebben ontfangen ul eenigen anderen dienst comende doen gelieft te comen

3319 3436 269 171 Brussel

3609 3493 630 138 Aondris tertsens

5130 3530 269 101 5 ditto

3574 3585 2398 149 mons volgens ul ordre van 2 deser hebbe saterdagh aen ul p beurschip

3560 3676 2423 141 gesonden het grijs laken de welck hope heden, wel sult hebben onffangen

3820 3729 322 109 N177 a

4308 3735 210 127 a

4846 3757 309 105 a ƒ4

5098 3788 584 153 of 8 per conto

5093 3900 309 84 sonder

3554 3859 2402 181 den prijs voorse op minst a gouverno, hadde heden gewacht de orde

3556 3966 2441 176 nantie de noch moest geteeckent worden hier te ontfangen ul moet dat

3565 4043 2413 164 iser feden terwijlen het heet is want ondertussen geraecken den casse

3569 4108 2347 179 uyt en dan moet nen altimet naer loopen soo haest ul my die

3565 4174 2092 191 toeseynt sal ul ordre volgen blyvende naer groetenisse
