8399 4656
973 270 2314 113 not love to have to do many question with John de coninck  with whom

957 345 2296 144 I have negotiated itt, and  the bill beeng past due

962 424 2280 152 should have been att mij Charge, and I love alwayes to finde advise of receipt

978 488 2252 160 after I have sended remises thought the valew be little inclosed a bill

971 550 2255 191 for ƒ300: on John packett of menine, which please to gett accepted

984 632 2250 161 & returne mee & Ill after wards indorse itt to you which I do because

978 717 2240 187 I exspect my freind bauson here, & to make him pay for the ex

992 790 2240 162 which other wise I could not do if I couls not show him the bill, for

985 859 2244 185 he send itt in payement I have given you creditt for my ⅓ in the

1003 965 1555 151 bale N 9 aboard Rich piindaer & so remaine

1000 993 2171 232 I am silant of the peremarco  because I finde you here

2414 1118 824 143 Antwarp 2 July 1681

991 1157 523 124 of Sr. thomas

714 1201 902 157 London Arthur Anneslay

2030 1252 78 78 th

1022 1228 2272 171 S. my last to you was on the 11: past which with an instruction to provide

1003 1326 2281 165 3 bales of seges more which I hope you have forwarded without delay for

1014 1376 2280 188 I have vere few goods here, or rather non I have recd. yd of 6: past. according

1022 1467 2176 135 to which do hope the rest of formar parcall schipped before now

1013 1499 2188 174 as also most of what sence in ordered, of which I long to heare wanting

1011 1587 2257 161 the 22 yd serges inclosed remitt you £50  att 35:5 on mr. francois

1027 1666 2198 149 miller for yd acctt. for which please to procure the needfull & note

2584 1720 638 156 @ 2 ditto 1681

1040 1787 793 110 accordingly whist I am

723 1815 779 150 London George Cole

1784 1866 115 83 th

1027 1816 2286 204 Sr. I wrott to you the 14: past what was needfull sence non from you,

1031 1927 2255 194 so this onely for covert to the in closed bill for £50 which

1039 1997 2128 200 you att 2 uso on m. francois miller att 35:5 for which please to

1033 2033 2225 240 pracure the needfull & give mee creditt accordingly upon the acctt. of

1033 2125 2220 212 Joseph vivian, haveingno more so in large, butt that I exspect to

2591 2245 409 126 @ 2 ditto

1041 2248 948 154 heare from you remainee

739 2326 898 168 Brugge Raphael Coots

1050 2321 2195 192 mijn steer naer dat den mijnen van 30 passato aen ul hebbe gesonden, is den

1049 2407 2167 190 ul van selve dato mij geworden, het afladen vande twee tijh packen gelieft

1064 2480 2142 174 aende vrinden in England te adviseeren & eognostement senden, mijn packen

1050 2550 2154 173 uyt themas suith sien met die van andere te gemoet, het can te packie

1038 2604 2114 206 N. 16 gelieft door deen ofte d'andere te senden want naeste vrijdagh

1050 2676 2130 195 noch een packie sende sal soo dan edward donver & John colleuier

1066 2736 2119 191 iden een mogen over brengen de welke opt hooghste him gelieft te

1063 2797 2161 208 recommandeeren want mij dnnck dat sij dat wel konnen besogen

1064 2864 2160 200 thomas smith en houde om hetaf gelaten water niet voor saturday

1064 2963 2166 188 op komen, hoe konde clarck dan vertreken & de tijk packen achter laten

1014 3017 2257 187 doch hope d'ovaer die sal o sal over lbrengen, de drij packen uyt collu

1067 3068 2204 239 sijn noch altot gent ende verneme selfs geen antwoort van terrebort

1068 3127 2130 219 alhoe wel verobligeert wat  wagens te doen komen welke on

1056 3210 2191 248 kosten soude gescheppeert soude hebbe, soo die neffens andere packen

1080 3285 2119 201 van andere vrinde uyt colliier mij waeren gesonden, eghter

2594 3408 582 150 3 Juny 1681

1087 3450 981 131 wat ul doet is wel gedaen

779 3500 1205 164 Amsterdam De Hulter & van homright

1085 3513 2170 175 mess. Den ul van 27 past as mij wel geworden, tis mij aengenaem dat

1080 3598 2166 147 ul overden bewust vrindt sijn contentement heeft de bo vattien boten

1082 3668 2057 192 sijn op geset bij foute van occasie niet te con verkoopen

1075 3747 2151 170 hebbe gisteren maer ƒ10:10 st p cento connen voorbedingen

1071 3804 2217 171 & den koope tot ul antwoort sijn wordt sal houden, hoedanigh ul ende

1073 3912 2028 131 mijne Rek moet te boeck stellen is mij genoegh saem bekent

1082 3949 2120 163 waerin ul niet hope oyt foute sult vinden, sal traghte ul diebourse

1097 4049 2168 151 beneffens t geene in cassa verwaghte prompt te remitteeren terwijen

1088 4131 2186 187 soo ul geraet saem vint over de boter gelieft te antwoorden sijn

1090 4280 598 141 nae groet

5109 245 869 90 In Antwerpen 4 July 81

3314 226 865 129 Brugge Raphael 1oots

3516 293 2458 132 mijn t. 3 deser was aen ul mijnen leeften, sedert geene van ul, heden sende aen ul

3511 377 2462 109 pr bode gilt van erdenbeurgh een packie AN.17 met kanten de welke acroiture

3517 405 2477 140 op london gelieft te senden tsij p Dover ofte colliier, soodanigh dat ider van

3501 526 2502 83 him een overvoert, recommandeere de saeke opt stooghste, ende nemt een notel

3519 547 2453 122 van him om deselve aen mons. Abraen vivian tot London te besorgen, gevende

3507 596 2472 139 den selve daer van advies verwondere mij dat tot dato van white niet verneme

3532 699 1335 126 Godt sende hem salvo waer mede blijve

5199 685 694 156 @ 4 dittoo 1681

3319 757 654 135 Turnhouut Will Sanen

3504 725 2503 215 mons. Ick en had niet getwijffelt volgens ul geloste ofte ul soude de aengenon

3508 837 2474 184 tijken al vol levert hebben, waer van tot mijnder verwondering noch niet

3504 963 2437 127 vernome, hope tselve niet is gesciet bij foute van gesontheyt ul gelieft niet

3512 955 2458 192 temanoueren omde naeste weeke mij tijke te senden waer op mij verlate blijve

5255 1050 551 145 e 4 ditto 1681

3344 1106 906 153 Brussel Jacobus Mosselmans

3506 1134 2464 212 mons. desen om ul te laten weten als dat mijne verse goederen van Enge lant

3525 1217 2440 164 al hier sijn aengekomen, soo dat nu van alles opt uytterste wel versien ben, beneff

3504 1284 2455 183 van hollant s goet soo ul iets noodigh hebt gelieft te commandeeren ofte selfs

3503 1401 2458 142 te komenn ul geriefseken, sal traghten ul wel te dienen midts ben

5327 1447 518 133 a 4 ditto 1681

3331 1507 672 144 Brussel ter Kints

3441 1522 2422 204 : mons. nu is mijn vers goet gearriveert van Engelant, ende ben in groote

3507 1546 2448 254 abundantie wel versien van alle sorteringen soo iets noodigh hebt gelieft

3522 1667 2424 193 mij te laten weten ofte selfs, overkomen ende ul sal goet gerief, vinden

3513 1721 2455 190 vol gens ul order hebbe gesoght d'occasie om drij hondert guldens op ul te treken

3502 1782 2426 216 dan konde geen vanden als alleen vierthondert guldens d'welk gedaen hebbe

3521 1850 2451 228 te betalen op sight aen d ordre van d' sHeer Joande coninck, den ke ul daer over

3509 1938 2458 215 niet en sal sijn gediscommodeert soo gelieft mij d'eere aen te doen den brief

3524 2049 2430 211 prompt te betalen alsoo mijn creditt daer aengelegen is waer mede

5258 2114 382 112 @ 4 ditto

3360 2205 687 131 noonn J PB: masson

3982 2233 155 97 me

3521 2136 2467 249 monsr. Le 22 du passe estoit a vre grace maderniere, du depuis jay voul

3504 2251 2409 200 envoyez p. la barque sur brussel a mad devos pour suivrs vnd. ord. in ballot IBM

5557 2400 344 112 ƒ 105:10½

3524 2389 1626 183 contenant le drap a la mode N681 verg 25¼  33½ a ƒ3:3

5642 2482 213 96 68:8-

4377 2493 782 106 4 21 ½ „ 28 ½ „ 218

3538 2511 629 138 =drap jouge bon & belle

5645 2561 204 115 48:9

4281 2560 864 117 „540 38½„55 - „ -„19

3545 2608 388 114 1 bay deventer

5643 2663 111 86 42

3548 2665 1427 133 1 perpcthian surie ronge list, avccq la dainture & tous

5646 2757 133 71 34-

3538 2769 554 129 1 detto noir blive list

4451 2784 1443 165 bayable tous seng rabat ensamble  ƒ 298„7½

3515 2913 2444 161 Je ne veur pas doubter, mais qul sera a m. contentem, cas tous est bon marche, nostres

3515 2996 2459 137 marchandises d'Angleterre sont arrivée chez nous, tellement que pour le present ie suis fort

3516 3099 2437 133 bien serveu, & assorte de tous ce que ne magasin doit avoir pour fournire les chalans, Il

3547 3197 2400 124 y a 2draps de ma fabrigue afscheve, ef sespere d'en avoir encorplus bien tott si

3524 3284 467 127 Jevous servire

5228 3275 661 186 1@ 5 ditto 1681

3347 3358 836 145 London Edmund Wanner

3528 3431 2372 131 Sr. I never had the honnour before to write to you for want of occasion, these to

3519 3484 2422 126 advise you that m. marco ant. mischino di genua hath sent a packett of point

3522 3568 2366 118 laces to colonia to m. Ruysten & van boom to follow my order, they

3539 3621 2356 131 beeng for yd acctt. & order wherefore desire to know, how you please to have

3526 3676 2435 134 expediated the said packett, the valew of the contents, & number & marck

3517 3761 2444 114 of the packett which m. mischino omitted & you may assure yd self, that

3524 3842 2425 114 Ill do all possible endeavours to serve you to content: besides in case you

3529 3926 2391 112 are accquainted in our flanders lace trade, I can serve you here in buying &

3512 3996 2397 120 sending to you for I make itt much mij bussynes & have hetherto found my

3509 4109 2431 101 commissions to increase where by I finde the satisfaction, of what I send to

3509 4147 2416 145 give content to my freinds, so in case I can serve you in that, or any other

3511 4236 980 150 trade freely command

4797 4306 96 99 6
