8569 4608
1093 248 2278 103 prox dour pour cila il soufait que vous poglie pcour en lette

1085 320 2269 81 dat recommandelion p mons vbedamis s monsient te mince da s

1091 409 2284 118 andement an dete praffe sp recommendent la continuation de ses debon

1066 461 2281 127 pourr feamire cett afseire al protant et qu'il t estome d'atsonde qui

1068 583 2311 103 le marorande mont pars encoy love satfacttons et sil ne dont cas quyt

1076 638 2293 141 fira rabatze a lz vue gaye sil sort prisible pouviez on sel somblabe

1055 697 2321 128 leste an gouvernert geafse  gand et envoye al inotant n gand anonsis

1059 835 2203 126 paulies van afxleyen can il ne soucait pus diep herler plus, que

1065 880 857 154 3 a 4iores a en goveino

2432 965 686 160 voose afs: servit

1541 976 600 177 de uis lonser

2411 1087 427 132 dan metiyt

2790 1096 448 140 C 17 Jun 1682

864 1112 890 148 Londen mr. Pickeringh & Robbiunson

1840 1184 51 97 th

1082 1215 2172 119 In answer do yours of 2. cur. as for the tykes I can not butt wonder att

1077 1329 2106 100 yd proposall, sure in case you can nott gaing well after the rate, I noted them

1082 1442 2155 109 wee must middles no more with any, for I am, consident, no boddy elles dith send

1086 1508 2169 97 them so ches, besides that I rekon no provision. f ristian de wever could gett no

1095 1568 2182 178 greight, so was forced to send them by way of gant to Bruges where I supose they

1102 1700 2143 121 are now which & shippingh there will cost mee ƒ10- &  I take af of the coetury

1087 1800 2223 118 ƒ 13„13 so the will be ƒ 23„17 loss for mee, & ƒ1130- for soy, to pay, which I am contenaid

1070 1922 2215 103 to do, butt not one farthing more besides I nil not send any more for that rate, &

1088 2000 2240 120 do itt now because they are already sent forward, neither did I eppert any obatement

1082 2107 2179 117 for I have don all I could t0 bring the tykes to the for man prijses, where all last

1096 2191 2201 118 sommer they have bay beetr much dearer so shall order in. Coots to send them to you

1080 2264 2197 138 & make you debtor for ƒ1130- & snease itt doth not please you shall advise you

1098 2370 2254 104 when to deliver them att, for I never send any fot my ownes ald. I have no more to

1094 2424 2260 141 in lange butt that & am , I doubt not of sb approbation & compleance

1109 2518 2245 147 for I loos to much by such a parcell, & you must make yd acc. as I have

1095 2629 2266 130 noted them in the inroyees for sale, because behave raee, they are not do be

1111 2719 427 133 bought so 2

2819 2744 285 141 a 19 g

1098 2813 458 186 fran Hernrebout

890 2782 195 234 Gent

1087 2909 2289 161 In antw. aen den ul van gisteren sien de 3 packen te gemoet, dencke morgen

1082 3051 2287 116 sullen hier wels: mijnen tol brief, is weder en het ongereet mijne reeg maet

1097 3107 2276 174 gesloten sijn alr. d lest, & anders niet, soo dat dese packen op nieuwe accoiten

1098 3212 2103 127 comen. ul nuwesta verwaghte oock op sight p cassr om niet naer te loopen

1111 3301 2251 159 m. van ltgelgem is nogh tot s ent ent onse astairen van de canten, waer van

1117 3380 2260 190 Ick int minste niet vernem, ick twijffele aen een goet sinces waer mede blijve

2926 3514 434 127 C 198: 3

879 3523 827 157 Rotterdam Fran. Croeewoot

1062 3556 2309 215 In antw. aen den ul van 13 deser seynde heden g poste het 3 packettie gemeect

1113 3716 2255 123 ELN4- 't welck hope met het aenliggende schip nogh sal connen vertrecken

1142 3813 54 66 M

1110 3803 2254 149 ul gelieft te nott dat dese goederen in galant centabande sijn, onefsulckx gelieft

1119 3904 2208 139 ul goede sorge te dragen in 't recomand. van de selve aen den slue, wegens e ncosten

1122 4043 2209 110 gelieft ul op reeq. van mr. Lum te selten tot Dublin, noghtants ul daer mede

1121 4089 2226 157 niet gedient sijnden sal icq de selve p goeden alhoewel niet en twijffele ofte hij heeft

1120 4202 2224 119 ul daer over ges goen erleete de selve salvo te arriveeren. eneeome geerne wat de

1115 4295 2236 123 Gantesche iauw conrenten cost gelden als mede Aussch loot, ul antw. vande entfanck ien

1102 4405 548 84 te gemoet

5895 176 90 86 4d

5421 212 513 161 a 19 Jan. 1682

3424 221 928 149 Am. Mes. de Hulter & van Homrigh

3569 339 2417 112 In antw. aen den ul van 16 deser heeft ul ingesloten de reef van de leste verkoghte vatiens boten

3560 447 2402 133 als mede blles. waer bij ul comt & slot ƒ162.1½ it welck d'accond bevindende beneffent

3573 531 2412 115 mij gelieft te notteeren, heb alleenelijcq geobmitteert eenige brief porten, dat sigh daer

3559 639 2411 118 naer sal vinden mijne reeq bevinde d'accord Pieter van Este heeft de voorige booter

3567 722 2414 126 betaelt, soo dat van alles dese leste partije ƒ 322„3¼ maer is uyt staende, het geno meet

3576 811 2420 130 is als aen ul door bejde reep. toe comt eghter geremitt. weert soo heeft het sal ingeoomen

3575 887 2381 153 sijn. icq vrees over de sward licenten nits sal ricupereeren, enrmits mij dunckt dat de

3583 992 2411 153 ofticieren met mij geeken, alsoo sij nu seggen dat ick het door die van de findentie soude

3588 1070 2354 160 moeten besorgen 't welck niet sonder heft & kisigo van agreatie can geschieden, dat

3579 1181 965 151 sender ord. niet en doer de

5497 1198 298 130 @ 19 d

3440 1299 827 139 Dont, Robber Karnly Hartely

3565 1305 2434 224 I doubt, I displease you by seceping you so long out of yd mony, the principal reason

3571 1432 2387 153 is, that I lore not to venter in spetie & exspected the rising of ep. which now be guis &

3583 1530 2414 164 hope to remitt you this or trept week the whole, suposeing ist is indifferent to you If you

3565 1670 2385 107 have itt in a bill for Rotterdam or and, because wee finde butt soldan the oportuniue for

3581 1737 1941 151 Dort dixuetely, after haveiny withed you ankapy now y ema remaine

5420 1749 490 178 20 Janu. 1682

3446 1837 1179 163 Brugge lencornelis van Jaendond

3598 1895 2391 167 ien uen van p. deser wel gewerden, bedernckene heest geleven te betalen

3560 1963 2433 177 mijn bewijl aerijft we gans, daerentessen us so & mij met meerder

3580 2034 2421 199 perlyekomen besorken waer vore bengeobligeen, kan ick in ergens

3568 2117 2386 171 ndieaen gelieft: sal het gerrndedaen. voormitr ick valkant

3656 2178 2320 175 in meggelen ntfin en daer gelt noodickhebbe sen

3554 2258 2442 196 sal het p avnitues ul oock accommodenen u gel daer te betae

3590 2350 2398 139 anger deser fnigars voor sal voor mij onfangen sco

3600 2393 2381 166 aen ns sal gelege ue sen voor 2mijn rek te betalen daec

3606 2476 2391 173 ue ingely k agelieft ten doen ophare glivantie 1a als waer saken

3614 2545 2388 171 dat u aen naeriets geliefde meet te betalen tgen geita voor

3623 2638 2091 140 ul doen satomaennmiertit anders lier te betal s

5440 2686 501 168 C 21 Jan 1682

3459 2751 695 134 London mr. Edmund Warner

3581 2805 2384 140 my last to you was on the to the curr. do which please to be refened sence do wee continew

3580 2903 2402 170 sull in hopes to recover more goods, of which I exspect this day some perticulans: nonw

3591 2987 2400 157 have befre mee y0 of 6 cur. as to the goods you ordered, Ihere is good pacrt brought in

3566 3105 2439 146 so that I shall be able to assort one or 2 packetts I nexs, & hope so compleat all in

3565 3192 2430 166 less then  temis, as also the laces you order, by yor last, which I supose are fors

3594 3302 2393 143 uffle crawats, so shall according to yo dirceton putt of every sort in each packet

3587 3402 2387 147 I hope you have will reed. the pacckett N.8, mr. vallego wrott mee, that his freind

3598 3488 2435 138 att Dover wll take care that no goods shall be opened henme for ward you please to give

3582 3602 2448 121 mee yd. opinion of the broad foulded lace, whilst I assure you of my endeavoir, which

3584 3691 1526 145 ƒd0 to advance yd. Intrest in buying the goods

5603 3726 276 127 a 21 d

3504 3774 660 107 Aulst m. John Butten

3584 3833 2393 138 In antw. aen den ul van 18 deser en voorigen, wij sullen seeker vrede hebben, want den Coninck van

3601 3913 2421 136 wanchrijck heeft kuxembuigh en namen gequitt.,  eed diff. gestelt in handen van de Cort: van Engelant

3596 4001 2423 138 de staten van Holt. de roij cottens en can ick niet seynden voor 138 & de witte daer van seijnde

5703 4097 252 98 ƒ 24-

3569 4111 1227 143 Icq heden d'ander   a 40- a 12 p is

3580 4175 2439 160 Icq hebbe eng. verve rey cottens, maer die moeten 15 st ith gelden, icq en heb oocq geen witte

3588 4301 2412 107 mae a 12 sts als van 12½ a gou. ul sal mij gilt seynden, waer mede ul mij can veroblisende
