8556 4622
776 222 904 111 London Edmund warner

2364 227 951 100 Antwerpen 29 gb 1681

1911 234 194 96 th

1030 295 2316 110 S. my lust to you was on the 22: curitt with invoyce for the packett N.6 which I hope

1043 380 2270 87 with you by this time, for was att menporte the 23: I hope also that N4 & 5 prove

1039 425 2240 114 to content & that non of either shall be opened before you receive them

1016 516 2327 129 for I am sure no boddy elce doth pack them more closely, because I have the

1014 565 2295 165 sending forward of many others & know their doing, so that I should mch

1013 646 2285 143 wonder, that yd freind. complaines, as if my packetts are to thich, which

1840 736 132 55 161d

1023 710 2235 171 & understand by yd of 11 curitt whoever to comply with yd order have

1012 767 2318 151 made up the packett N.7„ in paper parcells as you rnoted & is gou forward

1025 848 2311 162 yeasterray of which in closee is the invoyce, for which finding right pleyd

1026 931 2256 151 to give mee creditt all the crawatts are booader, as also them in N.8 &

1022 1005 2293 176 so that & hope they be well, for non broader are demanded that I kmow

1020 1090 2296 167 I have sent N. 92„ & 102 though I had no order for such low prijses yett

1019 1187 2269 108 haveing sent severall of such sort that proved well & these beeng verl

1016 1244 2138 164 good cheap didventer to putt them by the more, because I alwages

1006 1305 2273 157 anderstood, that low prijses render best, I am aproviding the rest

1026 1399 2283 122 as also them of the luped ground with duble pures or lupes, and shall

1030 1442 2271 130 asort them as well as possible & send forward as soon as I can I could

1019 1549 2257 82 thim to please to recommend itt spetially to yd freindat dover

1033 1612 2272 122 as for any goods to have from England if swas accquainted with

1028 1690 2254 137 what yd dealing, is shall be willing to give you an acctt of what

1021 1756 2325 127 might turne to proffitt, for you may be sure of my endeavours to pleap

2680 1821 537 146 @ 29 ditto 7

1037 1851 1159 125 my freinds, whilst I remaine

796 1888 631 150 London John Loyd

1809 1940 119 93 th

1050 1925 2256 173 S. in answer to yd of 11: curitt I am vere much troubled, that I can not send

1022 2008 2277 168 ytt yett this post the promised cortificatie because the notary is avere

1013 2073 2285 143 leasy fellow, to go to the witnesses, yett he promised I should have itt

1013 2141 2206 156 this day, if itt comes, shall include itt inthis: & wonder the

1024 2203 2261 202 prijses of tykes do not in corridge, seeng they are att the oldrate

1023 2280 2254 182 of which when you please you may command I shall send to bruges

1017 2345 2239 182 2 or 3 bales to be ready to be shipt if any frost should hinder the

1032 2406 2260 227 passage from hence thether, there fore you may resolve once more

1017 2489 2227 237 for I shall not be able to provide any more before next spring the

1016 2556 2275 215 clover seed is att bruges by this time, & have bought itt in the pays de

1025 2646 2194 198 waes were is their staple, & forind of severall prijses, old seed att

1016 2704 2275 217 2 ft: 2½ & 3 as also some meeatt the same prijses, ss not knowing if itt

1026 2794 2272 185 be for a perticular uso, or atryall have brought ther vere best that

1017 2879 2166 168 was to be had & the fellow would not devide the parcell, so was

2686 2985 342 111 ƒ31:6½

1005 3007 1518 126 forceed to take itt all seeng  167 att 3 ¼

2705 3002 604 161 „ 218  ƒ 34„18¼

1000 3072 1517 155 for the barrele & buying & tolles & schipping

2713 3103 323 119 „1„4d

1003 3175 1114 120 for fraight & char gesto gent

1001 3180 2309 161 butt as itt have not the charges att gant or bruges which when I know shall

1010 3267 2333 158 advise you butt if you wanted great quantities, I could well assort mun

1010 3330 2286 173 & told seeds, so that they should not coste above 2 ½ a 3 t pr e2

1018 3394 2251 170 be good to yd jonuwno: I shall endeavour also to procure yd pietteres as

1022 3473 2293 169 well as beany iust now receave a bavrell IMN.1 fromt in John balle

1001 3547 2240 204 for yd actt. itt beeng with yarne, soplease to advise mee the low

1017 3555 2326 279 twijses & may selt them att for ready mony & then you shall see

1010 3703 2233 187 what I shall be able to do in barter, pes you shall be plansed

1017 3811 2249 159 to order mee if you have itt cheap, & do promise my self to in

1007 3902 2174 143 corridge you for a large  trade & to with seinde salutot

1018 4021 1143 131 pray overrate not the year

1011 4077 1268 146 butt first pennce & assure yd self

995 4154 1610 147 of my endeavours toyd most advemtedge

5042 207 907 105 Antw: 29 gb 1681 1do

3397 212 706 130 London Henry Maynard

3523 278 2489 106 S. on the 26: curitt was to you my last with a remise for £140:- on peeterrmidy, sence

3525 374 2485 99 rec. yd of 14 ditto as for the 6.N silver marck in case you supose, or be sure to proviide

3538 415 2445 92 some more about next spring, I am contented you lett them alone till chave

3510 479 2470 107 seen you for I shall want non before marck next though the last be sold: inclosed

3961 548 99 53 me

3520 543 2464 122 ƒ50:- due 21 of next month on Jolin dinneswill for which please to procure

3530 652 2463 85 the needfull & pass to my acctt mr. baudies hath not yett limitedanctto

3533 674 2432 133 somme, though I have payd already about £300:  which seeng you will

3525 725 2431 168 have to be past to yd acctt. shall be don accordingly thoughto dis charge

3522 805 2431 139 my grant actt you might vero w  transferre 2  £300: onne

3541 851 2444 174 att such rate as you iudge convent, not to disturs yd aggree made

3533 929 2452 163 about that, whoever, so as y please, for what I pay oneway or other

3549 1005 2389 150 shall dininish ether - intrim you know yd coming over where you

3523 1145 2438 87 must lodge, therefore & give no greater unvitation, butt assure you

3535 1159 2394 159 that you will be heardtely willecom & I doubt, not butt you will finde

3546 1204 2419 173 all things ready, so desire my acctt onely att yd depart ure for I hope

3543 1251 2463 200 to make some remise more I have sold all our worster strifes, & have

3553 1379 2303 162 been agreat foll not to have in ordered in angusts 1oop patience

3547 1417 2417 213 pray if anything may be recommanded to expedition lett this be vet

3541 1491 2384 196 the sending forward of 10 or 12 hale frises more as for merly butt

3569 1558 2355 220 bevould not have them altogheter so brouwne, butt distnetely of

3560 1628 2354 207 mixture  & cullours, so pray send them froward with all imaginable

3550 1709 2388 173 speed & wrap them with one manchester bay provide, alsoon other balots

3550 1792 2403 181 cont. 8 asp scrankins bayes with the greenstreepkens and gred lifts de oushire

3552 1859 2367 210 bayes to be vrappered with - a white cotton anoth bale to cont. 12 dems

3546 1935 2428 188 cottonso £24 & 25 pence a goad of the verebest that you can providee

3537 2006 2457 183 & send them as soore you roudge convement butt above all minde the

3552 2091 2445 199 worste frises for Enmst hand them here within & wee ke derw

5400 2172 555 158 C 30 diatt

3571 2227 400 123 Remainse

3410 2292 775 170 wusselheouff pcerters

3560 2252 2414 244 in antwoort aenden ul sende hier beneffens enobligatie waer voor ul knons

3567 2337 2434 245 ƒ120 by mons. step kints op de gersineert sijmoet de selve teken & aen hem

3554 2365 2526 285 den ingesloten, ter hant stellen ten ware sake dat schet noydigh dan heeft

5407 2472 467 195 dj 30 ditto

3583 2568 935 158 ul dit maer weder te senden

3416 2643 669 145 brussel step kints

3552 2549 2384 293 monsr. Desen is om van ul vrindelyk te versoeke dat ul soude gelieven te

3559 2673 2343 245 betaelen aen jouff de wed peeters ƒ 120:- volgens een obligat ie dew

3567 2745 2421 229 aen hebbe gesonden & tegensij moet teeken & aen ul geven dew: ul

3568 2815 2408 246 dan ham beware tot mijnder overcomst daerentusschen ick hadde

3584 2878 2360 231 ul al hovergewaght alsoo ick seer wel ben versien van engelsch

5382 2992 700 130 D P. xber 81 Je

3584 3007 1716 178 goeden twenschte seer ul dinst de doen waermede

3447 3132 850 116 Gent 8 francois Herrebout

3577 3104 2385 216 monsr. Dese weeke verwaght bij ul 3 packen waer van MN. 52 tegens

3583 3199 2429 204 dondagh savonts hier moet sijn soo sal ul daer voor sorgen tselve p wagen

3582 3269 2359 225 te senden & dandere 2 scheepe van hier nae costij vertrekt p. beurtschip

5589 3414 231 71 men

3577 3347 2414 212 een pack & N18 mert tijken om tselve nae brugge te senden aende A

5400 3423 597 144 a P. no 1687 41

3601 3461 1327 164 coots voor mijn ordre waer mede blijve

3442 3554 750 151 Brugge Raphael Coots

3595 3586 2380 158 mons. 29 past. was aen ul mijnen lesten sedert de ul van 28 & 29 becomen

3578 3658 2442 149 teversenden van de goederen onlondon is wel, betarck ul voor sijne prompe

3599 3718 2376 186 gratus festellen over de lakens, doch wegens de rechte nier alsoo die in faref

3603 3761 2396 191 vrij sgaen ul rek van disbourse sal exaimeeren & ul volgens creditt

3595 3846 2374 186 ben blijde dat John simons is gearriveert de 3 packen sien gegemoet

3587 3915 2467 179 gelijk pr mijne leste hebbe versoeght te neminste het pack N 52, f welke

3580 4014 2437 142 wenschte donderdagh aenstaende hier was, want ick daerom ben verlegen

3605 4113 2389 117 & dander liver adroiture tegemoett sien soo sal ul mij verobligeeren

3617 4171 2424 123 tselve te depescheeren, sende nae costij een packtijken om tot mijnder ordre

3607 4248 2394 101 te be waeren daer en tusschen ul dienaer hadde geirne deprovenu verkoghte

3614 4286 2379 126 lakens waer van noch seenis onbetaelt den simon hoevenaerts evenwel gelieft

3612 4343 2401 111 hem £46:1„ 8 te vergoeden op conditie soo dat van ditto hoevenaerts niet onfangen
