<?xml version="1.0" encoding="UTF-8"?>
<alto xmlns:xsi="http://www.w3.org/2001/XMLSchema-instance"
      xmlns="http://www.loc.gov/standards/alto/ns-v4#"
      xmlns:page="http://schema.primaresearch.org/PAGE/gts/pagecontent/2013-07-15"
      xsi:schemaLocation="http://www.loc.gov/standards/alto/ns-v4# https://www.loc.gov/standards/alto/v4/alto.xsd">
   <Description>
      <MeasurementUnit>pixel</MeasurementUnit>
      <OCRProcessing ID="IdOcr">
         <ocrProcessingStep>
            <processingDateTime>2022-02-04T12:07:43.993+01:00</processingDateTime>
            <processingSoftware>
               <softwareCreator>READ COOP</softwareCreator>
               <softwareName>Transkribus</softwareName>
            </processingSoftware>
         </ocrProcessingStep>
      </OCRProcessing>
   </Description>
   <Layout>
      <Page ID="Page1" PHYSICAL_IMG_NR="1" HEIGHT="4649" WIDTH="8201">
         <TopMargin HEIGHT="0" WIDTH="8201" VPOS="0" HPOS="0"/>
         <LeftMargin HEIGHT="4649" WIDTH="0" VPOS="0" HPOS="0"/>
         <RightMargin HEIGHT="4649" WIDTH="0" VPOS="0" HPOS="8201"/>
         <BottomMargin HEIGHT="0" WIDTH="8201" VPOS="4649" HPOS="0"/>
         <PrintSpace HEIGHT="4649" WIDTH="8201" VPOS="0" HPOS="0">
            <TextBlock ID="region_1638887304530_2630"
                       HEIGHT="4257"
                       WIDTH="2637"
                       VPOS="243"
                       HPOS="667">
               <Shape>
                  <Polygon POINTS="667,243 3304,243 3304,4500 667,4500"/>
               </Shape>
               <TextLine ID="region_1638887304530_2630l1"
                         BASELINE="2090,338 2142,337 2194,336 2246,336 2298,334 2350,334 2402,332 2454,332 2506,330 2558,330 2610,328 2662,326 2714,324 2766,322 2818,320 2870,318 2922,315 2974,313 3026,310 3078,307 3130,304"
                         HEIGHT="124"
                         WIDTH="1074"
                         VPOS="262"
                         HPOS="2074">
                  <String ID="string_region_1638887304530_2630l1"
                          HEIGHT="124"
                          WIDTH="1074"
                          VPOS="262"
                          HPOS="2074"
                          CONTENT="Antwerp 26 may 1681"/>
               </TextLine>
               <TextLine ID="region_1638887304530_2630l2"
                         BASELINE="732,352 783,349 835,346 887,342 938,340 990,337 1042,334 1093,332 1145,330 1197,328 1249,326 1300,324 1352,322 1404,322 1455,320 1507,319 1559,318 1610,317 1662,316 1714,314 1766,314"
                         HEIGHT="95"
                         WIDTH="1066"
                         VPOS="279"
                         HPOS="715">
                  <String ID="string_region_1638887304530_2630l2"
                          HEIGHT="95"
                          WIDTH="1066"
                          VPOS="279"
                          HPOS="715"
                          CONTENT="Rotterd Joan vander meulen"/>
               </TextLine>
               <TextLine ID="region_1638887304530_2630l3"
                         BASELINE="1022,420 1134,418 1247,417 1360,416 1472,414 1585,414 1698,412 1810,412 1923,412 2036,412 2149,412 2261,414 2374,414 2487,414 2599,414 2712,416 2825,416 2937,416 3050,416 3163,416 3276,416"
                         HEIGHT="162"
                         WIDTH="2284"
                         VPOS="309"
                         HPOS="1007">
                  <String ID="string_region_1638887304530_2630l3"
                          HEIGHT="162"
                          WIDTH="2284"
                          VPOS="309"
                          HPOS="1007"
                          CONTENT="mons. den ul van 23 deser ontf. de onkoste rek sien met gelegentheyt "/>
               </TextLine>
               <TextLine ID="region_1638887304530_2630l4"
                         BASELINE="1024,480 1133,478 1243,476 1353,476 1463,474 1573,476 1682,476 1792,476 1902,478 2012,478 2122,480 2231,480 2341,482 2451,482 2561,482 2671,482 2780,482 2890,480 3000,479 3110,476 3220,472"
                         HEIGHT="92"
                         WIDTH="2226"
                         VPOS="421"
                         HPOS="1009">
                  <String ID="string_region_1638887304530_2630l4"
                          HEIGHT="92"
                          WIDTH="2226"
                          VPOS="421"
                          HPOS="1009"
                          CONTENT="te gemoet ter wijlen de schip. soo traegh binnen hun waghte te"/>
               </TextLine>
               <TextLine ID="region_1638887304530_2630l5"
                         BASELINE="1030,552 1139,550 1248,548 1357,548 1466,548 1576,548 1685,548 1794,548 1903,550 2012,550 2122,551 2231,552 2340,552 2449,550 2558,550 2668,548 2777,545 2886,542 2995,537 3104,530 3214,524"
                         HEIGHT="113"
                         WIDTH="2217"
                         VPOS="496"
                         HPOS="1013">
                  <String ID="string_region_1638887304530_2630l5"
                          HEIGHT="113"
                          WIDTH="2217"
                          VPOS="496"
                          HPOS="1013"
                          CONTENT="vragen: geirne gesien dat een goede pertie wolle gearriveert waren"/>
               </TextLine>
               <TextLine ID="region_1638887304530_2630l6"
                         BASELINE="1006,636 1118,634 1231,632 1344,632 1457,632 1570,630 1682,630 1795,630 1908,630 2021,628 2134,628 2246,626 2359,624 2472,622 2585,620 2698,616 2810,612 2923,608 3036,601 3149,594 3262,586"
                         HEIGHT="107"
                         WIDTH="2288"
                         VPOS="537"
                         HPOS="990">
                  <String ID="string_region_1638887304530_2630l6"
                          HEIGHT="107"
                          WIDTH="2288"
                          VPOS="537"
                          HPOS="990"
                          CONTENT="&amp; dat p schip aen mij monsters soude toe sonden de welk alsoo lightelij"/>
               </TextLine>
               <TextLine ID="region_1638887304530_2630l7"
                         BASELINE="1022,714 1129,716 1237,716 1345,716 1453,716 1561,716 1668,716 1776,714 1884,714 1992,713 2100,712 2207,708 2315,706 2423,703 2531,699 2639,694 2746,688 2854,682 2962,674 3070,666 3178,656"
                         HEIGHT="160"
                         WIDTH="2189"
                         VPOS="604"
                         HPOS="1005">
                  <String ID="string_region_1638887304530_2630l7"
                          HEIGHT="160"
                          WIDTH="2189"
                          VPOS="604"
                          HPOS="1005"
                          CONTENT="wat lanck sullen tarderen soo is mijn versoeck eenigh monsters pr"/>
               </TextLine>
               <TextLine ID="region_1638887304530_2630l8"
                         BASELINE="1018,794 1125,794 1233,792 1341,792 1449,792 1557,792 1664,792 1772,792 1880,792 1988,790 2096,790 2203,788 2311,787 2419,784 2527,780 2635,776 2742,772 2850,764 2958,756 3066,746 3174,734"
                         HEIGHT="174"
                         WIDTH="2189"
                         VPOS="669"
                         HPOS="1002">
                  <String ID="string_region_1638887304530_2630l8"
                          HEIGHT="174"
                          WIDTH="2189"
                          VPOS="669"
                          HPOS="1002"
                          CONTENT="post gelieft te senden van ider soorte ten minste een once ende die in"/>
               </TextLine>
               <TextLine ID="region_1638887304530_2630l9"
                         BASELINE="1018,878 1129,876 1240,874 1351,874 1462,872 1573,871 1684,870 1795,868 1906,866 2017,866 2128,864 2239,860 2350,858 2461,855 2572,852 2683,847 2794,842 2905,836 3016,829 3127,823 3238,814"
                         HEIGHT="207"
                         WIDTH="2254"
                         VPOS="733"
                         HPOS="1001">
                  <String ID="string_region_1638887304530_2630l9"
                          HEIGHT="207"
                          WIDTH="2254"
                          VPOS="733"
                          HPOS="1001"
                          CONTENT="pam piere sakier gedaen &amp; soo samen gebonden beneffens ul brief aen "/>
               </TextLine>
               <TextLine ID="region_1638887304530_2630l10"
                         BASELINE="1030,952 1140,950 1250,950 1361,948 1471,948 1582,948 1692,948 1802,946 1913,946 2023,946 2134,944 2244,942 2354,940 2465,937 2575,934 2686,928 2796,924 2906,916 3017,908 3127,899 3238,888"
                         HEIGHT="179"
                         WIDTH="2243"
                         VPOS="845"
                         HPOS="1012">
                  <String ID="string_region_1638887304530_2630l10"
                          HEIGHT="179"
                          WIDTH="2243"
                          VPOS="845"
                          HPOS="1012"
                          CONTENT="mij geconsigneert ick heb noodigh puyke, ende vande beste segouiann"/>
               </TextLine>
               <TextLine ID="region_1638887304530_2630l11"
                         BASELINE="1036,1042 1143,1038 1251,1036 1359,1034 1467,1034 1575,1032 1683,1032 1791,1030 1899,1030 2007,1030 2115,1028 2222,1028 2330,1026 2438,1024 2546,1021 2654,1018 2762,1014 2870,1009 2978,1003 3086,996 3194,986"
                         HEIGHT="145"
                         WIDTH="2191"
                         VPOS="926"
                         HPOS="1019">
                  <String ID="string_region_1638887304530_2630l11"
                          HEIGHT="145"
                          WIDTH="2191"
                          VPOS="926"
                          HPOS="1019"
                          CONTENT="beneffens een soorte van gemayne prima segouische die sterck &amp;"/>
               </TextLine>
               <TextLine ID="region_1638887304530_2630l12"
                         BASELINE="1028,1128 1135,1122 1242,1118 1349,1114 1456,1112 1563,1110 1670,1110 1777,1110 1884,1110 1991,1110 2099,1110 2206,1108 2313,1108 2420,1106 2527,1104 2634,1100 2741,1094 2848,1088 2955,1078 3062,1068 3170,1056"
                         HEIGHT="146"
                         WIDTH="2173"
                         VPOS="1006"
                         HPOS="1013">
                  <String ID="string_region_1638887304530_2630l12"
                          HEIGHT="146"
                          WIDTH="2173"
                          VPOS="1006"
                          HPOS="1013"
                          CONTENT="vlijtigh is bequaem om geverft te worden tot coleure gemengelde "/>
               </TextLine>
               <TextLine ID="region_1638887304530_2630l13"
                         BASELINE="1018,1212 1124,1210 1230,1208 1336,1206 1442,1204 1549,1202 1655,1201 1761,1200 1867,1198 1973,1196 2080,1194 2186,1192 2292,1189 2398,1186 2504,1180 2611,1175 2717,1169 2823,1162 2929,1153 3035,1142 3142,1130"
                         HEIGHT="164"
                         WIDTH="2155"
                         VPOS="1097"
                         HPOS="1001">
                  <String ID="string_region_1638887304530_2630l13"
                          HEIGHT="164"
                          WIDTH="2155"
                          VPOS="1097"
                          HPOS="1001"
                          CONTENT="lakens te maeken soo in gevalle ul daer geen kennisse en van"/>
               </TextLine>
               <TextLine ID="region_1638887304530_2630l14"
                         BASELINE="1030,1296 1136,1292 1242,1290 1348,1288 1454,1286 1561,1286 1667,1284 1773,1284 1879,1282 1985,1280 2092,1278 2198,1276 2304,1273 2410,1269 2516,1264 2623,1258 2729,1251 2835,1242 2941,1235 3047,1222 3154,1210"
                         HEIGHT="156"
                         WIDTH="2158"
                         VPOS="1159"
                         HPOS="1012">
                  <String ID="string_region_1638887304530_2630l14"
                          HEIGHT="156"
                          WIDTH="2158"
                          VPOS="1159"
                          HPOS="1012"
                          CONTENT="heeft gelieft een laken maker, ofte imant anders des welverstaende "/>
               </TextLine>
               <TextLine ID="region_1638887304530_2630l15"
                         BASELINE="1016,1380 1122,1378 1228,1374 1334,1372 1440,1370 1546,1369 1652,1368 1758,1366 1864,1364 1970,1362 2077,1360 2183,1356 2289,1353 2395,1348 2501,1343 2607,1338 2713,1330 2819,1323 2925,1312 3031,1301 3138,1288"
                         HEIGHT="160"
                         WIDTH="2153"
                         VPOS="1237"
                         HPOS="998">
                  <String ID="string_region_1638887304530_2630l15"
                          HEIGHT="160"
                          WIDTH="2153"
                          VPOS="1237"
                          HPOS="998"
                          CONTENT="te imployeren alsoo veel pertije s jaers noodigh sal hebben"/>
               </TextLine>
               <TextLine ID="region_1638887304530_2630l16"
                         BASELINE="1042,1466 1145,1460 1248,1455 1352,1452 1455,1450 1559,1448 1662,1446 1765,1444 1869,1443 1972,1442 2076,1440 2179,1438 2282,1435 2386,1430 2489,1426 2593,1420 2696,1412 2799,1402 2903,1391 3006,1377 3110,1362"
                         HEIGHT="190"
                         WIDTH="2100"
                         VPOS="1318"
                         HPOS="1026">
                  <String ID="string_region_1638887304530_2630l16"
                          HEIGHT="190"
                          WIDTH="2100"
                          VPOS="1318"
                          HPOS="1026"
                          CONTENT="ook vande alderfijnste sonia segouische voor witte lakens, soo "/>
               </TextLine>
               <TextLine ID="region_1638887304530_2630l17"
                         BASELINE="1042,1534 1150,1534 1258,1534 1367,1532 1475,1532 1584,1530 1692,1526 1800,1524 1909,1520 2017,1516 2126,1510 2234,1506 2342,1501 2451,1494 2559,1488 2668,1482 2776,1475 2884,1466 2993,1459 3101,1451 3210,1442"
                         HEIGHT="209"
                         WIDTH="2202"
                         VPOS="1377"
                         HPOS="1024">
                  <String ID="string_region_1638887304530_2630l17"
                          HEIGHT="209"
                          WIDTH="2202"
                          VPOS="1377"
                          HPOS="1024"
                          CONTENT="gelieft mij hier in als voor eygen te dienen ende de staelen p naeste"/>
               </TextLine>
               <TextLine ID="region_1638887304530_2630l18"
                         BASELINE="1038,1618 1107,1615 1177,1612 1246,1609 1316,1607 1385,1606 1455,1604 1524,1602 1594,1602 1663,1600 1733,1598 1802,1597 1872,1596 1941,1594 2011,1592 2080,1588 2150,1584 2219,1580 2289,1575 2358,1570 2428,1562"
                         HEIGHT="113"
                         WIDTH="1422"
                         VPOS="1520"
                         HPOS="1021">
                  <String ID="string_region_1638887304530_2630l18"
                          HEIGHT="113"
                          WIDTH="1422"
                          VPOS="1520"
                          HPOS="1021"
                          CONTENT="te senden opdat bij tijt kan ordonneeren "/>
               </TextLine>
               <TextLine ID="region_1638887304530_2630l19"
                         BASELINE="2120,1646 2164,1644 2209,1641 2254,1638 2299,1634 2344,1630 2388,1628 2433,1625 2478,1621 2523,1617 2568,1614 2612,1610 2657,1608 2702,1604 2747,1602 2792,1598 2836,1596 2881,1594 2926,1592 2971,1590 3016,1590"
                         HEIGHT="192"
                         WIDTH="928"
                         VPOS="1493"
                         HPOS="2101">
                  <String ID="string_region_1638887304530_2630l19"
                          HEIGHT="192"
                          WIDTH="928"
                          VPOS="1493"
                          HPOS="2101"
                          CONTENT="In antwerpn 6 maj 1681"/>
               </TextLine>
               <TextLine ID="region_1638887304530_2630l20"
                         BASELINE="756,1694 799,1690 843,1686 887,1684 931,1682 975,1680 1019,1680 1063,1680 1107,1680 1151,1680 1195,1680 1238,1680 1282,1680 1326,1680 1370,1680 1414,1680 1458,1678 1502,1676 1546,1675 1590,1670 1634,1666"
                         HEIGHT="150"
                         WIDTH="910"
                         VPOS="1593"
                         HPOS="740">
                  <String ID="string_region_1638887304530_2630l20"
                          HEIGHT="150"
                          WIDTH="910"
                          VPOS="1593"
                          HPOS="740"
                          CONTENT="Leyden Adam schollaerd"/>
               </TextLine>
               <TextLine ID="region_1638887304530_2630l21"
                         BASELINE="2996,1720 3020,1722"
                         HEIGHT="48"
                         WIDTH="59"
                         VPOS="1687"
                         HPOS="2979">
                  <String ID="string_region_1638887304530_2630l21"
                          HEIGHT="48"
                          WIDTH="59"
                          VPOS="1687"
                          HPOS="2979"
                          CONTENT="n"/>
               </TextLine>
               <TextLine ID="region_1638887304530_2630l22"
                         BASELINE="1034,1758 1146,1758 1259,1758 1371,1758 1484,1755 1597,1752 1709,1750 1822,1746 1934,1742 2047,1736 2160,1732 2272,1726 2385,1721 2497,1715 2610,1708 2723,1702 2835,1696 2948,1690 3060,1684 3173,1678 3286,1672"
                         HEIGHT="222"
                         WIDTH="2285"
                         VPOS="1562"
                         HPOS="1018">
                  <String ID="string_region_1638887304530_2630l22"
                          HEIGHT="222"
                          WIDTH="2285"
                          VPOS="1562"
                          HPOS="1018"
                          CONTENT="Mons. in antwoort vanden ul van 23 deser sal mijn debvoor doen om e"/>
               </TextLine>
               <TextLine ID="region_1638887304530_2630l23"
                         BASELINE="1042,1828 1153,1830 1264,1830 1376,1830 1487,1828 1599,1826 1710,1824 1821,1820 1933,1816 2044,1811 2156,1806 2267,1802 2378,1796 2490,1790 2601,1786 2713,1780 2824,1776 2935,1771 3047,1768 3158,1766 3270,1762"
                         HEIGHT="160"
                         WIDTH="2259"
                         VPOS="1724"
                         HPOS="1025">
                  <String ID="string_region_1638887304530_2630l23"
                          HEIGHT="160"
                          WIDTH="2259"
                          VPOS="1724"
                          HPOS="1025"
                          CONTENT="coleur laken te verkoopen soo hoogh als mogelijk is ende 3 a 4 ten langh"/>
               </TextLine>
               <TextLine ID="region_1638887304530_2630l24"
                         BASELINE="1048,1912 1155,1909 1263,1908 1371,1906 1478,1904 1586,1901 1694,1898 1801,1896 1909,1894 2017,1890 2125,1887 2232,1884 2340,1880 2448,1876 2555,1872 2663,1866 2771,1862 2878,1857 2986,1850 3094,1844 3202,1836"
                         HEIGHT="134"
                         WIDTH="2184"
                         VPOS="1795"
                         HPOS="1030">
                  <String ID="string_region_1638887304530_2630l24"
                          HEIGHT="134"
                          WIDTH="2184"
                          VPOS="1795"
                          HPOS="1030"
                          CONTENT="tijt geven wegens het gelt dat ul versoek kan ten uytterste maer ƒ600:"/>
               </TextLine>
               <TextLine ID="region_1638887304530_2630l25"
                         BASELINE="1042,1998 1148,1996 1254,1994 1361,1990 1467,1988 1574,1986 1680,1984 1786,1980 1893,1977 1999,1974 2106,1970 2212,1966 2318,1961 2425,1956 2531,1949 2638,1944 2744,1936 2850,1927 2957,1918 3063,1909 3170,1896"
                         HEIGHT="158"
                         WIDTH="2160"
                         VPOS="1853"
                         HPOS="1025">
                  <String ID="string_region_1638887304530_2630l25"
                          HEIGHT="158"
                          WIDTH="2160"
                          VPOS="1853"
                          HPOS="1025"
                          CONTENT="d'erven d'welke aen ul ordre sal betalen maer niet meer oft "/>
               </TextLine>
               <TextLine ID="region_1638887304530_2630l26"
                         BASELINE="1054,2076 1162,2076 1270,2074 1379,2073 1487,2071 1596,2068 1704,2066 1812,2063 1921,2060 2029,2056 2138,2051 2246,2047 2354,2042 2463,2036 2571,2030 2680,2024 2788,2017 2896,2009 3005,2002 3113,1993 3222,1986"
                         HEIGHT="216"
                         WIDTH="2199"
                         VPOS="1925"
                         HPOS="1038">
                  <String ID="string_region_1638887304530_2630l26"
                          HEIGHT="216"
                          WIDTH="2199"
                          VPOS="1925"
                          HPOS="1038"
                          CONTENT="geeft ul een brief of order metser aenden schipper van Delft ende"/>
               </TextLine>
               <TextLine ID="region_1638887304530_2630l27"
                         BASELINE="1028,2166 1137,2160 1247,2156 1356,2153 1466,2150 1575,2146 1685,2143 1794,2140 1904,2136 2013,2132 2123,2128 2232,2124 2342,2118 2451,2112 2561,2104 2670,2098 2780,2088 2889,2078 2999,2068 3108,2057 3218,2042"
                         HEIGHT="166"
                         WIDTH="2226"
                         VPOS="1999"
                         HPOS="1010">
                  <String ID="string_region_1638887304530_2630l27"
                          HEIGHT="166"
                          WIDTH="2226"
                          VPOS="1999"
                          HPOS="1010"
                          CONTENT="ick sal aen hem dat gelt tellen want ick en kenne de schipp van "/>
               </TextLine>
               <TextLine ID="region_1638887304530_2630l28"
                         BASELINE="1034,2238 1144,2238 1254,2235 1364,2232 1474,2230 1585,2226 1695,2222 1805,2218 1915,2214 2025,2208 2136,2203 2246,2197 2356,2190 2466,2183 2576,2174 2687,2167 2797,2157 2907,2147 3017,2137 3127,2126 3238,2114"
                         HEIGHT="212"
                         WIDTH="2241"
                         VPOS="2056"
                         HPOS="1015">
                  <String ID="string_region_1638887304530_2630l28"
                          HEIGHT="212"
                          WIDTH="2241"
                          VPOS="2056"
                          HPOS="1015"
                          CONTENT="delft niet soo en sal hem soude ul perticuliere ordre geen gelt mede"/>
               </TextLine>
               <TextLine ID="region_1638887304530_2630l29"
                         BASELINE="1030,2318 1138,2316 1247,2314 1356,2311 1465,2308 1574,2304 1682,2300 1791,2296 1900,2291 2009,2285 2118,2280 2226,2272 2335,2266 2444,2259 2553,2251 2662,2244 2770,2235 2879,2225 2988,2215 3097,2205 3206,2194"
                         HEIGHT="229"
                         WIDTH="2210"
                         VPOS="2142"
                         HPOS="1012">
                  <String ID="string_region_1638887304530_2630l29"
                          HEIGHT="229"
                          WIDTH="2210"
                          VPOS="2142"
                          HPOS="1012"
                          CONTENT="geven dat gelt van van houten sal noch al tardeeren &amp; oock vande"/>
               </TextLine>
               <TextLine ID="region_1638887304530_2630l30"
                         BASELINE="1044,2400 1152,2396 1261,2393 1370,2390 1478,2386 1587,2382 1696,2378 1804,2374 1913,2367 2022,2362 2131,2356 2239,2351 2348,2342 2457,2336 2565,2327 2674,2319 2783,2309 2891,2299 3000,2288 3109,2277 3218,2264"
                         HEIGHT="216"
                         WIDTH="2209"
                         VPOS="2204"
                         HPOS="1026">
                  <String ID="string_region_1638887304530_2630l30"
                          HEIGHT="216"
                          WIDTH="2209"
                          VPOS="2204"
                          HPOS="1026"
                          CONTENT="weduwe formentrouw die soo prompt niet is, ende valen en hebbe"/>
               </TextLine>
               <TextLine ID="region_1638887304530_2630l31"
                         BASELINE="1050,2490 1151,2488 1252,2484 1353,2482 1454,2477 1556,2473 1657,2468 1758,2463 1859,2457 1960,2451 2062,2444 2163,2439 2264,2431 2365,2425 2466,2417 2568,2409 2669,2402 2770,2393 2871,2384 2972,2377 3074,2368"
                         HEIGHT="243"
                         WIDTH="2059"
                         VPOS="2291"
                         HPOS="1033">
                  <String ID="string_region_1638887304530_2630l31"
                          HEIGHT="243"
                          WIDTH="2059"
                          VPOS="2291"
                          HPOS="1033"
                          CONTENT="noch niet gesonden het maekt hier over al seer slight tijt"/>
               </TextLine>
               <TextLine ID="region_1638887304530_2630l32"
                         BASELINE="2376,2550 2419,2548 2462,2545 2505,2543 2548,2542 2592,2539 2635,2536 2678,2534 2721,2532 2764,2529 2808,2526 2851,2524 2894,2522 2937,2521 2980,2518 3024,2517 3067,2516 3110,2515 3153,2514 3196,2514 3240,2514"
                         HEIGHT="199"
                         WIDTH="902"
                         VPOS="2407"
                         HPOS="2356">
                  <String ID="string_region_1638887304530_2630l32"
                          HEIGHT="199"
                          WIDTH="902"
                          VPOS="2407"
                          HPOS="2356"
                          CONTENT="Antwerpen 126 maj 61"/>
               </TextLine>
               <TextLine ID="region_1638887304530_2630l33"
                         BASELINE="764,2592 808,2590 853,2586 898,2582 943,2580 988,2578 1033,2574 1078,2572 1123,2570 1168,2568 1213,2566 1257,2564 1302,2562 1347,2560 1392,2560 1437,2558 1482,2556 1527,2554 1572,2554 1617,2552 1662,2550"
                         HEIGHT="152"
                         WIDTH="934"
                         VPOS="2486"
                         HPOS="744">
                  <String ID="string_region_1638887304530_2630l33"
                          HEIGHT="152"
                          WIDTH="934"
                          VPOS="2486"
                          HPOS="744"
                          CONTENT="Brussel wed. Bonnecroy "/>
               </TextLine>
               <TextLine ID="region_1638887304530_2630l34"
                         BASELINE="1052,2648 1160,2642 1269,2638 1378,2634 1486,2632 1595,2629 1704,2628 1812,2626 1921,2626 2030,2624 2139,2624 2247,2624 2356,2622 2465,2622 2573,2620 2682,2618 2791,2614 2899,2611 3008,2606 3117,2600 3226,2594"
                         HEIGHT="115"
                         WIDTH="2207"
                         VPOS="2564"
                         HPOS="1034">
                  <String ID="string_region_1638887304530_2630l34"
                          HEIGHT="115"
                          WIDTH="2207"
                          VPOS="2564"
                          HPOS="1034"
                          CONTENT="jffr. hebbe den ul van 23 deser ontf. wegens de crawat hooghde en "/>
               </TextLine>
               <TextLine ID="region_1638887304530_2630l35"
                         BASELINE="688,2632 710,2628"
                         HEIGHT="76"
                         WIDTH="59"
                         VPOS="2573"
                         HPOS="668">
                  <String ID="string_region_1638887304530_2630l35"
                          HEIGHT="76"
                          WIDTH="59"
                          VPOS="2573"
                          HPOS="668"
                          CONTENT=""/>
               </TextLine>
               <TextLine ID="region_1638887304530_2630l36"
                         BASELINE="1052,2722 1158,2720 1264,2716 1370,2714 1477,2712 1583,2711 1689,2710 1796,2708 1902,2706 2008,2706 2115,2704 2221,2704 2327,2702 2433,2700 2540,2699 2646,2698 2752,2696 2859,2694 2965,2691 3071,2688 3178,2684"
                         HEIGHT="117"
                         WIDTH="2159"
                         VPOS="2641"
                         HPOS="1035">
                  <String ID="string_region_1638887304530_2630l36"
                          HEIGHT="117"
                          WIDTH="2159"
                          VPOS="2641"
                          HPOS="1035"
                          CONTENT="magh den leghste niet leeger sijn als dit mede gaende pampierken waer "/>
               </TextLine>
               <TextLine ID="region_1638887304530_2630l37"
                         BASELINE="1068,2800 1175,2798 1283,2796 1391,2794 1499,2792 1607,2791 1715,2790 1823,2788 1931,2788 2039,2786 2147,2786 2254,2784 2362,2782 2470,2780 2578,2778 2686,2774 2794,2771 2902,2766 3010,2762 3118,2756 3226,2750"
                         HEIGHT="122"
                         WIDTH="2190"
                         VPOS="2696"
                         HPOS="1051">
                  <String ID="string_region_1638887304530_2630l37"
                          HEIGHT="122"
                          WIDTH="2190"
                          VPOS="2696"
                          HPOS="1051"
                          CONTENT="nae moet reguleeren, om te leverent geene ul hebbe versoeght kan maer"/>
               </TextLine>
               <TextLine ID="region_1638887304530_2630l38"
                         BASELINE="1066,2870 1173,2868 1280,2868 1387,2866 1494,2866 1602,2864 1709,2864 1816,2862 1923,2860 2030,2858 2138,2858 2245,2856 2352,2854 2459,2852 2566,2850 2674,2846 2781,2844 2888,2841 2995,2838 3102,2834 3210,2830"
                         HEIGHT="108"
                         WIDTH="2173"
                         VPOS="2792"
                         HPOS="1050">
                  <String ID="string_region_1638887304530_2630l38"
                          HEIGHT="108"
                          WIDTH="2173"
                          VPOS="2792"
                          HPOS="1050"
                          CONTENT="weijnigh tijt geven soo moet ul het beste doen soo haest te bueren"/>
               </TextLine>
               <TextLine ID="region_1638887304530_2630l39"
                         BASELINE="1068,2960 1174,2956 1280,2952 1386,2950 1492,2948 1598,2946 1704,2944 1810,2942 1916,2942 2022,2940 2129,2938 2235,2936 2341,2934 2447,2932 2553,2930 2659,2926 2765,2922 2871,2918 2977,2912 3083,2906 3190,2900"
                         HEIGHT="135"
                         WIDTH="2156"
                         VPOS="2847"
                         HPOS="1050">
                  <String ID="string_region_1638887304530_2630l39"
                          HEIGHT="135"
                          WIDTH="2156"
                          VPOS="2847"
                          HPOS="1050"
                          CONTENT="alst mogelijk is maer goede koop ofte niet also menighte claghte"/>
               </TextLine>
               <TextLine ID="region_1638887304530_2630l40"
                         BASELINE="1058,3034 1166,3034 1275,3032 1384,3031 1493,3029 1602,3026 1710,3024 1819,3020 1928,3018 2037,3014 2146,3010 2254,3008 2363,3004 2472,3000 2581,2996 2690,2992 2798,2990 2907,2986 3016,2983 3125,2980 3234,2978"
                         HEIGHT="143"
                         WIDTH="2206"
                         VPOS="2905"
                         HPOS="1041">
                  <String ID="string_region_1638887304530_2630l40"
                          HEIGHT="143"
                          WIDTH="2206"
                          VPOS="2905"
                          HPOS="1041"
                          CONTENT="over het voorgaende hebbe ick ben seer verwondert dat mons. vale ul niet"/>
               </TextLine>
               <TextLine ID="region_1638887304530_2630l41"
                         BASELINE="1050,3110 1161,3110 1272,3108 1383,3108 1494,3106 1605,3104 1716,3102 1827,3100 1938,3098 2049,3094 2160,3092 2271,3088 2382,3084 2493,3080 2604,3076 2715,3072 2826,3067 2937,3062 3048,3055 3159,3050 3270,3042"
                         HEIGHT="169"
                         WIDTH="2252"
                         VPOS="2987"
                         HPOS="1034">
                  <String ID="string_region_1638887304530_2630l41"
                          HEIGHT="169"
                          WIDTH="2252"
                          VPOS="2987"
                          HPOS="1034"
                          CONTENT="heeft betaelt ick had ul geseyt soo dat hij niet precies en betaelde op den satur"/>
               </TextLine>
               <TextLine ID="region_1638887304530_2630l42"
                         BASELINE="1052,3186 1159,3184 1267,3184 1374,3182 1482,3181 1589,3180 1697,3178 1804,3176 1912,3173 2019,3170 2127,3166 2234,3164 2342,3160 2449,3156 2557,3152 2664,3148 2772,3143 2879,3138 2987,3132 3094,3126 3202,3120"
                         HEIGHT="142"
                         WIDTH="2184"
                         VPOS="3070"
                         HPOS="1034">
                  <String ID="string_region_1638887304530_2630l42"
                          HEIGHT="142"
                          WIDTH="2184"
                          VPOS="3070"
                          HPOS="1034"
                          CONTENT="dagh nae mij vertreck dat ul aen mij mijn bewijs soude hebbe wederom "/>
               </TextLine>
               <TextLine ID="region_1638887304530_2630l43"
                         BASELINE="1066,3266 1172,3264 1279,3260 1386,3258 1493,3256 1600,3254 1706,3250 1813,3248 1920,3246 2027,3242 2134,3240 2240,3236 2347,3232 2454,3228 2561,3224 2668,3220 2774,3214 2881,3208 2988,3200 3095,3192 3202,3184"
                         HEIGHT="149"
                         WIDTH="2169"
                         VPOS="3128"
                         HPOS="1050">
                  <String ID="string_region_1638887304530_2630l43"
                          HEIGHT="149"
                          WIDTH="2169"
                          VPOS="3128"
                          HPOS="1050"
                          CONTENT="gesonden &amp; waert sake ul hem daer mede hadde gedrijght hij soude buyten "/>
               </TextLine>
               <TextLine ID="region_1638887304530_2630l44"
                         BASELINE="1060,3350 1167,3344 1275,3338 1383,3334 1491,3330 1599,3326 1707,3323 1815,3320 1923,3318 2031,3316 2139,3314 2246,3312 2354,3310 2462,3306 2570,3304 2678,3299 2786,3294 2894,3288 3002,3280 3110,3272 3218,3262"
                         HEIGHT="177"
                         WIDTH="2193"
                         VPOS="3210"
                         HPOS="1042">
                  <String ID="string_region_1638887304530_2630l44"
                          HEIGHT="177"
                          WIDTH="2193"
                          VPOS="3210"
                          HPOS="1042"
                          CONTENT="die fut ul betaelt hebben mons van Homborgh heeft ul oock uyt"/>
               </TextLine>
               <TextLine ID="region_1638887304530_2630l45"
                         BASELINE="1062,3428 1169,3422 1277,3417 1385,3412 1492,3408 1600,3404 1708,3402 1815,3398 1923,3396 2031,3394 2139,3392 2246,3390 2354,3386 2462,3384 2569,3379 2677,3375 2785,3370 2892,3363 3000,3356 3108,3348 3216,3338"
                         HEIGHT="166"
                         WIDTH="2189"
                         VPOS="3281"
                         HPOS="1045">
                  <String ID="string_region_1638887304530_2630l45"
                          HEIGHT="166"
                          WIDTH="2189"
                          VPOS="3281"
                          HPOS="1045"
                          CONTENT="gestelt dat gualijk gedaen is als ick tot brussel ben het schent dat "/>
               </TextLine>
               <TextLine ID="region_1638887304530_2630l46"
                         BASELINE="1066,3508 1161,3508 1257,3508 1353,3508 1449,3508 1545,3506 1641,3505 1737,3502 1833,3500 1929,3498 2025,3493 2120,3490 2216,3485 2312,3480 2408,3474 2504,3469 2600,3464 2696,3457 2792,3450 2888,3444 2984,3436"
                         HEIGHT="145"
                         WIDTH="1949"
                         VPOS="3394"
                         HPOS="1050">
                  <String ID="string_region_1638887304530_2630l46"
                          HEIGHT="145"
                          WIDTH="1949"
                          VPOS="3394"
                          HPOS="1050"
                          CONTENT="sij in 3 a 4 dagen willen betalen, als ick wederwegh ben"/>
               </TextLine>
               <TextLine ID="region_1638887304530_2630l47"
                         BASELINE="2580,3528 2605,3526 2631,3525 2657,3524 2683,3522 2709,3522 2735,3521 2761,3520 2787,3519 2813,3518 2838,3516 2864,3516 2890,3515 2916,3513 2942,3510 2968,3508 2994,3505 3020,3503 3046,3498"
                         HEIGHT="114"
                         WIDTH="500"
                         VPOS="3455"
                         HPOS="2563">
                  <String ID="string_region_1638887304530_2630l47"
                          HEIGHT="114"
                          WIDTH="500"
                          VPOS="3455"
                          HPOS="2563"
                          CONTENT="26 may 1681"/>
               </TextLine>
               <TextLine ID="region_1638887304530_2630l48"
                         BASELINE="796,3584 828,3581 860,3578 892,3576 924,3576 956,3575 988,3574 1020,3574 1052,3574 1084,3574 1117,3574 1149,3574 1181,3575 1213,3576 1245,3576 1277,3576 1309,3576 1341,3578 1373,3578 1405,3577 1438,3576"
                         HEIGHT="168"
                         WIDTH="674"
                         VPOS="3467"
                         HPOS="781">
                  <String ID="string_region_1638887304530_2630l48"
                          HEIGHT="168"
                          WIDTH="674"
                          VPOS="3467"
                          HPOS="781"
                          CONTENT="Brussel Sabberton"/>
               </TextLine>
               <TextLine ID="region_1638887304530_2630l49"
                         BASELINE="1832,3592 1861,3591 1890,3590 1920,3588"
                         HEIGHT="98"
                         WIDTH="122"
                         VPOS="3527"
                         HPOS="1814">
                  <String ID="string_region_1638887304530_2630l49"
                          HEIGHT="98"
                          WIDTH="122"
                          VPOS="3527"
                          HPOS="1814"
                          CONTENT="th"/>
               </TextLine>
               <TextLine ID="region_1638887304530_2630l50"
                         BASELINE="1070,3656 1175,3658 1281,3656 1386,3656 1492,3656 1597,3654 1703,3652 1808,3648 1914,3645 2019,3642 2125,3638 2230,3634 2336,3628 2441,3624 2547,3619 2652,3612 2758,3607 2863,3600 2969,3594 3074,3588 3180,3580"
                         HEIGHT="150"
                         WIDTH="2141"
                         VPOS="3532"
                         HPOS="1054">
                  <String ID="string_region_1638887304530_2630l50"
                          HEIGHT="150"
                          WIDTH="2141"
                          VPOS="3532"
                          HPOS="1054"
                          CONTENT="Sr. I have recd. yd of the 23 curitt I am of yd honnour that men should"/>
               </TextLine>
               <TextLine ID="region_1638887304530_2630l51"
                         BASELINE="1062,3740 1167,3738 1272,3734 1377,3732 1482,3730 1588,3728 1693,3726 1798,3724 1903,3721 2008,3718 2114,3716 2219,3712 2324,3710 2429,3706 2534,3702 2640,3698 2745,3693 2850,3688 2955,3682 3060,3676 3166,3668"
                         HEIGHT="185"
                         WIDTH="2135"
                         VPOS="3611"
                         HPOS="1046">
                  <String ID="string_region_1638887304530_2630l51"
                          HEIGHT="185"
                          WIDTH="2135"
                          VPOS="3611"
                          HPOS="1046"
                          CONTENT="be puntuall, so their word yett some times there is ala exception"/>
               </TextLine>
               <TextLine ID="region_1638887304530_2630l52"
                         BASELINE="1078,3826 1183,3826 1288,3826 1393,3826 1499,3824 1604,3822 1709,3820 1815,3816 1920,3812 2025,3810 2131,3804 2236,3800 2341,3795 2446,3790 2552,3785 2657,3780 2762,3774 2868,3768 2973,3764 3078,3758 3184,3752"
                         HEIGHT="154"
                         WIDTH="2135"
                         VPOS="3703"
                         HPOS="1062">
                  <String ID="string_region_1638887304530_2630l52"
                          HEIGHT="154"
                          WIDTH="2135"
                          VPOS="3703"
                          HPOS="1062"
                          CONTENT="privcipally when the opportinntie doth not permitt as itt is with mee"/>
               </TextLine>
               <TextLine ID="region_1638887304530_2630l53"
                         BASELINE="1054,3908 1163,3906 1272,3906 1381,3906 1490,3904 1599,3902 1708,3900 1817,3898 1926,3894 2035,3892 2144,3888 2253,3886 2362,3881 2471,3876 2580,3872 2689,3868 2798,3862 2907,3858 3016,3853 3125,3847 3234,3840"
                         HEIGHT="154"
                         WIDTH="2211"
                         VPOS="3795"
                         HPOS="1039">
                  <String ID="string_region_1638887304530_2630l53"
                          HEIGHT="154"
                          WIDTH="2211"
                          VPOS="3795"
                          HPOS="1039"
                          CONTENT="for Jassure you I could finde no bill sdid not thingh convenient"/>
               </TextLine>
               <TextLine ID="region_1638887304530_2630l54"
                         BASELINE="1054,3986 1160,3986 1267,3988 1373,3988 1480,3986 1587,3986 1693,3984 1800,3983 1906,3980 2013,3978 2120,3974 2226,3971 2333,3966 2439,3962 2546,3957 2653,3952 2759,3946 2866,3940 2972,3932 3079,3925 3186,3918"
                         HEIGHT="167"
                         WIDTH="2165"
                         VPOS="3870"
                         HPOS="1036">
                  <String ID="string_region_1638887304530_2630l54"
                          HEIGHT="167"
                          WIDTH="2165"
                          VPOS="3870"
                          HPOS="1036"
                          CONTENT="to pay portidye to the messanger, whoewer you shall have itt next"/>
               </TextLine>
               <TextLine ID="region_1638887304530_2630l55"
                         BASELINE="1062,4080 1168,4078 1274,4076 1380,4074 1486,4074 1593,4072 1699,4070 1805,4068 1911,4066 2017,4062 2124,4060 2230,4058 2336,4056 2442,4053 2548,4050 2655,4046 2761,4043 2867,4040 2973,4036 3079,4032 3186,4028"
                         HEIGHT="203"
                         WIDTH="2156"
                         VPOS="3936"
                         HPOS="1046">
                  <String ID="string_region_1638887304530_2630l55"
                          HEIGHT="203"
                          WIDTH="2156"
                          VPOS="3936"
                          HPOS="1046"
                          CONTENT="working dayes, with some more towards the laces which I desved"/>
               </TextLine>
               <TextLine ID="region_1638887304530_2630l56"
                         BASELINE="1066,4164 1177,4167 1289,4168 1400,4168 1512,4168 1624,4166 1735,4164 1847,4162 1958,4158 2070,4155 2182,4151 2293,4148 2405,4144 2516,4140 2628,4138 2740,4134 2851,4132 2963,4130 3074,4128 3186,4128 3298,4128"
                         HEIGHT="149"
                         WIDTH="2262"
                         VPOS="4083"
                         HPOS="1049">
                  <String ID="string_region_1638887304530_2630l56"
                          HEIGHT="149"
                          WIDTH="2262"
                          VPOS="4083"
                          HPOS="1049"
                          CONTENT="you to provide, where in I hope you will be yett exater &amp; more pinctall "/>
               </TextLine>
               <TextLine ID="region_1638887304530_2630l57"
                         BASELINE="1062,4260 1172,4260 1282,4258 1393,4258 1503,4256 1614,4254 1724,4254 1834,4252 1945,4250 2055,4248 2166,4246 2276,4244 2386,4242 2497,4240 2607,4238 2718,4236 2828,4234 2938,4232 3049,4229 3159,4226 3270,4224"
                         HEIGHT="129"
                         WIDTH="2241"
                         VPOS="4170"
                         HPOS="1045">
                  <String ID="string_region_1638887304530_2630l57"
                          HEIGHT="129"
                          WIDTH="2241"
                          VPOS="4170"
                          HPOS="1045"
                          CONTENT="then I could express my self which I onely did accordinyly todirectiong"/>
               </TextLine>
               <TextLine ID="region_1638887304530_2630l58"
                         BASELINE="1070,4340 1180,4342 1290,4342 1401,4342 1511,4342 1622,4342 1732,4342 1842,4340 1953,4338 2063,4338 2174,4336 2284,4334 2394,4332 2505,4330 2615,4328 2726,4328 2836,4326 2946,4324 3057,4324 3167,4322 3278,4322"
                         HEIGHT="141"
                         WIDTH="2238"
                         VPOS="4262"
                         HPOS="1054">
                  <String ID="string_region_1638887304530_2630l58"
                          HEIGHT="141"
                          WIDTH="2238"
                          VPOS="4262"
                          HPOS="1054"
                          CONTENT="guven mee from England which I shovl wish could  waccomplisted "/>
               </TextLine>
               <TextLine ID="region_1638887304530_2630l59"
                         BASELINE="1088,4440 1184,4440 1280,4440 1376,4440 1472,4440 1568,4440 1664,4438 1760,4438 1856,4436 1952,4436 2049,4434 2145,4433 2241,4432 2337,4430 2433,4430 2529,4428 2625,4428 2721,4426 2817,4426 2913,4426 3010,4424"
                         HEIGHT="90"
                         WIDTH="1950"
                         VPOS="4367"
                         HPOS="1074">
                  <String ID="string_region_1638887304530_2630l59"
                          HEIGHT="90"
                          WIDTH="1950"
                          VPOS="4367"
                          HPOS="1074"
                          CONTENT="with to content I because itt shall prove to more ad vantage"/>
               </TextLine>
            </TextBlock>
            <TextBlock ID="region_1638887308011_2633"
                       HEIGHT="4307"
                       WIDTH="2613"
                       VPOS="218"
                       HPOS="3354">
               <Shape>
                  <Polygon POINTS="3354,218 5967,218 5967,4525 3354,4525"/>
               </Shape>
               <TextLine ID="region_1638887308011_2633l1"
                         BASELINE="3498,322 3620,317 3742,312 3865,310 3987,308 4110,308 4232,308 4354,310 4477,312 4599,314 4722,316 4844,320 4966,322 5089,324 5211,326 5334,328 5456,330 5578,330 5701,328 5823,326 5946,322"
                         HEIGHT="142"
                         WIDTH="2477"
                         VPOS="247"
                         HPOS="3484">
                  <String ID="string_region_1638887308011_2633l1"
                          HEIGHT="142"
                          WIDTH="2477"
                          VPOS="247"
                          HPOS="3484"
                          CONTENT="here after &amp; thought you finde more of the sorts desired then I lunited yett"/>
               </TextLine>
               <TextLine ID="region_1638887308011_2633l2"
                         BASELINE="3522,390 3641,388 3761,386 3880,386 4000,386 4120,388 4239,388 4359,390 4478,392 4598,394 4718,396 4837,398 4957,400 5076,402 5196,404 5316,404 5435,406 5555,406 5674,406 5794,405 5914,404"
                         HEIGHT="128"
                         WIDTH="2423"
                         VPOS="329"
                         HPOS="3507">
                  <String ID="string_region_1638887308011_2633l2"
                          HEIGHT="128"
                          WIDTH="2423"
                          VPOS="329"
                          HPOS="3507"
                          CONTENT="if you finde an hazard please to procure itt for my freind sayes that in crawly "/>
               </TextLine>
               <TextLine ID="region_1638887308011_2633l3"
                         BASELINE="3510,476 3631,470 3753,466 3874,464 3996,464 4118,464 4239,464 4361,466 4482,468 4604,472 4726,474 4847,478 4969,481 5090,484 5212,486 5334,486 5455,487 5577,486 5698,484 5820,481 5942,476"
                         HEIGHT="117"
                         WIDTH="2465"
                         VPOS="411"
                         HPOS="3494">
                  <String ID="string_region_1638887308011_2633l3"
                          HEIGHT="117"
                          WIDTH="2465"
                          VPOS="411"
                          HPOS="3494"
                          CONTENT="&amp; mr. Saylor sells so cheap, that he can not follow them I could wish he had one"/>
               </TextLine>
               <TextLine ID="region_1638887308011_2633l4"
                         BASELINE="3532,548 3613,546 3694,544 3775,544 3856,542 3938,542 4019,542 4100,542 4181,542 4262,544 4344,544 4425,544 4506,546 4587,546 4668,546 4750,546 4831,546 4912,546 4993,546 5074,544 5156,542"
                         HEIGHT="68"
                         WIDTH="1653"
                         VPOS="502"
                         HPOS="3517">
                  <String ID="string_region_1638887308011_2633l4"
                          HEIGHT="68"
                          WIDTH="1653"
                          VPOS="502"
                          HPOS="3517"
                          CONTENT="packett, as you sent, last to n. scawen besidee-"/>
               </TextLine>
               <TextLine ID="region_1638887308011_2633l5"
                         BASELINE="5074,598 5116,598 5159,600 5201,600 5244,600 5287,600 5329,600 5372,600 5414,599 5457,598 5500,598 5542,596 5585,596 5627,594 5670,593 5713,592 5755,590 5798,588 5840,587 5883,584 5926,582"
                         HEIGHT="121"
                         WIDTH="885"
                         VPOS="529"
                         HPOS="5057">
                  <String ID="string_region_1638887308011_2633l5"
                          HEIGHT="121"
                          WIDTH="885"
                          VPOS="529"
                          HPOS="5057"
                          CONTENT="In Antwerpen 25 may 1681"/>
               </TextLine>
               <TextLine ID="region_1638887308011_2633l6"
                         BASELINE="3360,616 3397,614 3434,614 3471,614 3509,612 3546,612 3583,612 3621,612 3658,612 3695,612 3733,612 3770,612 3807,612 3844,610 3882,610 3919,610 3956,609 3994,608 4031,606 4068,604 4106,602"
                         HEIGHT="139"
                         WIDTH="778"
                         VPOS="533"
                         HPOS="3344">
                  <String ID="string_region_1638887308011_2633l6"
                          HEIGHT="139"
                          WIDTH="778"
                          VPOS="533"
                          HPOS="3344"
                          CONTENT="Gent Jan Biuj Tijsbart"/>
               </TextLine>
               <TextLine ID="region_1638887308011_2633l7"
                         BASELINE="3512,676 3630,678 3748,682 3866,684 3984,686 4103,687 4221,688 4339,688 4457,688 4575,688 4694,688 4812,688 4930,686 5048,684 5166,682 5285,680 5403,678 5521,676 5639,672 5757,670 5876,666"
                         HEIGHT="106"
                         WIDTH="2394"
                         VPOS="611"
                         HPOS="3496">
                  <String ID="string_region_1638887308011_2633l7"
                          HEIGHT="106"
                          WIDTH="2394"
                          VPOS="611"
                          HPOS="3496"
                          CONTENT="Mons in antwoort aenden ul ick geloove depasseerde beletselen wel meest "/>
               </TextLine>
               <TextLine ID="region_1638887308011_2633l8"
                         BASELINE="3518,754 3638,754 3759,756 3880,756 4001,758 4122,758 4243,760 4364,760 4485,760 4606,760 4727,760 4847,758 4968,757 5089,756 5210,752 5331,749 5452,745 5573,740 5694,734 5815,728 5936,720"
                         HEIGHT="157"
                         WIDTH="2446"
                         VPOS="662"
                         HPOS="3504">
                  <String ID="string_region_1638887308011_2633l8"
                          HEIGHT="157"
                          WIDTH="2446"
                          VPOS="662"
                          HPOS="3504"
                          CONTENT="oorsaek sijn geweest dat de legaturen niet en sijn vervoordert nae de mael"/>
               </TextLine>
               <TextLine ID="region_1638887308011_2633l9"
                         BASELINE="3522,824 3639,826 3757,828 3875,830 3993,830 4111,832 4228,832 4346,832 4464,832 4582,831 4700,830 4817,828 4935,826 5053,822 5171,820 5289,815 5406,810 5524,806 5642,800 5760,794 5878,786"
                         HEIGHT="138"
                         WIDTH="2388"
                         VPOS="734"
                         HPOS="3505">
                  <String ID="string_region_1638887308011_2633l9"
                          HEIGHT="138"
                          WIDTH="2388"
                          VPOS="734"
                          HPOS="3505"
                          CONTENT="het nu seven weken geleden is dat die waren belooft gereet soude geweest"/>
               </TextLine>
               <TextLine ID="region_1638887308011_2633l10"
                         BASELINE="3524,908 3644,904 3765,902 3886,900 4007,898 4128,898 4249,896 4370,896 4491,896 4612,895 4733,894 4853,892 4974,892 5095,889 5216,886 5337,883 5458,878 5579,872 5700,865 5821,856 5942,846"
                         HEIGHT="160"
                         WIDTH="2453"
                         VPOS="772"
                         HPOS="3506">
                  <String ID="string_region_1638887308011_2633l10"
                          HEIGHT="160"
                          WIDTH="2453"
                          VPOS="772"
                          HPOS="3506"
                          CONTENT="hebbende mijn correspondent tot london is daer niet wel overgesaent hebbende "/>
               </TextLine>
               <TextLine ID="region_1638887308011_2633l11"
                         BASELINE="3528,980 3644,976 3760,972 3876,970 3992,970 4108,968 4224,968 4340,968 4456,968 4572,968 4688,968 4804,968 4920,966 5036,966 5152,964 5268,961 5384,958 5500,954 5616,947 5732,940 5848,932"
                         HEIGHT="153"
                         WIDTH="2351"
                         VPOS="867"
                         HPOS="3511">
                  <String ID="string_region_1638887308011_2633l11"
                          HEIGHT="153"
                          WIDTH="2351"
                          VPOS="867"
                          HPOS="3511"
                          CONTENT="gelijk half gecontramandeert de goederen te senden soo dan in gevallen de "/>
               </TextLine>
               <TextLine ID="region_1638887308011_2633l12"
                         BASELINE="3522,1054 3641,1052 3761,1052 3880,1050 4000,1050 4119,1050 4239,1050 4358,1050 4478,1050 4597,1048 4717,1048 4836,1046 4956,1043 5075,1039 5195,1035 5314,1030 5434,1023 5553,1014 5673,1006 5792,996 5912,984"
                         HEIGHT="193"
                         WIDTH="2422"
                         VPOS="886"
                         HPOS="3505">
                  <String ID="string_region_1638887308011_2633l12"
                          HEIGHT="193"
                          WIDTH="2422"
                          VPOS="886"
                          HPOS="3505"
                          CONTENT="bewuste 32 stucken dese weeke van costij konnen versonden worden"/>
               </TextLine>
               <TextLine ID="region_1638887308011_2633l13"
                         BASELINE="3530,1134 3636,1131 3743,1128 3850,1126 3956,1126 4063,1126 4170,1124 4276,1124 4383,1124 4490,1124 4597,1124 4703,1124 4810,1122 4917,1120 5023,1116 5130,1112 5237,1107 5343,1101 5450,1092 5557,1082 5664,1070"
                         HEIGHT="154"
                         WIDTH="2169"
                         VPOS="1027"
                         HPOS="3512">
                  <String ID="string_region_1638887308011_2633l13"
                          HEIGHT="154"
                          WIDTH="2169"
                          VPOS="1027"
                          HPOS="3512"
                          CONTENT="sal mij niet schilen ofte de selve voort gaen ofte niet terwijlen &amp;o"/>
               </TextLine>
               <TextLine ID="region_1638887308011_2633l14"
                         BASELINE="5126,1190 5165,1188 5205,1188 5245,1186 5285,1186 5325,1186 5364,1186 5404,1186 5444,1186 5484,1186 5524,1186 5563,1186 5603,1186 5643,1186 5683,1186 5723,1186 5762,1186 5802,1186 5842,1186 5882,1186 5922,1186"
                         HEIGHT="142"
                         WIDTH="826"
                         VPOS="1103"
                         HPOS="5112">
                  <String ID="string_region_1638887308011_2633l14"
                          HEIGHT="142"
                          WIDTH="826"
                          VPOS="1103"
                          HPOS="5112"
                          CONTENT="Antwerp 27 maij 1681"/>
               </TextLine>
               <TextLine ID="region_1638887308011_2633l15"
                         BASELINE="3362,1236 3397,1234 3433,1232 3468,1230 3504,1230 3540,1228 3575,1226 3611,1224 3646,1223 3682,1222 3718,1220 3753,1220 3789,1218 3824,1218 3860,1217 3896,1216 3931,1216 3967,1216 4002,1216 4038,1217 4074,1218"
                         HEIGHT="149"
                         WIDTH="745"
                         VPOS="1132"
                         HPOS="3345">
                  <String ID="string_region_1638887308011_2633l15"
                          HEIGHT="149"
                          WIDTH="745"
                          VPOS="1132"
                          HPOS="3345"
                          CONTENT="Lille Richd. Southell"/>
               </TextLine>
               <TextLine ID="region_1638887308011_2633l16"
                         BASELINE="4324,1262 4361,1264 4398,1262"
                         HEIGHT="117"
                         WIDTH="107"
                         VPOS="1166"
                         HPOS="4307">
                  <String ID="string_region_1638887308011_2633l16"
                          HEIGHT="117"
                          WIDTH="107"
                          VPOS="1166"
                          HPOS="4307"
                          CONTENT="10"/>
               </TextLine>
               <TextLine ID="region_1638887308011_2633l17"
                         BASELINE="3542,1302 3661,1302 3781,1304 3901,1304 4021,1304 4141,1304 4260,1304 4380,1304 4500,1302 4620,1302 4740,1300 4859,1299 4979,1298 5099,1296 5219,1293 5339,1290 5458,1288 5578,1285 5698,1282 5818,1278 5938,1274"
                         HEIGHT="92"
                         WIDTH="2428"
                         VPOS="1246"
                         HPOS="3526">
                  <String ID="string_region_1638887308011_2633l17"
                          HEIGHT="92"
                          WIDTH="2428"
                          VPOS="1246"
                          HPOS="3526"
                          CONTENT="Sr. in answer to yd of 25: curitt am sorry my letter for London came not intime"/>
               </TextLine>
               <TextLine ID="region_1638887308011_2633l18"
                         BASELINE="3526,1374 3645,1376 3764,1380 3883,1382 4002,1382 4121,1384 4240,1384 4359,1382 4478,1382 4597,1380 4716,1378 4835,1374 4954,1371 5073,1368 5192,1363 5311,1358 5430,1354 5549,1348 5668,1342 5787,1336 5906,1330"
                         HEIGHT="125"
                         WIDTH="2409"
                         VPOS="1298"
                         HPOS="3511">
                  <String ID="string_region_1638887308011_2633l18"
                          HEIGHT="125"
                          WIDTH="2409"
                          VPOS="1298"
                          HPOS="3511"
                          CONTENT="had I had any feare for that, could have send itt a day sooner, butt now wee must"/>
               </TextLine>
               <TextLine ID="region_1638887308011_2633l19"
                         BASELINE="3544,1468 3663,1466 3782,1465 3901,1464 4020,1462 4139,1459 4258,1457 4377,1454 4496,1452 4615,1448 4735,1444 4854,1440 4973,1436 5092,1432 5211,1427 5330,1421 5449,1415 5568,1408 5687,1402 5806,1393 5926,1386"
                         HEIGHT="173"
                         WIDTH="2417"
                         VPOS="1333"
                         HPOS="3526">
                  <String ID="string_region_1638887308011_2633l19"
                          HEIGHT="173"
                          WIDTH="2417"
                          VPOS="1333"
                          HPOS="3526"
                          CONTENT="have itt as itt as, I hope maynard had sooner warning of the brandenbourghers "/>
               </TextLine>
               <TextLine ID="region_1638887308011_2633l20"
                         BASELINE="3544,1548 3663,1543 3783,1540 3903,1536 4022,1531 4142,1528 4262,1526 4381,1522 4501,1519 4621,1516 4741,1512 4860,1510 4980,1506 5100,1502 5219,1498 5339,1493 5459,1488 5578,1482 5698,1474 5818,1468 5938,1460"
                         HEIGHT="176"
                         WIDTH="2425"
                         VPOS="1386"
                         HPOS="3526">
                  <String ID="string_region_1638887308011_2633l20"
                          HEIGHT="176"
                          WIDTH="2425"
                          VPOS="1386"
                          HPOS="3526"
                          CONTENT="which now have taken 6 binlandars if no more, as yett have no news off any"/>
               </TextLine>
               <TextLine ID="region_1638887308011_2633l21"
                         BASELINE="3514,1630 3634,1626 3754,1624 3875,1620 3995,1616 4116,1613 4236,1610 4356,1606 4477,1603 4597,1599 4718,1595 4838,1590 4958,1586 5079,1581 5199,1574 5320,1568 5440,1562 5560,1555 5681,1546 5801,1537 5922,1528"
                         HEIGHT="194"
                         WIDTH="2442"
                         VPOS="1462"
                         HPOS="3496">
                  <String ID="string_region_1638887308011_2633l21"
                          HEIGHT="194"
                          WIDTH="2442"
                          VPOS="1462"
                          HPOS="3496"
                          CONTENT="loss butt am concerned in the binlander of Rochus lamere which was"/>
               </TextLine>
               <TextLine ID="region_1638887308011_2633l22"
                         BASELINE="3518,1714 3639,1713 3760,1711 3881,1709 4002,1708 4124,1705 4245,1702 4366,1700 4487,1696 4608,1692 4730,1688 4851,1682 4972,1677 5093,1672 5214,1664 5336,1657 5457,1648 5578,1638 5699,1628 5820,1615 5942,1604"
                         HEIGHT="203"
                         WIDTH="2459"
                         VPOS="1544"
                         HPOS="3500">
                  <String ID="string_region_1638887308011_2633l22"
                          HEIGHT="203"
                          WIDTH="2459"
                          VPOS="1544"
                          HPOS="3500"
                          CONTENT="ready to saile, god give him, either well to arrived or to keep bach in England"/>
               </TextLine>
               <TextLine ID="region_1638887308011_2633l23"
                         BASELINE="3550,1800 3666,1796 3782,1793 3898,1790 4014,1786 4130,1784 4246,1780 4362,1778 4478,1775 4594,1772 4710,1769 4826,1765 4942,1760 5058,1757 5174,1752 5290,1746 5406,1740 5522,1733 5638,1725 5754,1717 5870,1706"
                         HEIGHT="174"
                         WIDTH="2352"
                         VPOS="1638"
                         HPOS="3534">
                  <String ID="string_region_1638887308011_2633l23"
                          HEIGHT="174"
                          WIDTH="2352"
                          VPOS="1638"
                          HPOS="3534"
                          CONTENT="which I hope amonghst these alterations have a good escape in the vessel"/>
               </TextLine>
               <TextLine ID="region_1638887308011_2633l24"
                         BASELINE="3542,1870 3660,1870 3778,1870 3896,1870 4014,1870 4133,1868 4251,1866 4369,1864 4487,1860 4605,1857 4724,1854 4842,1850 4960,1846 5078,1840 5196,1836 5315,1830 5433,1824 5551,1818 5669,1812 5787,1806 5906,1800"
                         HEIGHT="169"
                         WIDTH="2396"
                         VPOS="1737"
                         HPOS="3526">
                  <String ID="string_region_1638887308011_2633l24"
                          HEIGHT="169"
                          WIDTH="2396"
                          VPOS="1737"
                          HPOS="3526"
                          CONTENT="of one vandewalle which arrived in the morning by breaking of day when "/>
               </TextLine>
               <TextLine ID="region_1638887308011_2633l25"
                         BASELINE="3526,1950 3646,1950 3766,1948 3886,1948 4006,1948 4126,1946 4246,1946 4366,1944 4486,1942 4606,1941 4726,1938 4846,1936 4966,1933 5086,1930 5206,1925 5326,1920 5446,1914 5566,1908 5686,1900 5806,1891 5926,1880"
                         HEIGHT="182"
                         WIDTH="2434"
                         VPOS="1802"
                         HPOS="3508">
                  <String ID="string_region_1638887308011_2633l25"
                          HEIGHT="182"
                          WIDTH="2434"
                          VPOS="1802"
                          HPOS="3508"
                          CONTENT="that day 4 binlanders were taken, could I gett butt cleare of this bout should"/>
               </TextLine>
               <TextLine ID="region_1638887308011_2633l26"
                         BASELINE="3544,2026 3663,2022 3783,2020 3903,2018 4023,2016 4143,2016 4263,2016 4383,2015 4503,2014 4623,2014 4743,2014 4862,2012 4982,2011 5102,2008 5222,2006 5342,2002 5462,1998 5582,1992 5702,1985 5822,1977 5942,1966"
                         HEIGHT="141"
                         WIDTH="2428"
                         VPOS="1910"
                         HPOS="3528">
                  <String ID="string_region_1638887308011_2633l26"
                          HEIGHT="141"
                          WIDTH="2428"
                          VPOS="1910"
                          HPOS="3528"
                          CONTENT="venter no more in spanist bottours: intrim wee must have all to proviidene "/>
               </TextLine>
               <TextLine ID="region_1638887308011_2633l27"
                         BASELINE="3538,2096 3657,2096 3777,2096 3897,2098 4016,2098 4136,2100 4256,2100 4375,2100 4495,2102 4615,2102 4735,2102 4854,2102 4974,2102 5094,2102 5213,2100 5333,2100 5453,2098 5572,2096 5692,2092 5812,2088 5932,2084"
                         HEIGHT="183"
                         WIDTH="2424"
                         VPOS="1974"
                         HPOS="3522">
                  <String ID="string_region_1638887308011_2633l27"
                          HEIGHT="183"
                          WIDTH="2424"
                          VPOS="1974"
                          HPOS="3522"
                          CONTENT="I have given you creditt for mj ¼ part in the bale N.8 &amp; thakes to god that all is"/>
               </TextLine>
               <TextLine ID="region_1638887308011_2633l28"
                         BASELINE="3546,2188 3664,2186 3782,2184 3901,2182 4019,2182 4138,2180 4256,2180 4374,2180 4493,2180 4611,2180 4730,2180 4848,2181 4966,2182 5085,2182 5203,2182 5322,2180 5440,2180 5558,2180 5677,2178 5795,2176 5914,2174"
                         HEIGHT="107"
                         WIDTH="2400"
                         VPOS="2112"
                         HPOS="3529">
                  <String ID="string_region_1638887308011_2633l28"
                          HEIGHT="107"
                          WIDTH="2400"
                          VPOS="2112"
                          HPOS="3529"
                          CONTENT="well arrived, god give good succes &amp; better to yd undertakeings then the case doth now"/>
               </TextLine>
               <TextLine ID="region_1638887308011_2633l29"
                         BASELINE="3530,2262 3648,2260 3766,2260 3884,2260 4003,2259 4121,2258 4239,2258 4358,2258 4476,2258 4594,2258 4713,2258 4831,2258 4949,2257 5067,2256 5186,2256 5304,2254 5422,2254 5541,2252 5659,2250 5777,2248 5896,2246"
                         HEIGHT="100"
                         WIDTH="2397"
                         VPOS="2200"
                         HPOS="3513">
                  <String ID="string_region_1638887308011_2633l29"
                          HEIGHT="100"
                          WIDTH="2397"
                          VPOS="2200"
                          HPOS="3513"
                          CONTENT="promise for mee I am gladd you sold our kersies so well as the soone as the"/>
               </TextLine>
               <TextLine ID="region_1638887308011_2633l30"
                         BASELINE="3540,2348 3660,2348 3780,2350 3900,2350 4021,2350 4141,2350 4261,2350 4382,2348 4502,2348 4622,2348 4743,2346 4863,2346 4983,2344 5103,2344 5224,2342 5344,2342 5464,2340 5585,2340 5705,2338 5825,2338 5946,2336"
                         HEIGHT="173"
                         WIDTH="2437"
                         VPOS="2237"
                         HPOS="3525">
                  <String ID="string_region_1638887308011_2633l30"
                          HEIGHT="173"
                          WIDTH="2437"
                          VPOS="2237"
                          HPOS="3525"
                          CONTENT="goods in½ sold pleast to send the acctt because wee might cleare that &amp; proceed "/>
               </TextLine>
               <TextLine ID="region_1638887308011_2633l31"
                         BASELINE="3534,2432 3654,2436 3774,2438 3894,2440 4015,2442 4135,2442 4255,2441 4376,2440 4496,2438 4616,2436 4737,2433 4857,2430 4977,2428 5097,2424 5218,2420 5338,2418 5458,2416 5579,2412 5699,2410 5819,2408 5940,2408"
                         HEIGHT="109"
                         WIDTH="2437"
                         VPOS="2339"
                         HPOS="3518">
                  <String ID="string_region_1638887308011_2633l31"
                          HEIGHT="109"
                          WIDTH="2437"
                          VPOS="2339"
                          HPOS="3518"
                          CONTENT="in the ½ part: as for in ordering more kersies I can not advise you to As"/>
               </TextLine>
               <TextLine ID="region_1638887308011_2633l32"
                         BASELINE="3548,2522 3666,2520 3785,2520 3904,2518 4023,2518 4142,2517 4260,2516 4379,2516 4498,2516 4617,2514 4736,2514 4854,2512 4973,2512 5092,2510 5211,2508 5330,2506 5448,2504 5567,2501 5686,2498 5805,2494 5924,2490"
                         HEIGHT="131"
                         WIDTH="2406"
                         VPOS="2407"
                         HPOS="3533">
                  <String ID="string_region_1638887308011_2633l32"
                          HEIGHT="131"
                          WIDTH="2406"
                          VPOS="2407"
                          HPOS="3533"
                          CONTENT="because I have no expereince of him or his correspondency in that com. so itt"/>
               </TextLine>
               <TextLine ID="region_1638887308011_2633l33"
                         BASELINE="3552,2600 3670,2596 3789,2592 3908,2590 4027,2588 4146,2586 4264,2584 4383,2584 4502,2582 4621,2582 4740,2582 4858,2582 4977,2580 5096,2580 5215,2578 5334,2578 5452,2576 5571,2573 5690,2570 5809,2567 5928,2562"
                         HEIGHT="132"
                         WIDTH="2407"
                         VPOS="2499"
                         HPOS="3537">
                  <String ID="string_region_1638887308011_2633l33"
                          HEIGHT="132"
                          WIDTH="2407"
                          VPOS="2499"
                          HPOS="3537"
                          CONTENT="will be best to keep to n otill or mr maynard which is the most punctuall"/>
               </TextLine>
               <TextLine ID="region_1638887308011_2633l34"
                         BASELINE="3542,2664 3661,2662 3780,2661 3900,2660 4019,2660 4139,2660 4258,2660 4377,2660 4497,2660 4616,2662 4736,2662 4855,2662 4974,2660 5094,2660 5213,2658 5333,2656 5452,2653 5571,2650 5691,2644 5810,2638 5930,2630"
                         HEIGHT="114"
                         WIDTH="2419"
                         VPOS="2571"
                         HPOS="3527">
                  <String ID="string_region_1638887308011_2633l34"
                          HEIGHT="114"
                          WIDTH="2419"
                          VPOS="2571"
                          HPOS="3527"
                          CONTENT="in expedition &amp; now imployes n Hill of leeds, so please to governo yd sals"/>
               </TextLine>
               <TextLine ID="region_1638887308011_2633l35"
                         BASELINE="3558,2734 3674,2730 3791,2728 3907,2728 4024,2726 4141,2726 4257,2725 4374,2724 4490,2724 4607,2724 4724,2725 4840,2726 4957,2726 5073,2726 5190,2724 5307,2724 5423,2724 5540,2722 5656,2720 5773,2718 5890,2714"
                         HEIGHT="99"
                         WIDTH="2360"
                         VPOS="2654"
                         HPOS="3544">
                  <String ID="string_region_1638887308011_2633l35"
                          HEIGHT="99"
                          WIDTH="2360"
                          VPOS="2654"
                          HPOS="3544"
                          CONTENT="accordingly - you want as uply from mee which I shall endeavour "/>
               </TextLine>
               <TextLine ID="region_1638887308011_2633l36"
                         BASELINE="3544,2808 3663,2802 3783,2797 3903,2794 4022,2790 4142,2788 4262,2788 4381,2788 4501,2788 4621,2790 4741,2790 4860,2792 4980,2794 5100,2794 5219,2794 5339,2794 5459,2792 5578,2790 5698,2786 5818,2780 5938,2774"
                         HEIGHT="95"
                         WIDTH="2424"
                         VPOS="2733"
                         HPOS="3528">
                  <String ID="string_region_1638887308011_2633l36"
                          HEIGHT="95"
                          WIDTH="2424"
                          VPOS="2733"
                          HPOS="3528"
                          CONTENT="to send you next week att fntlest, either for lillvor london according"/>
               </TextLine>
               <TextLine ID="region_1638887308011_2633l37"
                         BASELINE="3540,2882 3595,2878 3650,2876 3706,2872 3761,2871 3817,2869 3872,2866 3927,2866 3983,2864 4038,2864 4094,2863 4149,2862 4204,2860 4260,2860 4315,2858 4371,2856 4426,2854 4481,2852 4537,2848 4592,2845 4648,2842"
                         HEIGHT="109"
                         WIDTH="1140"
                         VPOS="2795"
                         HPOS="3522">
                  <String ID="string_region_1638887308011_2633l37"
                          HEIGHT="109"
                          WIDTH="1140"
                          VPOS="2795"
                          HPOS="3522"
                          CONTENT="to yd advise &amp; soremam"/>
               </TextLine>
               <TextLine ID="region_1638887308011_2633l38"
                         BASELINE="4204,2918 4230,2919 4257,2919 4284,2918"
                         HEIGHT="76"
                         WIDTH="110"
                         VPOS="2860"
                         HPOS="4190">
                  <String ID="string_region_1638887308011_2633l38"
                          HEIGHT="76"
                          WIDTH="110"
                          VPOS="2860"
                          HPOS="4190"
                          CONTENT="ich"/>
               </TextLine>
               <TextLine ID="region_1638887308011_2633l39"
                         BASELINE="3542,2986 3658,2979 3775,2974 3892,2970 4009,2966 4126,2962 4242,2960 4359,2958 4476,2956 4593,2954 4710,2952 4826,2952 4943,2950 5060,2948 5177,2946 5294,2942 5410,2938 5527,2934 5644,2929 5761,2922 5878,2916"
                         HEIGHT="160"
                         WIDTH="2368"
                         VPOS="2859"
                         HPOS="3525">
                  <String ID="string_region_1638887308011_2633l39"
                          HEIGHT="160"
                          WIDTH="2368"
                          VPOS="2859"
                          HPOS="3525"
                          CONTENT="S. &amp; recd. yd of 25: attnight the contents will be effected to marrow"/>
               </TextLine>
               <TextLine ID="region_1638887308011_2633l40"
                         BASELINE="3354,3114 3413,3112 3472,3109 3531,3106 3590,3106 3650,3104 3709,3102 3768,3102 3827,3101 3886,3100 3946,3100 4005,3100 4064,3098 4123,3098 4182,3098 4242,3098 4301,3098 4360,3096 4419,3096 4478,3094 4538,3094"
                         HEIGHT="173"
                         WIDTH="1216"
                         VPOS="2996"
                         HPOS="3337">
                  <String ID="string_region_1638887308011_2633l40"
                          HEIGHT="173"
                          WIDTH="1216"
                          VPOS="2996"
                          HPOS="3337"
                          CONTENT="Meggelen Cornelis van Aken Den Jonge"/>
               </TextLine>
               <TextLine ID="region_1638887308011_2633l41"
                         BASELINE="5020,3110 5065,3112 5110,3112 5156,3112 5201,3114 5247,3114 5292,3114 5337,3114 5383,3114 5428,3114 5474,3114 5519,3114 5564,3114 5610,3114 5655,3114 5701,3114 5746,3114 5791,3114 5837,3114 5882,3116 5928,3116"
                         HEIGHT="123"
                         WIDTH="941"
                         VPOS="3046"
                         HPOS="5004">
                  <String ID="string_region_1638887308011_2633l41"
                          HEIGHT="123"
                          WIDTH="941"
                          VPOS="3046"
                          HPOS="5004"
                          CONTENT="In Antwerpen 27 meij 1681"/>
               </TextLine>
               <TextLine ID="region_1638887308011_2633l42"
                         BASELINE="3534,3200 3654,3200 3775,3202 3896,3204 4017,3206 4138,3208 4259,3210 4380,3212 4501,3214 4622,3216 4743,3217 4863,3218 4984,3220 5105,3220 5226,3220 5347,3220 5468,3218 5589,3216 5710,3214 5831,3210 5952,3206"
                         HEIGHT="128"
                         WIDTH="2449"
                         VPOS="3145"
                         HPOS="3519">
                  <String ID="string_region_1638887308011_2633l42"
                          HEIGHT="128"
                          WIDTH="2449"
                          VPOS="3145"
                          HPOS="3519"
                          CONTENT="Mons. midts de door van mr de mont hebbe reden ul mijnen dinst te presenteeren"/>
               </TextLine>
               <TextLine ID="region_1638887308011_2633l43"
                         BASELINE="3554,3288 3672,3284 3791,3284 3910,3282 4028,3282 4147,3284 4266,3286 4384,3288 4503,3290 4622,3292 4741,3295 4859,3298 4978,3300 5097,3302 5215,3304 5334,3304 5453,3304 5571,3303 5690,3300 5809,3298 5928,3292"
                         HEIGHT="121"
                         WIDTH="2404"
                         VPOS="3225"
                         HPOS="3540">
                  <String ID="string_region_1638887308011_2633l43"
                          HEIGHT="121"
                          WIDTH="2404"
                          VPOS="3225"
                          HPOS="3540"
                          CONTENT="oversulx soo ul iets noodigh hebt in teen ofte ander gelieft te commandeeren"/>
               </TextLine>
               <TextLine ID="region_1638887308011_2633l44"
                         BASELINE="3564,3364 3681,3362 3799,3362 3917,3362 4034,3364 4152,3364 4270,3366 4387,3368 4505,3371 4623,3373 4741,3374 4858,3376 4976,3378 5094,3378 5211,3378 5329,3376 5447,3374 5564,3372 5682,3368 5800,3362 5918,3354"
                         HEIGHT="114"
                         WIDTH="2385"
                         VPOS="3300"
                         HPOS="3548">
                  <String ID="string_region_1638887308011_2633l44"
                          HEIGHT="114"
                          WIDTH="2385"
                          VPOS="3300"
                          HPOS="3548"
                          CONTENT="en ul sal bij mij bevinden al tgeene bij mijn Hr Demont hebt genoten, hebbende "/>
               </TextLine>
               <TextLine ID="region_1638887308011_2633l45"
                         BASELINE="3406,3464 3506,3458 3607,3454 3708,3450 3809,3448 3910,3448 4011,3448 4112,3448 4213,3448 4314,3450 4415,3452 4515,3453 4616,3454 4717,3456 4818,3456 4919,3456 5020,3456 5121,3456 5222,3454 5323,3450 5424,3446"
                         HEIGHT="122"
                         WIDTH="2051"
                         VPOS="3386"
                         HPOS="3390">
                  <String ID="string_region_1638887308011_2633l45"
                          HEIGHT="122"
                          WIDTH="2051"
                          VPOS="3386"
                          HPOS="3390"
                          CONTENT="sijn lakenmakerije oock ondernomen waermede nae groet"/>
               </TextLine>
               <TextLine ID="region_1638887308011_2633l46"
                         BASELINE="5064,3532 5106,3530 5148,3530 5190,3528 5232,3527 5275,3526 5317,3525 5359,3524 5401,3522 5443,3520 5486,3520 5528,3518 5570,3517 5612,3516 5654,3514 5697,3514 5739,3512 5781,3511 5823,3510 5865,3508 5908,3508"
                         HEIGHT="134"
                         WIDTH="878"
                         VPOS="3454"
                         HPOS="5048">
                  <String ID="string_region_1638887308011_2633l46"
                          HEIGHT="134"
                          WIDTH="878"
                          VPOS="3454"
                          HPOS="5048"
                          CONTENT="In Antwerp 28 maij 1681"/>
               </TextLine>
               <TextLine ID="region_1638887308011_2633l47"
                         BASELINE="3362,3542 3397,3539 3433,3537 3468,3535 3504,3534 3540,3532 3575,3532 3611,3532 3646,3531 3682,3530 3718,3530 3753,3530 3789,3530 3824,3530 3860,3530 3896,3530 3931,3530 3967,3530 4002,3529 4038,3528 4074,3526"
                         HEIGHT="123"
                         WIDTH="745"
                         VPOS="3450"
                         HPOS="3345">
                  <String ID="string_region_1638887308011_2633l47"
                          HEIGHT="123"
                          WIDTH="745"
                          VPOS="3450"
                          HPOS="3345"
                          CONTENT="London Henry Maynard"/>
               </TextLine>
               <TextLine ID="region_1638887308011_2633l48"
                         BASELINE="4622,3580 4653,3583 4684,3582 4715,3579 4746,3580"
                         HEIGHT="126"
                         WIDTH="155"
                         VPOS="3476"
                         HPOS="4605">
                  <String ID="string_region_1638887308011_2633l48"
                          HEIGHT="126"
                          WIDTH="155"
                          VPOS="3476"
                          HPOS="4605"
                          CONTENT="th,"/>
               </TextLine>
               <TextLine ID="region_1638887308011_2633l49"
                         BASELINE="3562,3606 3679,3606 3796,3608 3913,3608 4031,3610 4148,3610 4265,3610 4383,3612 4500,3612 4617,3612 4735,3612 4852,3612 4969,3612 5086,3612 5204,3610 5321,3608 5438,3605 5556,3602 5673,3598 5790,3594 5908,3590"
                         HEIGHT="109"
                         WIDTH="2378"
                         VPOS="3537"
                         HPOS="3546">
                  <String ID="string_region_1638887308011_2633l49"
                          HEIGHT="109"
                          WIDTH="2378"
                          VPOS="3537"
                          HPOS="3546"
                          CONTENT="Sr. my last to you was on the 24: curitt to which re ferre you sence rec."/>
               </TextLine>
               <TextLine ID="region_1638887308011_2633l50"
                         BASELINE="3564,3672 3681,3672 3798,3672 3915,3672 4033,3672 4150,3672 4267,3672 4385,3674 4502,3674 4619,3674 4737,3674 4854,3674 4971,3674 5088,3674 5206,3674 5323,3672 5440,3670 5558,3668 5675,3664 5792,3660 5910,3656"
                         HEIGHT="113"
                         WIDTH="2376"
                         VPOS="3597"
                         HPOS="3549">
                  <String ID="string_region_1638887308011_2633l50"
                          HEIGHT="113"
                          WIDTH="2376"
                          VPOS="3597"
                          HPOS="3549"
                          CONTENT="yd of 13: ditto is which am sorriy not to finde, that you seems not to have any"/>
               </TextLine>
               <TextLine ID="region_1638887308011_2633l51"
                         BASELINE="3550,3740 3669,3742 3788,3743 3907,3744 4027,3746 4146,3748 4265,3748 4385,3750 4504,3750 4623,3752 4743,3752 4862,3752 4981,3752 5100,3752 5220,3752 5339,3752 5458,3752 5578,3750 5697,3748 5816,3747 5936,3746"
                         HEIGHT="104"
                         WIDTH="2418"
                         VPOS="3678"
                         HPOS="3534">
                  <String ID="string_region_1638887308011_2633l51"
                          HEIGHT="104"
                          WIDTH="2418"
                          VPOS="3678"
                          HPOS="3534"
                          CONTENT="not ice of the branden bourgh privatiers, which take all what they can gett be longeing"/>
               </TextLine>
               <TextLine ID="region_1638887308011_2633l52"
                         BASELINE="3556,3834 3674,3832 3793,3832 3912,3830 4031,3830 4150,3828 4268,3828 4387,3828 4506,3828 4625,3828 4744,3828 4862,3828 4981,3828 5100,3828 5219,3828 5338,3826 5456,3826 5575,3826 5694,3824 5813,3822 5932,3820"
                         HEIGHT="122"
                         WIDTH="2407"
                         VPOS="3744"
                         HPOS="3540">
                  <String ID="string_region_1638887308011_2633l52"
                          HEIGHT="122"
                          WIDTH="2407"
                          VPOS="3744"
                          HPOS="3540"
                          CONTENT="to spanish subiects, so in case la mere had no warning he will sure belost, for they"/>
               </TextLine>
               <TextLine ID="region_1638887308011_2633l53"
                         BASELINE="3564,3918 3682,3916 3800,3912 3918,3912 4036,3912 4154,3912 4272,3912 4390,3912 4508,3912 4626,3914 4744,3914 4862,3916 4980,3916 5098,3916 5216,3916 5334,3916 5452,3914 5570,3912 5688,3910 5806,3906 5924,3900"
                         HEIGHT="142"
                         WIDTH="2391"
                         VPOS="3823"
                         HPOS="3548">
                  <String ID="string_region_1638887308011_2633l53"
                          HEIGHT="142"
                          WIDTH="2391"
                          VPOS="3823"
                          HPOS="3548"
                          CONTENT="are with 5 vessels continually in sigh of ostend &amp; nicuporte, where fore lett all goods "/>
               </TextLine>
               <TextLine ID="region_1638887308011_2633l54"
                         BASELINE="3560,3996 3677,3996 3794,3996 3911,3996 4028,3996 4146,3998 4263,3998 4380,3998 4497,3998 4614,3998 4732,3998 4849,3998 4966,3998 5083,3998 5200,3998 5318,3998 5435,3998 5552,3997 5669,3996 5786,3994 5904,3994"
                         HEIGHT="128"
                         WIDTH="2373"
                         VPOS="3918"
                         HPOS="3545">
                  <String ID="string_region_1638887308011_2633l54"
                          HEIGHT="128"
                          WIDTH="2373"
                          VPOS="3918"
                          HPOS="3545"
                          CONTENT="be shipt in English or hollands buttoms: and thought the northren goods should"/>
               </TextLine>
               <TextLine ID="region_1638887308011_2633l55"
                         BASELINE="3550,4082 3669,4082 3788,4082 3907,4082 4026,4084 4146,4086 4265,4088 4384,4090 4503,4092 4622,4094 4742,4096 4861,4096 4980,4098 5099,4098 5218,4096 5338,4094 5457,4093 5576,4090 5695,4084 5814,4079 5934,4070"
                         HEIGHT="113"
                         WIDTH="2416"
                         VPOS="4021"
                         HPOS="3534">
                  <String ID="string_region_1638887308011_2633l55"
                          HEIGHT="113"
                          WIDTH="2416"
                          VPOS="4021"
                          HPOS="3534"
                          CONTENT="come to late to come with the first vessel for ostend, so send them to Rottedam"/>
               </TextLine>
               <TextLine ID="region_1638887308011_2633l56"
                         BASELINE="3560,4176 3677,4174 3794,4174 3911,4174 4028,4176 4146,4176 4263,4179 4380,4180 4497,4184 4614,4186 4732,4188 4849,4190 4966,4191 5083,4192 5200,4192 5318,4192 5435,4190 5552,4188 5669,4184 5786,4179 5904,4172"
                         HEIGHT="139"
                         WIDTH="2376"
                         VPOS="4095"
                         HPOS="3544">
                  <String ID="string_region_1638887308011_2633l56"
                          HEIGHT="139"
                          WIDTH="2376"
                          VPOS="4095"
                          HPOS="3544"
                          CONTENT="suposeing there is oft en opportunitie att tull for that port, onely endeavour"/>
               </TextLine>
               <TextLine ID="region_1638887308011_2633l57"
                         BASELINE="3550,4266 3666,4268 3783,4272 3899,4274 4016,4276 4132,4278 4249,4280 4365,4282 4482,4282 4598,4282 4715,4282 4831,4282 4948,4282 5064,4282 5181,4280 5297,4280 5414,4278 5530,4276 5647,4274 5763,4270 5880,4268"
                         HEIGHT="116"
                         WIDTH="2361"
                         VPOS="4185"
                         HPOS="3534">
                  <String ID="string_region_1638887308011_2633l57"
                          HEIGHT="116"
                          WIDTH="2361"
                          VPOS="4185"
                          HPOS="3534"
                          CONTENT="that the white ware come for ostend &amp; if possible a bale of Dozins p. the first"/>
               </TextLine>
               <TextLine ID="region_1638887308011_2633l58"
                         BASELINE="3558,4354 3674,4358 3790,4360 3907,4364 4023,4366 4140,4368 4256,4371 4372,4372 4489,4374 4605,4376 4722,4376 4838,4378 4954,4378 5071,4378 5187,4378 5304,4377 5420,4376 5536,4376 5653,4374 5769,4372 5886,4372"
                         HEIGHT="110"
                         WIDTH="2358"
                         VPOS="4275"
                         HPOS="3543">
                  <String ID="string_region_1638887308011_2633l58"
                          HEIGHT="110"
                          WIDTH="2358"
                          VPOS="4275"
                          HPOS="3543"
                          CONTENT="vessel. the bill I sent you on scheap heard is for my acctt. as I wrott you the"/>
               </TextLine>
               <TextLine ID="region_1638887308011_2633l59"
                         BASELINE="3548,4448 3668,4451 3788,4454 3908,4456 4028,4458 4148,4460 4268,4462 4388,4464 4508,4466 4628,4466 4749,4466 4869,4466 4989,4466 5109,4466 5229,4464 5349,4462 5469,4459 5589,4455 5709,4451 5829,4446 5950,4440"
                         HEIGHT="85"
                         WIDTH="2434"
                         VPOS="4378"
                         HPOS="3531">
                  <String ID="string_region_1638887308011_2633l59"
                          HEIGHT="85"
                          WIDTH="2434"
                          VPOS="4378"
                          HPOS="3531"
                          CONTENT="3 curitt in my last you have 2 bills for yd acctt. &amp; if possible sal shall send more"/>
               </TextLine>
            </TextBlock>
         </PrintSpace>
      </Page>
   </Layout>
</alto>
