8337 4663
604 198 918 117 London n Henry maijnard

2087 200 785 104 Antwerp 7 xber 162

834 270 2452 138 & my last to you was ontre 3m cuutt non from you, so referre you to the sanm

846 410 2393 107 intrim when you meet nith a lovely drap callour in lou spanish cloathes

848 465 2432 115 alcascto gett yt foo mee, because I finde the drap cullours will hold out

854 534 2390 127 still, & haveing sold the most part I had of that sort eacept some dull

859 603 2348 119 cullours, wil herdely go of, so you must lee vere coutious m'choising

858 712 2384 96 good cullours pray let mee knoy p next when pindar is so depart

839 797 2365 91 from hull to make mj calculation according, I la heare nothing

861 842 2429 105 yett of cramp & am in great reed for spanish cloth principally Imer

844 912 2447 121 though I confoss I have fea low prijses there foo ist will not be a may

831 994 2417 127 to pick up nou & then a good cloth under 7 s & some of 7 p 3 a 7„ 6

856 1061 2439 102 butt from 6:1o 7 s are most demand in lively draps & browne callours

870 1134 2420 146 of which a bale more orles will do no harnee, the keys good of as soone

864 1238 2308 113 as ans other & are often dem anded, though I will not tye you ap

853 1304 2439 123 to them, if you can have others bester & chcopers accordingto yd advise

854 1372 2445 129 of the 18t past have p here for m. bowdon & gardnes £261:15:4 flemis

860 1482 2411 77 inth charge which I remit you here inclosed in my bill on them t 35 is

849 1555 2417 96 sterlnx £149:11:7 att 2 a 3 dayes sicht too which pleasets procure the

846 1588 2451 114 need full & pass to my actt. inclosed you have alsoo their accepted bill

856 1684 2350 107 which I payd here which you moy deliver them when to the valeu red

856 1759 1366 122 which is the need full at presend from

587 1791 272 129 London

864 1831 513 124 m george cole

2448 1831 281 146 7 sber

837 1927 2400 124 accordoing to my last of the 16 past have accepted my acctt nith

845 2013 2447 74 m. vivian de seafed, because m abram vivian told mee, when he was lasthen

864 2083 2421 124 as if there was a small difference, there fore pray lett nece have itt I fios

850 2159 1336 107 as alsoo the discharge before nientioned

839 2190 2408 130 I have before me discoursed att large about itt, & he sayes, that he doth

852 2294 2362 88 not know mr. joung, that he rec the serges from m. batier, & knows

862 2360 2405 137 no body elce butt han uuther did m. butler advise hun other wilo i& that

852 2433 2372 117 sayd buttler beeng indebted to laid van prayssen, he will find his owne

848 2521 2396 104 satisfaction first, out of the testing goods, & then deliver the rest up to

854 2607 2426 107 creditors, so ian not finde upon what ground n young whill have them

845 2660 2439 123 serges, oneles he could procure order from m butler that ever he ordered

872 2758 2414 104 van pruijssen to dispose of them 6 p for autt of 5 in young, or any othr

857 2838 2348 107 note or whriting that m van pruijssen ensivered to m batler to

843 2875 2439 143 dispose of them br fro autt of in goung, where in if canI can serve

850 2971 2387 144 you fruther prely commend mee: I have pd the £34:10 terlinx which

865 3035 2399 149 you doen laston mee for which you are debtor, & shall dispose of itt to m

864 3123 2405 138 eastabroock of enon, enspating the need full & desired writing remain

2390 3215 282 106 7 ditto

574 3175 1172 134 Enon m. Thomas Estabrooke

853 3296 2411 133 S in answer to yd of 20d past, as to the last aerpt: I complaind of

862 3378 2356 118 is because they are not of that Iubstance as for marly they have been

862 3453 2375 117 foo as & told you, those I had from you m. ledgingam, did hold out

854 3520 2405 97 24 & 25 & weight, & att those I had from you batt 20„ 21 & feu 22  wee

862 3595 2354 120 do not valeu finer fpinish, the thicker and broader they be the better

845 3683 2402 132 I observe you have bought 12 p more of the same prise which you iudged

850 3747 2399 124 better, in hopes itt beso lett mee have them r vere fust vessel for bruges

863 3841 2330 87 and incase you can ged ready 6 p of them about 7of5 to come to gether

848 3902 2357 137 so make them up in one bale to see the difference of sorts, butt in case

849 3997 2417 119 any vessel should saile before all should be ready, then lest mee have onely

850 4072 2381 108 what you com gelt ready & the rest by next vessel yett if possible

861 4153 2359 103 lest ne have the mentioned ts p fiest, re george colu of london

829 4240 2447 130 shall pay you the valeu whilst I remaine in enpectation of yd answer

3328 188 824 125 London mr John Loyd

4653 221 797 117 Antwerp 7 8beri62

5924 164 112 163 d

3625 284 2395 150 & my last to you was on the 30 past to which referre you, sence recd yd, of

3628 383 2390 100 22 ditto, the yacht is dispaited the 30 past & sence well arrived in Englands

3625 444 2370 131 so thate am sorry  ian not comply nith yd order, & am sure the lares

3618 530 2417 126 will prove well, for am vere well accquainted in that trade & have large

3621 573 2434 150 commissions from those, that have been served by others here before, & do not

3613 638 2388 158 guestion, butt when you have them with you butt that you will finde a

3611 743 2445 88 good acctt: and according what you hence forward shall order, shall endeavor

3595 826 2426 103 to incorridge you, for never gelt have sent a tryal of laces in to england,

3603 877 2412 132 butt then I found mereafing orders & continuany if you please to have any

3596 979 2385 126 guid leather hangings, or pictures & can serve you in boath, principally

3620 1066 2378 109 in nictures, which wee tould up & make in a bite litt le bon & may be must

3609 1111 2445 136 a side well, enough our binlanders can bring that in butt the guldid leathes

3620 1206 2332 89 must have some other directions the autt of the al monos is sent so om

3611 1275 2424 104 hartolj & thert of the garne shall be sent you pr fiest whilst remaine

3341 1316 1234 141 London pickering & Levran Robinson

4974 1380 232 106 9 ditto

3586 1448 2428 158 S in answerts god of 18t past as to the bale of tykes I can not ellon

3602 1550 2397 132 abatement, oneles would allon mee abatements upon the cloathes sold

3588 1610 2336 113 for the same, for I am foried to putt them of so because I can not

3574 1709 2454 134 sat stay any other mony custome nith yd cloathes so you east do the best

3595 1774 2313 122 you can with the tykes, as I must to nith the closses there beeng yet

3600 1870 2303 131 7 resting though I have been at the charge of repressing & toillettioy

3582 1953 2366 88 I have sent many houndred tykes in to England, & if any sever

3538 2020 2412 110 sended cheaper Ill loose a whole bale, there fore you are not well

3577 2105 2369 93 inforneed that others can afferd them cheaper in london I do all

3590 2171 2374 128 I can to pust of these resting goods, for I would fame mah and

3600 2260 2341 102 end to y beeng more desireous to clcare itt, then you van be for

3584 2333 2417 121 to have valeu as soone as possible shall send you the cmtt & remise

3596 2394 1350 158 which is the needfull as present from

3352 2445 761 151 London Abram Vivian

5024 2503 235 127 8 ditto

3554 2572 2395 203 my last to you was on the pm curtt. sence recd yd of 22th past new troubles againe

3579 2709 2400 160 you contradicted the shipping of the bayes I say the ceary bayes for  lotterdam

3590 2825 2352 167 which i tock affect will be great preiudice, for I want the leary bayes, beeng

3583 2924 2370 155 att a great loss for them. in mine of the 18:2 past I sayd, that I fuspected the

3590 3022 2386 173 trath of the goods beeng shipped, butt did not contradict them bayes, for I want

3583 3103 2316 169 them to muy, I thought marmadih smish should have been gon, & arrived

3572 3232 2385 157 before now att Rotterdam butt no news, less mee have good store of bayes

3579 3310 2081 156 of about 35 a 40 ƒ though 50 a 60 without what I ordered before

3584 3466 2367 128 avery bett ready for Bindard: pray be qich a gepedient for mony for

3582 3564 2395 141 mij acctt you may draw 2 a 300 ½ more, though I have sae some ready, but

3587 3613 2336 193 could not finde any bills att short sicht, which I lae shall have p nept

3305 3665 259 148 Brugge

3592 3707 530 130 Raphael Coots

4964 3743 230 100 8 ditto

3567 3786 2297 168 mons ul aengenaeme van 4en 5 deser wel ontfangen door den leften

3571 3881 2395 142 seer geene verstaen het arivemenst van willem cramp de 2 packen NN48

3566 3963 2416 131 en 50 niet spaense lakens sien per waegens te gemoet sijnde de selve uytterlijck

3567 4031 2313 119 verlegen lieven dobbelaer is nu koste ul kende selve hem mede senden opt

3562 4090 2418 134 per bargie over gent ser wagens d'ander t packen gelieft a la minageri

3571 4157 2398 115 oock te depecheren evenwel geen tijdt versuymen alsoo het nu tijdt van te

3575 4215 2403 128 verkoopen is wat passeert verneme geirne hebbe neeter de wolt naer lond

3565 4291 2418 127 2 packen tijken neede gegeven beneffens wat phildergen en leytten gelieft

3567 4338 339 74 hem moa

3576 4340 2248 131 aengevin a ig te maechen des wegens niet te versuymen soo int

4019 4404 400 45 Els andertunti
