8549 4601
2437 163 726 139 Anvers le 3m auril 1682

846 192 909 168 Mons mr Jean Batp. Masson

1082 278 2251 178 j'espere ne bon arrivement a mons. celle cy ne serura que pour vous adviser que

1065 362 2229 188 m. marchandise est partij d'Jeij hier dans un ballotte 18M consigne a mad. de vos

1080 457 2283 161 suivante la facture jey enclu, les noirs de 3ƒ & le bancke de 48 pattar serons accomode

1085 562 2260 177 ensamble avecq les Bays & drap sealatt selon vd. ad, pour vous envoyer, vous assaret

1099 664 2222 140 que en tous occasions, en les quelles je vous pou rendre service que je ne marquenaoy

1088 788 952 134 pas a mon devoir de vous plaire

2474 765 608 183 3 april 1681

831 847 1012 150 brussel Anthoni Rossea

1105 861 2242 180 mons en suite de la vostre de heir bien recouun pacquet

1096 955 2252 125 contenant 6 petite le quelque sont de peche auiourdiuy

1113 1039 2245 179 d. la mesager de la noy pour brusses pouven drabsera

1105 1136 2283 159 prons Baligo de nieroorte pour suivere vostoe orde coque

1093 1219 903 153 vous serviay davies

2252 1223 1006 157 in Antw den 2 april 1682

816 1323 636 154 Megg. van Aken doud

1144 1324 2264 205 Mons in antwoert en den ul van 25 passato soo ul gesielt aen

1128 1422 2249 201 mij eenige gelt te doen tellen sent mij ul ordre ende ick sal het

1114 1519 2267 242 tot Brussel doen ontfangen alsoo ick het daer wel noodigh hebbe

1124 1606 2189 270 soo lwet als hier ende dan sal geen port betaelen moeten ick tt

1125 1702 2111 233 ul dinste voor vallende geelieft te commanderen die naer oed

2445 1804 696 166 6 den 4 april 1682

839 1903 615 169 Leuven Jan de goede

1138 1886 2276 196 Mons ul differante brieven heb wel ontfangen den eersten eersten niet

1149 1989 2226 184 beantwert om dat ick wegens het perpetuaen gedaen heb als voor and vrinden

1120 2073 2231 227 en oversulx daer over niet geirne veel repligriere den tweeden is versuijns

1135 2159 2223 216 soo volgens versoock hier beneffens een stael met den preijs daer bij het selve

1119 2288 2239 191 ul aenstaende geelieft te commanderen hebbe nu seer cenvens superfijn

1106 2398 2038 133 goedt van alderande colleuren van 15: a 16: st p a: a governo

1161 2489 2220 182 de segetonneeur wert volgens ul ordre wederom gesonden terweyden naer

1138 2605 1996 147 Condiale geoetenisse beyveAntwerpen: 4 april 1682

833 2724 505 193 Brussel Cadeleir

1135 2748 2213 225 Monen de ul van 25 & 13½ passato wel ontfangen tis goedt dat te goeden

1157 2855 2176 198 aen ul gesonden ul wel sijn geworden maer tis mij leet dat ul ils

1120 2954 2219 225 soude konnen heaegen over de hollanse laekens ick hebbe sedert wel20

1151 3089 2252 205 verkoest en tot meerder prijs ick verwachter in 8 a 10: daten wederom el

3229 3161 122 68 goedi

1130 3175 2251 166 15 a 16: stul ul veordonneert geveampt colleur is onder handt ensal op

1126 3277 2281 235 afgemaeckt, woorden ul klaket over N580: dwelck mij verwondere want

1150 3416 2228 179 besoorde int sluck heel goedt te vallen opent vrijelijck en ul sal ondervin

1152 3497 2235 216 den dat het sijn prijs wel voeirdige is de geoen laeckens sijn noce niet

1138 3598 2220 275 kemen maer verwachte de selve van daers tot dag als wanneer

1176 3725 2206 196 die aen ul senden sal ul in its anders dienen comende gelieft

1153 3851 1423 161 te commandien die naer geoeti blijve

2433 3899 978 151 antwerpen den 4 april 1682

3122 3980 258 99 iij alle

863 3983 254 105 breedael

1162 3993 549 141 Louwereys ca

1162 4025 2223 207 versaemen vrindt mij antwooert aen den ul van 10 deser hebbe

1198 4135 2193 198 rekennigge over maeckt ende en can niet bekinde dat bij ul werck its

3612 209 2369 137 profiteren en om dies wille het alle soo seegeht is uijt gelvallen en gemeyn

3613 262 2325 171 goedt isser hier soo albendant van tilboriz te koop dat daer mijn

3612 351 2410 191 gerief in kan vinden ick verwaoht die drape de damme tuys ende

3632 470 2398 138 dat vant getouwe kompt laet dat iouwe oft ongeevolt kemen

3635 550 2281 138 en sal het hier vollen laeten en dan sullen mij ons dingen

3636 660 2406 146 effenen dat ue hier woende ende colleur maecken soude ul veel

3602 771 2429 145 willen aen nemen werck te geven niet twee gretouwen maer in

3621 904 2397 140 mijn apsentie kan tot noes toe niet weijders resolderen al hoe wel

5828 963 199 109 beny

3606 971 2353 208 noostans iaerlijckx wel 8: a 10: van in fijn drap de dammes soude

5775 1065 238 87 diener

3585 1090 2413 181 begeiren kan ul mij bij occatie als daer om gelegeniteiydt hebbe daer aen

3609 1251 1047 140 ick sal dat greirne vornenen

5312 1295 690 195 Antw:4 april 1681

3577 1313 1269 195 mons gan de goede van Aken d'onde

3594 1499 241 108 mon

3458 1535 787 157 Eoen mr. itt. Lobb & Comp

3590 1580 2388 192 I have before mee boath yd of 8 & 11h past, John Ewinges is well arrived, so shall exspect the

3588 1741 2409 103 22 cloth & 8 £ 24 yd. serges p m. Wills, & in case you can serovide time enough for wills 20 serges

3583 1813 2390 111 or 30, assorted in cullours as 2 N.1 butt in prijses under 40 a 41 ƒ a 5 us 22 yd, so pray do

3580 1906 2422 130 yd endeavour to send mee one bale mone, I have nott yett receaved the goods, & I doubt our

3579 1989 2393 128 our customens will not come to so high prijse, & there fore shall want some of lesser pryse

3600 2089 2381 115 I have about £100-  neady in handes of m mill sealy of yd towne which I'll remitt you

3577 2174 2406 126 the next post, because I want to know the nesd soma other wise I should remitt now, so you

3580 2271 1037 135 maij depend hereon whilst I remaine

5398 2346 286 134 C4d

3460 2331 593 182 pen mr. William Sealy

3589 2419 2369 153 On the 21th past have advised you the needfull, sence is John lwings well arrived, & I supose the

3569 2561 2406 122 clovenseed loaden on his board by this time there beeng in all 15 op heads for you, containing

3591 2647 2388 104 as by the inclosed noate you may see, butt because I have not yett the charges att Gant

3595 2720 2404 118 Bruges, can not send you a perseet invoyce, which you shall have  next, I shall want

3600 2803 2368 117 the valeu in epon, & there fore desire you to pay itt there owing some mony to mr. Will. Lobble

3577 2902 1680 138 whres condition I could wish you would be pleased to advise mee

5432 2969 254 133 a 4d

3453 2974 502 165 London m. Geonge Cole

3567 3055 2410 165 I have non of yd. to answer, so this onely for advises that I have bought 1o opheads of

3469 3176 2535 101 qune good, & of the vere best nuw cloverseed that was to be found, which I supose is shipt by this

3579 3270 2400 107 time att Bruger aboard John Ewings, whe is there now, the contents you have here inclosed, &

3582 3333 2385 137 because I want the charges att Bridges of shipping can not send you a perseet invoyce before

3578 3471 2416 83 next post, the valeuw shall come good to the acctt of the estate of JV., & then there will be not

3586 3513 2381 148 much resting, which shall be remitted you also to make an end of itt. on the 14th past wrott

3601 3611 2356 144 you of some mony to pay m. Hobb of Eoon, for which att present shall have no occasion

3598 3711 958 147 haveing remitted him the needfull

5519 3711 218 195 C 4d

3476 3799 532 149 London mm. Jeuniy Collier

3597 3871 2375 152 mij last to you was on the 28th past, when that day I have payd yd. bill on J.S. of £100- att 36, &

3599 3978 2368 119 this day the other so there is 2 protessed truly itt putts mee much upon apinck, the more because

3581 4073 2397 105 I dont finde itt convenient to draw op you upon the ex, & must rrmitt in my owne bill which

3588 4146 2418 115 this day I send to m. Henry Maynard att 21s0 £200-  att 35 „ 3, which please duely to discharge

3567 4240 2419 118 & pas to yd. owne acc, befor 11h curtt. must pay £430 butt god hily mee to itt. for the futune
