8037 4588
859 197 2287 79 our customers can butt finde their assortement from them, they rather

843 265 2325 108 allow him or themmore, then to buy of our goods, & that I have proved

861 329 2281 120 oft en times for in northrens they certanly exceed its & in goods from

854 426 2250 99 costyj often whoever I shall not failie on my side to do nny ut most

866 482 2227 85 to promo to the concerns either in the one or other marmer & thus

849 549 2303 120 I leave you to do what you please. I olserve what mr. slaughters desir

851 637 2193 92 is concerning the cloathes of mr. peeters, I shall without faille

839 704 2265 120 performe itt pr. next post the letters beeng come to late do itt now

839 803 2244 101 se present mij service to him, & till him he shall have his desire

853 841 2211 138 pr next & according to my advisertt will be the best way to take

855 919 1524 132 y. back the charges are little & so remaine

2191 958 828 144 In Antwarp 15 march 81

549 962 827 143 London wus scawen

868 1040 2233 114 S. my last to you was on the 8 curitt to which referre you, sence recd

828 1122 2231 102 yd of 25 puss in the first, intend this week to send forward by aray

847 1190 2290 123 of rporte & dover one packett of lace, which I doubt nott butt whis

837 1274 2243 110 arrived shall prove well to content, not onely in assortement butt

860 1325 2249 140 in prijses also, which shall desire you to sell for my acctt. as best you

845 1417 2258 125 can pto see how that trade will render, for in case wee can finde a good

835 1494 2227 119 acctt: by itto shall imploy a £1000: that way & be willing to comply

834 1570 2281 87 with you there n iyd on any reasonable termes, for & do promise

841 1620 2208 105 mij self to have that com as well if not better then any other

833 1710 2221 124 what soever on this side I do not approve to send as yett any laces

835 1778 2280 120 in tjkes, till you shall have seen what I dm ablet to send, intrim

844 1845 2299 105 all the tykes I brought in last winter are packt & sent to Bruges

846 1921 2308 143 out of which shall send you one bale, of a curious & neat assortem

845 2001 2277 99 almost exact toyd order, according to the inclosed invoyce, which

840 2067 2261 134 in case you peruse, you will finde cheaper them ever any arecome

828 2145 2292 124 to England, for I pickt them up when the worckmen wanted mony

814 2192 2272 164 some 3 & some ½ & some a month sence for the cost pleaseto qve

832 2287 2225 131 yd curitt creditt & acc ording you finde them please to advise for

826 2367 2255 153 I have secured yett neare too peeces, thought I can not have them yett

826 2441 2233 137 in 2 months. as for our callicoes please to buy in case you finde

835 2524 2190 121 itt goods, 200 salem pores att least att 12: 6 a 13ƒ as formelj

1295 2608 982 113 50 ditto some what finer

1195 2664 1198 122 „50 ditto browne to be sold schere

1188 2704 1774 155 „ 60 or 70 p longcloth as you know of about 29:6-

1179 2811 766 125 „20: ronoles Silk

1971 2840 651 124 for an other tryall

1195 2876 631 124 „10: ditto ½ sich

1184 2946 811 118 „20: ditto costons

832 2999 1454 112 of these goods to yett dyed as foll weth

831 3087 782 119 30 salem pores black

817 3083 2304 191 70 modeolleurs altoghether according to the part of one pack MN2 in may

905 3180 2098 133 hath send of late which faile not to demand him the nat

820 3276 817 103 40 severall argent mes

874 3296 965 137 6 of a curious viollet Cols.

820 3387 717 119 24 mush cullours

828 3414 1087 150 10 of a eallow lemon cullours

798 3517 760 124 180 of the barst for t

833 3604 2230 122 40 of the finer sort dyed in modeuld as to the same pas of N12

825 3698 1876 98 30 of them to leave white or browne as you buy them

831 3768 2234 115 5 browne to send as they are if not browne to leave them white

528 3826 2541 139 about 300 salem pores N.3 which I hope you will finde aschep if not

936 3920 2068 115 cheaper as last sale and, as so one that I have yd advise shall

919 3968 1650 145 order how to send them forward whilst I rem

3280 188 831 107 London Henry Collier

5005 215 938 108 Aentw 11: marck

4673 223 135 100 th

3649 256 2282 177 S. my last to uouwas on the 4: curitt, sence recd. yd of 21 teast atte st

3575 325 2294 151 I doubt he will hold itt out as long he can, yett he can notwade itt as

3571 396 2383 144 I thinck I have recd. the small blle sent by klercks the goods prove tollem

3594 488 2256 144 ble, excapt N. 192 which hath a thread like a cours dosen, yett the

3593 560 2351 138 cullour will lett itt off, I have lookt over the pattarnes of the 10 cloth

3606 627 2302 111 which you intend to send mee theiy promise very well, so could wish

3581 701 2379 151 them here, for towards easter I hope to have some sale, & as soone as these

3588 778 2311 113 are gon shall send pu for few more, for me thinckes itt will be & is

3590 867 2347 91 the best way, to avoijde restants to have buttefew att atime & the oftend

3586 953 2285 100 please to advise when you have shipt the speanish cloathes: yd bill

3588 1027 2341 116 of £130: is accepted I hope now, you will draw no more afreat while

3578 1080 2347 114 I sipose RS. lest you & the rest of his freinds by this time, owhere fore

3593 1136 1607 126 do not write to him butt sub scribe my self

4988 1162 911 164 In Antwarp 11 marck

3311 1149 1031 190 London pickering & robin son

3587 1312 2356 106 S. my last to you was on the first curitt to which please to be referred then

3589 1358 2344 142 desired you to provide some cloathes according to patt. e directions included

3588 1450 2324 84 which I hope you shall performe to both our content I have shipped of

3570 1509 2355 146 here aboard Adriaen deraes, which went from hence a saturday last

3576 1603 2346 84 & shall reship att brugges aboard of michiel deraes his brother one bale

3565 1669 2325 100 N. 11 g 63 p of bed tijkes according to the inclosed invoyce, which

3573 1753 2295 116 are as good, acurious in goodness & assortement as are to be had for

3587 1812 2299 134 mony & do send them bree aboard from all charges att arald as

3597 1910 2255 115 they now yeald here ready mony where fore be confident that no

3565 1961 2347 150 others can bring them in England for that price, so hope they shall

3572 2071 2350 115 prove to content: what there shall be over on yd acctt. shall come good

3568 2152 2329 131 towards the cloathes from tho north on my share, you shall have

3570 2211 2373 164 the bill of loading from mr. Coots from bruges & where soever I ansern

3593 2290 1129 128 you freely command him that is

4862 2308 1002 159 In Antwerp 11 march

3324 2345 886 152 London Abram vivians

4608 2409 181 96 ƒt

3570 2427 2333 137 S. my last to you was on the 4 curitt, to which referre you, sence have

4402 2517 65 55 te

3568 2513 2318 104 Rekd, both yd of 21 & 25: past I do exspect yd orders for what laces

3571 2594 2318 130 you might yett want, because itt is now yett good times to buy

3541 2671 2366 121 that com. thoughett be likedy to vise, I have a fescome in, butt do long

3571 2758 2334 130 to see pattarnes from you to assort them the better I supose N. 11 & 12 is with

3561 2829 2335 110 you by this time that you be able to iudge the whole  parcell the

3549 2913 2240 114 more I in quixe the neare I come to the bottom of that trade, & now

3555 2996 2340 106 I promises my self to be as well accquainted & settled in itt, as any one m

3557 3047 2327 134 this countrey so you may be confidenf in all shall yd orders bepuictually

3563 3157 2377 96 observed & in trest menaged as nyowne, besides if you would have atryall

3554 3224 2383 116 of black Lillersh laces  send mee butt a pattarn or vas you would have the

3542 3309 2350 111 to be made, & I shall gett them made verhape much cheaper then any

3556 3368 2327 98 were alle a governo — I observe that you had a letter from hull of 22:

3561 3458 2299 129 pass that John nelson was to depart that days god in heaven send him

3555 3566 2317 94 well for I want the goods extreainly: thought wee have had & have still

3557 3613 2277 109 a good northerly winde, yett the betters of yeasterday know not ing of

3558 3705 2311 107 him: in case N.31: be not in his board & that a vessell lyes ont att sHull

3535 3839 2331 122 for Rotterdam which departs speedly, lett itt be sent that way

3557 3889 1785 142 to my order which is the need full att present from
