8487 4608
1159 209 2244 102 these patt are for an asfortmere of 24 spanist elsathes to be made

1193 264 2222 127 n 2 bales most pars to be unders p a yd, & butt bew above ƒ7 but

1186 371 1602 126 non eyeeding 8p, wee are all for lively culloure

887 407 738 173 London Henry Colliet

2886 455 472 169 a 15 aug

1170 538 2240 153 In answer toyd of 24 & 28 past m Brischop & I wee returne you our

1179 668 2247 105 Jcarye thanckes for the trouble wee have putt you to in the conceines of de

1178 775 2266 136 ljster: je sells mee of acctt. of Jaspae Caus which one I sended to

1186 826 2245 159 you, to be examined, if nothing wat to be recovered, if suct wen bad debots as

1183 955 2253 105 there in specisied which vas an acctt said caus gave to in corrisgendart

1165 1036 2278 107 Engel stooghtten of Elbervelt, & which J can net finde amonghst my pasee

1155 1090 2279 189 so doubt I s be lest with you when with leas on you op amine yd counting touse

1188 1198 2249 134 itt maij be found thee, & if you please to remeiber itt you will do mee a

1175 1253 2260 167 lindres, & returne itt to mee. as for mr. Knightley I El remitt dnm what

1162 1367 2279 179 I am indibred to um next post, & the bill shall not be interipted in acctd

1165 1454 2272 140 there is nothing worse then that wee are forced to allew so much time, & that

1162 1551 2257 163 debrs come in so flarely, there by inpouish our tonure so much, that if anmys

1136 1644 2292 155 shop keepers dye of 3 al most 2 that their Iterfdouse is insolvent, I laveing tod

1161 1736 2288 140 thiys yeare a good talte on itt, so that I rather decline my rall then frevs

1163 1831 2272 148 &thugh y coorfess I can command mony, yett what fignisies that, I one dote

1159 1924 2275 118 nott know how to lunne itt to good profitt, I can not butt wender that my

1152 2024 2291 126 deare freind in follier should now yett remember, what my evenmes would datt

1162 2125 2275 115 Din beleave wben Irwas with you, & for which I was then sustitiently sispate

1153 2215 2287 115 butt really, I lave sence quite for sot, wlat then was mee a vens great troible

1134 2239 2295 186 & thought to demonstrate mly self in tume more for yd intrest, then you

1140 2355 2286 160 wat for mee that tume, & if all my endeavours may give no pove of y

1156 2460 2291 145 finceiure yett, I do not know what will butt I finde you more sncl wy to hade

1164 2540 2259 132 then to crospitt, which hath broughe you in so fair, etnaw you an

1157 2649 2287 150 with T.H. J.V. & others which I beleave you might dave frvard

1165 2789 2256 84 in case you bad followed advise, of them, that you saspect to be all for

1137 2848 2306 161 them selfs nevertheless I sesture you, you will finde mee ist a ouft

1162 2963 2281 134 & to serve you before any body elce, & if any thing of charge shald

1149 3064 2287 135 dapper in which I should wrong you, I hope you will fbe so hinde of

1147 3140 2300 187 to advise it to rectified all, for though I am coretions of gane, yot

1143 3257 2303 160 I desire not one farthing butt what might be instely gotter, & I should

1142 3382 2296 90 nacher loose, then emussely advanc, & as I bold you when hem sear

1132 3439 2287 153 yon propese any thing, which you beleave will do well, I'ls not

1131 3540 2294 176 ondly serve you in com, butt vere willingly go datse as for yd cloathes

1149 3660 2299 146 told, I shall send the acctt. I girst, & onr time of sale advanting shall

1162 3727 2253 177 endeavoir to butt of the rest butt if the meane while you dispose f

1155 3822 2284 172 themother avise, yd orders shall alwyes be observed. my thanckes for the

1120 3914 2284 156 d' scharge of Pindar, inclosed my fachers leder which I have omitted

1136 4026 444 144 to send

4947 225 1169 136 Ato 15 ang 1682 133

3475 182 811 184 London Luuy Kiightecy

4704 251 96 121 h

3634 290 2473 191 N In answer to yds of 28: past am glad you & in collier an

3629 399 2479 180 good foends & ish gor much ioye  th yd. nee married dans

3590 482 2511 161 gods giveher & herhusband allthebenedition they lan desire in

3614 583 2501 162 Ja marnied ief, & thengh ry dremise van do brtt lettte

3676 693 2417 153 good teward then y ett shall remitt the ballanc of myand

3627 763 2424 179 mer teveck on which you mry depend & freely command

3487 839 679 192 Brussel ant Rousseau

5572 889 293 138 a15 d

3654 995 2343 162 lare. de 12. cond. in est bien parvenu enson temp & les 3 pacquesen

3664 1081 2299 118 sent depechees en fuite pour nieusorte & m vallep pour suivre v nd.

3645 1211 2390 122 Je vous enprce a m'envoyer ce qui j'ay demande p le daneer menoire

3673 1289 2385 139 eccause que je l'auroit besoing d'avant mardy. Je m'astonne de ce que vou

3672 1376 2398 153 me diet de m. sadeleir & Rarsavont, pac, quard vous tire sur moy vd ledte

3587 1470 1231 141 sera satissed bien promte, estant

3494 1550 984 168 Brussel m. seger vander Brgh

5624 1585 267 131 den

3637 1642 2322 151 bij den ul van gsteren geerne verstaen dat ul heeft gelieven de moeyte te

3651 1786 2375 129 nemen voor dat gont selvere spetie te tellen, sal met oc ul daer danck baen

3644 1865 2401 132 over wesen & ul daer van ontlasten sonder u preind daer en sustaen

3656 1923 2427 141 Jff Peeters heeft mij daer over daer satif kontent. ges, dogh sij hadde geerne

3663 2015 2426 168 de3 lakens aen deltsuijder geleevert, soo ul soude de selve hem overleeveren

3668 2110 2394 157 oft aen mij wederom seijnden volgens u gelieft, 't gene ul daer in dar

3665 2236 2408 151 sal, sal icq voor wel gedaen sonden, & ul in alle vr geerne reipioguelijn

3669 2300 1922 166 dinst doen. hope de fijn lakens haest sullen hier wesen

3514 2382 645 214 Brussel Jff Best

5567 2452 248 153 a 21g

3671 2552 2400 146 In antw. aen den ul van gisteren, wegens de d lakens laet u. dander Brght

3677 2658 2256 109 sijn genegensheyt doen, soo haest ick de selve ontf salse lik aen ue

3676 2765 2381 116 deltsuijder seijnden. is 't dan ul roij dat soo gelieft te ond, ul en sal

3659 2845 2402 100 van dat verseynden geen oncosten draegen, want mij dunckt dat nnanden

3644 2979 2344 116 Borght daer niet wilt mede te doen hebben, soo sal ul daer bij geen

3671 3049 2371 118 pregued lijden. als sck overcone, sal ick is voorden van alles spreeke

3648 3118 2353 150 want ick en dis oblig mijn calanten niet geern ick sal dan u advjs

3639 3265 2406 140 van die laeckens verwaghten wegens de karsen woorden eerst dese weeke

3675 3359 2355 159 hier gewaght, soo dat icq de selve niet eerde sal connen seynden & ga

3481 3391 927 192 Brussel Iudocus de Sadelaet

5695 3491 245 124 alx

3645 3580 2416 140 In antw aen den ul van 12 deser bevinde dat ul nu ge theelemael mogelijck

3678 3671 2353 127 woort, gelieft ul het looot laken niet te houden, ten prijse gesonden doet het in

3668 3737 2288 169 een sleeken gelijck ick loet ul heb gesondenn & besorght het mij stillekens weder

3657 3844 2365 107 want ick datsen diegelijck soorte niet minder can geeven, het is van de selve

3671 3920 2379 155 daer icq mr. ertsens aen veelest van hebbe gedient & bij hebben mij soo veel gegeern

3642 4007 2430 176 oet root sijn laken is nogh niet conen, verwaghte sijn mod.  hebbende un

3651 4113 2394 158 geen volgens t stael, oocq geene lighte grijse dosijnen. Ick hadde ul niet ons larmis

3665 4228 2363 131 over verwaght, dogh dencke ul morgen nogh comen sal & ul can dan sien, oft ick ul sal

3667 4288 2201 152 connen dinst dat want tet seijnden sonder accort maeckt bij ue maer dis piet
