8563 4615
1102 239 2232 90 genoegh saem versekert blijven met de rest & dochsoo niet, soo sal ul

1124 296 2176 71 moeten raet soeken om gelt te maken voor de taillies vanden

1122 357 2205 83 resident, want ul moet daer voor sorgen, soo lief als ul u moeder

1130 440 2201 83 heeft, want anders sal sij haer te veel quellen, adviseert hoede sake

1123 481 2201 128 gelegen is, verwondere mij dat m slirghter niet en antwoortidoch

1118 555 2213 107 verstaen dat de lakens aen boort John Lenwerk tot yarmonth door

1135 597 2202 153 quaet weder sijn ingeloopen, hope de selve nu costij verwaghte m.

1121 683 2204 129 majnard in t hier endan sal mijn best doen, voor ul al dat mogelijk

1125 749 2106 153 daer entusschen moet ul mij een ligut afrekeninge senden

1119 835 2196 139 de welke niet tegenstaende ul sich magh versekeren alwaert

1118 887 2227 125 binnen twintigh aer soo ul iets kan aenwijsen tot u preiudiie

1096 970 2227 139 dat het selve ul altjt sal geworden maer ick doen sulx voor

1095 1038 2239 144 leven & sterven, oock waerder eenige tegen seggen soo moest dat

1118 1120 2174 147 gestieden, ende ick ben niet verobligeent ongeligudeert te

1114 1223 2167 125 blijven, ende ick denke dat ul soo veel geloof mij geeft dat

1117 1278 2152 112 al hoewel ul mij carta blanca gaf, dat ick met een stujven

1118 1363 2211 113 vant a soude begeren, daerom verwachte devek finalijk onderteekent

1126 1458 1734 120 voordat me maynard hier comt & soo nae groet

2608 1447 625 146 @ 20 nb 1681

811 1493 790 149 London will Scawen

1124 1550 2202 141 Sr. tis long sence I wrott to you my last now I have understood that the 15 curit

1108 1634 2234 138 is the day capointed to come & see us, I wish you & mr. maynard good voyage & whire

1097 1693 2224 175 as you know, what dodgings & entertainements wee have, so hope you will cont

1094 1765 2227 162 yd self with the same & preferrimy good will before all the rest: so shall

1110 1850 2231 120 in large no more intill & see you when all acctt. on my side shall be ready

1094 1915 2222 148 god willing whast I hope you have been sohinde, as todisposed of the

1085 1990 2209 148 laces & sent you in which you shall much oblige mee that might

1122 2109 1366 106 cleare all & so remaine with kinde saluter

2564 2083 526 155 a 20 ab 1681

809 2146 1267 133 meggelen Cornelis van Ahen dlonge

1106 2194 2221 140 monsr. desen tot advies als dat mijn Engelsche rattinen ofte drogeten nu gearriveert

1111 2262 2221 171 sijn, ende dat ick deselve noch heden oft morgen alhier verwachte, soo in gevalle

1086 2328 2221 164 ul daer van gelieft te hebben soo bidde ul mij cito gelieft te antwoorden, ende

1101 2396 2181 152 hoe veel stucken daer van gelieft, sal de selve morgen ofte overmorgen met

1105 2480 2204 131 convoij konnen senden, soo verwaght ul antwoort opt noedighst wintsij sullen

1085 2531 2255 152 lichtelijk ten arrivement alte gaden voor te geraelen, hebbende present daer groo

1108 2594 2160 154 vraghe voor, waer in ick ul eenigh dinst kandoen gelieft te comman

2602 2693 634 126 a 20xbr 1681

800 2719 789 124 meggelen anna wigans

1087 2810 2245 91 Meiouff tis mij leet dat ul niet eens sijt nae gekomen voor ul vertrek, te meer

1102 2849 2224 112 omdit van maendagh smorgens benthuys geweest, ende de bootschap gedaen weirt

1086 2917 2245 90 nae dat ul was vertrocken, evenwel gelieft mij mijn rek. cito te senden, ende

1081 2986 2239 127 sal het gelt tot meggelen doen betalen  doch recommandeere ul alles opt

1079 3060 2202 117 nouste te stellen, want het werck is soo grouw, en bruyn, dat het geheelyk

1092 3122 2226 131 uijtsteckt aen allen d'ander, en hebbe sedert goede pertije puijck wit weirk

1095 3187 2211 137 gekoght & goede koop, soo gelieft niet te mangueren t geene mogelijk is

1087 3276 2248 95 te doen, want vreese daer bij sal te kort comen & ondanck hebben

1084 3348 2237 124 hadde wel geweuscht, dat ul gesien had wat goet ick sedert a hebbe

1077 3428 2261 100 in gekregen, ende ul soude selfs ordeelen dat ul werck mij niet en

1086 3499 2215 100 dint, want de wittigheyt & nettigheyt boven de rest te kennen is

1086 3572 2156 116 verwaghte ul antwoort midts ick niet geirne dese schielt int

1090 3675 2226 98 nieuw naer soude bten loopen midts ick ben a

2579 3726 158 69 2a

812 3694 805 151 Brussel Antoni Rousseau

2335 3745 466 109 20 xb° 161

1103 3769 2233 153 mons. hier estoit acre grace ma derniere g laquilliio in dufern

1077 3857 2257 125 du depuis al instant ie vien direcevoir la trisse ns velle qui me ssagi

1086 3941 2254 105 est spolie et derobe environ meulenstergh precke du handy sin dragen

1080 4021 2245 110 et multant apre quis ont prise tout qu'il avoit, et lie

1091 4084 2230 112 les mains & pieds pour faire leur retraitte le missagger est avec qulqu

1091 4162 2251 112 parsans pour letrsliere, et m'at envoye cette nalhirente nov ell

1112 4229 2174 91 ie suis en pr extreme contasson, car il avoit accee aussi pour la

1082 4288 2198 87 valeur de £300: de moysmeesne, il mesemble quevour flosi en bien

1090 4368 2202 91 de faire complaint es a la cour ou faire des voir a hand pour sles recom re

1093 4397 902 74 is goue vous srve d'advies des

5091 139 844 157 A 20b sn

3430 200 818 119 brussel Judocus Di sade leur

3535 193 2406 173 monsr. hebbe aen ul gesonden p. beurtschip een pack daer in het volgende, de welke

3537 365 2393 47 niet een duyt minder kangegeven worden de engelsche pyen sullen eerst morgen

3548 333 2453 160 hier, sijn soo laet mij weten ofte ick de selve ul p desten sal toesenden, ofte

3549 408 2444 179 pr beurtschip, de bayen en sijn noch niet gekomen soo moet ul noch eenighe tijt

3554 495 2422 160 patientie hebben, daeren tusschen soo sende hier terugge de obligatie van

3550 552 2426 165 50 pattacons waervore mij gelieft te ontlasten & waer in voorder dinst kan

5219 607 680 168 Antw: 2086 81

3558 664 728 110 doben te commandeeren

3417 703 1180 155 brussel Bernaerd: vander klooster

3557 751 2402 141 monsr. hebbe heden aen ul gesonden p beurtschip een wit pack laken tw. roij

3551 785 2416 190 merck geaddresseirt: volgens ul ordre aen Jan tonbouw droogst heird soo

5627 833 404 130 £20:10:-

3551 897 1972 151 gelieft daervoor te sorgen koft, volgens ul bekent is

3557 942 2317 154 mijn Engesche rattinen sijn nu gearriveert, ende verwaght deselve

5425 1064 341 84 @ 20 ditto

3570 1058 1085 119 noch morgen kanick ul dinst

3430 1113 812 135 brussel gudoius op den dris

3555 1080 2456 215 mons. het goet aen ul verkoght hebbe heden gesonden in een paxken ende 2

3553 1187 2425 206 frisaerden op een gerolt waervande rek. hier onder de bayen sijn niet

3564 1266 2430 195 gecomen soo dat eellen vrap sende & wete niet ofte die voor hers

5362 1317 550 200 @ 21 ditto 87

3558 1418 679 101 aer sullen wesen

3434 1441 822 158 Gent francois herrebout

3570 1452 2440 176 mons. in antwoort aende ul vani9 & 20 deser het pack 53 & die p pieter van

3550 1505 2446 190 daime hebbe wel ontfangen doch het stoff pack D5N.1 is daerbij met

3556 1561 2420 230 gevonden soo gelieft aenstonde reserst te doen voort salve tis versonden

3560 1606 2417 215 doch danel white van brugge door rapauck schip met ordre aenden selve

3548 1634 2505 236 om niet beurtschip herrewaerts te besorgen soo gelieft daernae te doen

3570 1766 2260 175 omme sien & staet op devraght brief Jan Andries a governo

3566 1826 2425 192 het pack N 54 :- sien te gemoet godtgene het selve wel magh overcomen

3550 1880 2493 202 alsoo verstaen dat dewegen seer onvrij sijn want gisteren is den bodel

3556 1966 2475 194 van hier nae brugge ontrent meulenstee gespoliert dae onder ander

3568 2041 2385 184 aen hem eenige cleyne paxken met caute hebbe mede geven soo is

3570 2134 2395 159 mij versoek dat ul geliefde de informatie te nemen hoe het sevie is

3564 2150 2487 241 geschiet ende soo mogelijk is attestatie ter plaet den bode is ganomt

3562 2287 2475 189 Gull van herenden bergh cander voorder onder het gerson eenighe in formatie

3561 2283 2494 250 genomen worden gelieft dat te laten geschieden oock advertentie te doen de

3552 2380 2509 193 ofto eenige cante te coop quaen deselve aen te houden & die de pertije

3560 2453 2406 213 kan onteken sal een treffelijk verceringe genieten soo bidde ul hier in

3565 2525 2418 207 en soo uyterste beste te doen & alle uytterlijk devooren om is mogelijk

3565 2614 2076 185 iets te coueven ul advies verwaght & nae groet blijve

3558 2673 2384 195 de ingesloten gemijntolbrief voor noch een pack No. 55 a: 8 een

5388 2749 581 150 @ 21 ditto 87

3433 2835 758 138 Sander Jan francois bis

3574 2813 2453 239 monsr. 19 deser was aen ul mijne leeste waeraen mij referrre de sallen

3570 2916 2443 199 om ul te versoeke dat ul gelieft te infor meeren onder de kant tsij bijden

3574 2950 2431 226 governeur vande stadt bij eenigh perticulier officiers soo het best doenlijk

3584 3042 2421 201 is ofter geen vant gerneson hebbe bij geweest int spolies bij den bode van

3565 3083 2419 216 hier naer brugge t geene geschiet is ontrent gent sij hebbe hem een groot

3571 3131 2434 264 pertije canten afgenomen, daer onder die ick hebbe mede geven soo bidde

3562 3264 2421 172 ul tuwe nauwe reserckie te doen oock te doen adverteeren oft eenighe

3587 3266 2415 251 caute te coop gebroght worden den selve van te houden den geene de pertije

3582 3379 2349 197 can aen brenghe sal een goede verceringe hebbe excuseert dese mijne

3583 3401 2441 249 moylijckhejt dat al esenwel wenschte daer over iets coverstaen soo hebbe

5375 3565 539 97 @ 21 ditto 81

3574 3590 1179 156 geerne ul antwoort & ne & roet

3432 3677 779 141 brugge Rphael coots

3583 3648 2404 218 mijn H. 19 deser hebbe aen ul gescreven de packen met witte g roode lakens ontfangen

3584 3720 2351 203 oock de 2 sergie packen N. 54 sijn heden tegemoet, et N. 53 overgent p

3587 3803 2338 203 sshipe, onse bode guilt van Erdenbergh is gisteren ont gent gespolieert

3547 3859 2443 204 door 6 ruijters soo wel voet gangers daer sijn eenige cante parkite bij door mij

3575 3988 2427 151 de selve mede te geven soo is mijnversoeck is mogelijk eenige resergie

3569 4068 2473 135 te doen doen, tsij bijden gouverneur ofte andere offwiers te doen in formeer

3593 4159 2372 116 ofte de caerten niet en sijn te achter halen, oock te doen adverteven

3585 4203 2399 137 soo eenige cante aen diwinckelier te coop gebraght worden de selve op te

3579 4275 2424 106 hotden hverbolyken voorden geene diese can uen brengen sal een gode verceringen

3590 4336 2328 123 sijn te verdieven hebbe ul mij hier ingehusp sam sal sijn hadviseere wat
