8515 4615
2338 222 984 79 Antwerp p november

768 230 1040 137 London Arthur Anneslay

1864 234 159 116 16

1104 303 2221 98 S. in answer taye of 17: past, I have sold most part of our last goods

1069 372 2260 98 & to patt off the rest I must needs be assorted of 2 bales of serges vr

1085 426 2240 114 one bale th cont. i5 gold cullours & 10 sparrawe grayes according to the inclosed

1087 509 2230 142 pattarnes cloth sarges of 22 y aays broad of 45 to a8 st ap. besidev an

1070 570 2255 131 other baleto cont 25 serves 22 yd assorted to the sume patt in callons

1075 625 2224 138 & 5„24 yd muskes, of the best goods that are to be had, therefore

1081 685 2250 149 limit no prijses for that bale  I observe that you shall want

1096 750 2236 190 mony which I can hardely beleave because I supose monyes plertje

1070 842 2256 157 cnough with you yett never the less for ferare itt might be so shall

1054 904 2265 167 do all what I can to suply yd occasion in order where nat dosend

1081 998 2238 149 here inclosed a remise for £100: s du withen a month, att hhe

1077 1062 2240 138 charge of georgue barous att 35:6 & lest then 3 welkes shall endeavour

1075 1118 2252 178 to send asmuch for yd acctt att sicht, for I desire you not to draw on

1085 1198 2168 185 mee & if you exarmim yd acctt. you will finde itt cleared of last

1080 1279 2209 168 yeare with the last bill of £50:-:- so that this £100: is on this

1089 1355 2167 202 yeares cctt. & what hence forward I shall frither remitt, & p nextsend

1087 1435 2223 194 yd acctt curitt without faile pray faile not to morder the serges whilst

1087 1511 2234 145 memorandem for mr. word to provire 25 cloth serges to the se pats

1098 1608 1456 120 of 22 yd & ago broad good goods of 45 to 4813-

1076 1623 2206 185 25 serges 22, yd of the same cullours good goods 5 serges 24 yd n

2693 1727 556 162 a 7 bir 96 9

1093 1737 1570 130 culd of the best sort 20p. to beone ball

2019 1853 111 95 2h

789 1837 1045 130 Lonclon cound Warner

1095 1841 2140 192 S. my last to you was on the 58: past sence have with as much case a

1089 1929 2182 184 posssibly I could provided yd in ordered parcell of laces which is made

1083 1980 2185 188 un in 2 packetts N. 4 beeng sent away yeasterday to come with these

1092 2036 2214 206 Petters &N.5 will gop next, this parcell will shew you, that our

1106 2119 2114 166 worckeromen can hordely live by makeing them for they are

1084 2187 2221 189 as cheap asever laces were, so hove they will qive good content &

1097 2258 2201 180 in corrigment for more, god send them sake to yd handes the while

1091 2323 2231 204 doth antt to ƒ948:12 n £1582:- according to the inclosed invoy

1065 2386 2248 216 for which please to give mee creditt if finde the opportunito

2960 2521 282 71 ame

1109 2459 2155 192 shall draw on you the valew pr. next thilst att all times Iam

2795 2546 459 116 a 6 gb 82

776 2604 896 123 London George Cole

2192 2631 145 89 th

1104 2628 2212 173 Sr my last to you was on the 18: t & according I promised do now

1090 2747 2169 105 endeavour to cleare the acctt. of GV de seased before this geares

1087 2783 2223 127 end in order where unto do here inclosed remitt you £107:10 „¾

1085 2826 2217 176 sts att the charge of frr. Rayns ford of 127b 3 uso att 35:5 for

1113 2891 2161 157 which att due day please to procure the needfull & note accordingly

1089 2932 2197 148 be confident that the mony shall be remitted as soone as Ireceaued

1098 3034 2207 121 itt, for I long as much as any of the heires, to be discharged, butt

1093 3092 2139 137 the continuall alarmes here of the french pretences, do keep

1104 3160 2176 159 eack boath mony & trade bij ond all exspectations & to great

1115 3192 2193 186 greef of all the countrey for I do not beleave that times were

1105 3290 2149 151 ever worse then they are now with us here, therefore you

1095 3354 2148 133 may be sure that itt is not my fault that mony es so long

1110 3427 2023 127 detained butt that I am with my respecte nuo

2651 3471 412 119 a 3- 9

814 3514 890 134 London Henry Maynard

1119 3526 2147 162 Sr. my last to you was on tha 25:th past. sence recd. yd of 14 ditto god

1120 3622 2142 134 be thancked I am almost restored to formar disposition though not

1099 3685 2208 141 altoghether in strenght haveing lost so much blood I have payt mr. badier

1093 3737 2228 155 only ƒ 1618:10 so to aggree p lease to have out the ½ stiver I have alsoo

1072 3843 2187 125 discoursed him, when heshewd mee m. furnase his letter & order

1090 3888 2190 155 to furnish him about 1000 Crownes which I tolo hem I should

1090 3973 2164 183 pay him as soone as Ireis order & haveing sence rec od wrott

1095 4049 2193 172 hime the needfull which then shall be hast to yd acctt & advised

1097 4145 2215 132 the cust some the bayes from hull do tarry vere long if they were

1118 4228 2110 148 here I could sell them all in 3 a 4 duyes time butt if the

1103 4317 2149 142 tarry muck longer I doubt that then they shall bye by the walles

3527 204 2449 108 noother vessels yett arrived from England, wee have had vere for my weathe

3541 271 2419 105 of late yett hope that no missortune happened to any please p. first

3536 349 2395 100 to buy 5 ww Reds & 5 E yallow marck s pack whites & make of

3519 377 2454 119 each sort a nach to be wraeped with 2 bayes sach I hope the 6N. silver

3524 444 2458 123 markes shipped by this time as also the frises & de vouthire bays with

3545 501 2438 159 4 or 8 swanskins for which all I am much in haste as for auroras lead

3541 586 2348 114 them there, till more pleaty & better cheap: praydo as much you cando

3537 617 2431 145 have the pack whited att the lowest rate & well conditioned not spotted h

3542 687 2424 132 threadwaren in the back as often I have had on all which I do depend

3541 764 2430 165 I shall further do al I can to remitt you for my acctt. whist I ras soill

3525 824 2427 153 mij man mad up the acctt. of sales & some mis takes in them which

3549 951 2437 110 shall bo rectefied & sent you p next with the sale of ooto b. oursale beyine

3518 969 2407 153 to decreuse, & I am sure there is herdely one pack of drapperie comes

3518 1029 2332 172 from England hether butt that I know off itt & I finde that god

3526 1104 2421 150 be thanched, I have avere good share insale aswell as the best & that no

3529 1146 2441 216 perticular remands mode goods then, butt there been so many makes

3544 1209 2436 178 the trade to every one buttt little pr kent serves & Did sons sence

3539 1269 2443 209 serve the Roosendael, as also one Pauwels, who exeept in the bussgns

3525 1371 2428 192 of shar mr Demont leaves off trade & had no goods longe sence ur.

3543 1418 2427 187 vudard recd one or 2 packes butt sence his wife dyed of late lest of

3541 1503 2428 164 cloeth trade so the new beginner is Beydaels, assisted of mad bouw

3546 1560 2423 201 servant, butt he beeng a shop keeper made great nrice att first & is

3516 1655 2369 157 sil ready weary of itt beeny not fitt for a shopkeeper much less for a

3524 1683 2459 209 mart: so that finde no preiudice to you in the hefleast as I shall

5263 1774 633 153 @ P. 9b: 22

3564 1816 1411 125 shew you when a & see you whist nown

4614 1885 137 98 th

3399 1877 884 141 Londen Abbram vivian

3534 1887 2450 195 S. my last to you dras on the 25: past wath a remise for £28:13:1 on

3544 1964 2345 176 Janiel porten for my acctt. sence have rec. for boath yd of 14814

3527 1980 2445 243 ditto I could wish pindar was arrived, for I do much want the bayes I hope

3538 2074 2350 217 you neglen ted not to in order 60p. more fomy formar directions

3513 2110 2471 223 which ought to be ready by this time though I had never any perticiculitie

3548 2195 2439 213 from you about them sevce, our sale hath been indifferent well all

3536 2250 2446 206 our ket sies are almost sole all the bayes and most part of the cloathes

3525 2343 2462 185 mall beeng heberto about 30 resting the proffitt I hope will giuce you

3530 2383 2439 205 content, for you may assure yds self that no endeavour is wanting

3549 2442 2419 185 onmy side to adrance boath air intrest which shall be ready

3541 2499 2443 206 to shew you when yon come over & though you should not come yett

3523 2584 2450 183 att the latter end of the yeare I ballance my bookes & the shallsend

3530 2628 2434 184 you all acctt. in the menne while I am not be hinde in my bookes

3520 2719 2447 151 & dofinde that onmy actt. with the last remise I am even included

3527 2778 2444 149 ill the invoyces you sent mee now if the 60 bayes be bought in that

3543 2859 2427 162 you could be in disbourse, for more goods I know not that be a provied

3523 2954 2455 93 as for yd acctt. if you examin well you will see that the goods sold

3542 2974 2381 150 to ylr. xb last are paye & £1180:- flemish up on acctt of this

3553 3025 2430 167 yeare sall & after that rate you will finde vere neare 3 returnes

3518 3094 2463 161 in 2 yeare so I should wonder what reason you can have of drawing

3463 3193 2383 85 whene you finde mee so deligent to susely you &endeavourding to

3536 3210 2444 169 promite yd intrest which I do not att alle finde in drawny whoever

3524 3324 2388 84 my will is good to remitt you, butt amnday I am to pay gd bill

3538 3355 2423 118 of go aug for £200: so must henis paticittie yett untriu I have

3538 3400 2432 150 still good comimissions from others for lces & amonghst the rest them

3540 3481 2394 139 nett aparcell of about ƒ0000:- which I keeply mee if you could

3544 3601 2416 79 beserved with yett mee thinckes they are is  cheaper then ever

3540 3590 2434 172 I sent & so cutious assorted that itt can not be other wise thought

3529 3671 2392 160 truly the werckerom, can not leother  thoiught truly

3531 3754 2414 120 live off itt lett mee know in answer here of if I shall send them

3541 3817 2383 143 to you for iintwentie yeare they can not be better cheap as soone as

3579 3901 2370 111 can shall remitt you againe whist now

5371 3945 352 102 @

3403 3952 1020 154 Brussel Seger vanderBorght

3553 4010 2429 125 nmosr. op 30 past hebbe ick aen ul gesonden p. beurtschip volgens mondelina

3546 4103 844 128 ordre 1 dobr. root laken

5501 4126 440 145 ƒ 143:2 ½

3768 4142 1485 164 sijnde N. 816 a 43 g. a 57 ½ a 50 st

5514 4221 305 96 .„ 13„

4735 4224 597 132 af Rabat 8 P

4880 4281 1094 165 sonder nebut ƒ 132:2½
