8542 4629
2722 213 536 128 C 26 meij 1681

908 188 941 165 man m Pierre Meurant

1124 327 2212 128 je vous ay attendu de tour a autre, & se ne veu pas donttre penser que

1147 412 2210 125 quel que In dipos at retenu la voyage, dont celle cy servira pour vous

1143 508 2237 105 adviser qhe tous nos ofertimens sont arrive o n'attendent plus que

1130 614 2259 126 pour le temps d suiver, vous me fairie plaisir avecq vred remises, pour

1150 695 1032 140 des occasiens bien precipitantes e

2862 787 249 162 a28d

893 755 796 201 Huln mr. Joan Button

1143 879 2262 134 volgens de ul van 11 deser hebbe het se cotten laeten verven, & nu geneet

1132 995 2274 135 sijnde, diene desen om ul te seggen, dat eeneler ofte sacq gelieft te seynden

1131 1102 2188 124 on t selve daer in te doen, & ul toecemende vrijdagh te connen beschiecken

2880 1185 266 139 a 28g

909 1165 1073 172 Mons mr. Laurence francoi Berm

1147 1245 2191 178 appre vous en avoir eseit la surd, je vien de recevoir la vre du 213 pr

1132 1370 2231 162 je suis mari que je n'ay pas este plus billigent, ne (moins ce nest pas

1136 1496 2275 101 autant ma faute, a voient la grand dasse, je vous ay envoye le drap aner

1125 1589 2274 113 ausonduy amadre de vos pour en depecher a vous, Ilest packte dans 2

1140 1652 2280 165 pieces de casse pour en far tenir bien conditione l'est n. 32 a 46½ a ƒ4 ƒ186-

895 1749 736 166 Brussel and. artsent

2723 1780 342 123 a20 d

1123 1866 2271 115 volgens aen ul op 23 deser heb ges. soo en wil niet twijffelen, oft ul heeft de mij

1123 1981 2274 127 laeckens tot contented ontf., de welcke ul meerder sal gelieven teood sullen

1137 2052 2130 161 gesonden woorden niet alle mogelijcke llig, & devoir omdl wel te dienen

1147 2125 2259 144 wegens de baijen ben wel verseekert dat niemant ul soo goeden coop as ick sal

1137 2225 2272 138 dienen, dogh bekenme dat baijen dit jaer wel wat dienden als op andee sijn geweest

1129 2345 2267 105 ende dat om dies wille de gemeijnste wolle het diertste is gevallen wat de perel

1141 2450 2253 108 coleure laeckens belanght, Ick hebbe gemeijnt ul & m. vander Borght daer dinst

1132 2518 2230 141 mede te doen, alsoo de selve al hier wel soude hebben connen vercoopen doen die aen

1149 2612 2101 155 quamen, maer want sulckx ul hadde belooft, hebbe die aen ul toe gesonden,

1119 2731 2203 120 geloove vale die aen ul s 21 perm sal hebben geloofe want a 20p gelycq

1132 2779 2256 164 Ick die stelle en is daer geene winst bij, soo dat ick lope ul mij daer in

1131 2904 1193 145 sal gelooven, & goet prostijt mede doen &

2743 2981 363 147 „ 6 26d

891 2991 853 192 Brussel mr Joseph Sabbarton

1135 3060 1878 179 In antwer to yd of 23t curt. I finde vale his pepssial of 35

1135 3163 2162 159 send meethe laces as soone as possibe, pinipally the comdes

1147 3253 2176 146 I shall pay t he bill of scawns a £ 29: accordingto yd order

1138 3345 2130 137 selae to yd acctt. & the rest credit mee for Ihop te seen

1129 3410 2102 151 gon the2mert, l & HManw inclined to amy thinghus

1115 3502 1781 134 you huvew bost what to do haveing the full inders

2790 3609 274 111 C 27 d

910 3565 823 199 Londen m. Henry Maynard

2108 3648 89 117 d

1147 3680 2203 152 mij last to you was on the 23 sur. sence recd. yd of 12d. the reds & pack

1148 3791 2196 141 whites are not yett arrived, I meane them that come ly tonwiel haveing no

1144 3856 2200 160 news from him, though I much want them, as also the G.W. silver march H

1129 3940 2256 174 cloathes, of which you must endeavour wish all expedition to dipatch 5 more

1131 4018 2244 177 or elce itt will be impon for mee to keep the good fachers on my dand, surn

1123 4124 2234 135 he is not so long a makeing them, or elce de delivers them to forne body

1129 4221 2225 147 elce the 5 which he promised you, must be bere within 3 weekes to doguell

5965 206 56 53 19

3597 213 2453 121 & then 5 more bere L august, & then5 more before £7d, & so collowing, because wee

3597 310 2472 107 shall bave ou att least of 25 p a yeare or 30 if wee will maintaine that concerne

3594 418 2468 112 so pray de yd. endeavour accordingly, I sare no more of the stametts I desired you to

3576 509 2477 132 spovide for a Ryall, & yett I am here asked for every day, & if that could take, I sha

3596 628 2458 95 have the opportunite to sell 50ƒ a yeace, then fore minde that I shall exspecs

3577 729 2469 91 the spanisch cloathes as soone as por pray putt in then 6 g. of whites ottou

3575 781 2453 116 hose for my wise, such as once you send mee before,  cond that their cost be

3596 844 2465 178 brought to mij accct., & not other wise. yd. bill on me shall finde due complyance

3578 1001 2432 123 suposeing itt is for mij acctt., of which you make no menhon, thelS I beliave is

3591 1061 2419 147 sallen more at the latter end of ep. when you drew, because I have seen bill

3603 1181 2404 115 of the same date att 35.5 & ul drawne on P ordaert. inclosed remitt you

3579 1231 2484 170 £170-  for mij accct on francois du Bosquiel of lond lilla payable in londen

3593 1325 2475 153 att the kouse of Herman almins for which please to Icoeur the needfull, & note

3593 1454 2450 122 accordingly. Jan vale dach made aprorehal of 35  of which donblles, in

4404 1510 1655 71 m maynard I omitted to send this h yd which was gon away so y

3600 1529 2382 128 Sabbarton gives you advise please to delvve itt to m. slanghses or as you finde itt good, & wha

3596 1571 2468 153 I desini to be red of the bustiynes of beeters shall remitt the needt ballance of that acctt of which yd antwer butt I rouse

4926 1623 366 117 be discharged

5606 1647 304 121 C 27 meij

3476 1661 919 130 Tamton m. Thomas Ledgingan

3594 1716 2447 180 I finde by mee yd of 26 past whee ly take notice that I can Gave no more re

3591 1833 2468 118 Ionour of beeng seaved by yd. handes, yett you have been pleased to recommend mee

3591 1924 2435 140 for. Domas esta brooke of Exon, of whom I have also a lader, so do send hm now

3573 2020 2493 163 my orders for a bryall, suposeing be krows the sort of perpetuandos you sent mee

3575 2145 2456 140 f not pray accquaint hun with itt, I can not butt worder that you say of 42 ƒ2

3587 2269 2456 99 & ballance due to you m. arthur annesley of London dath clarged ince what with

3572 2322 2446 136 the whole of yd. invoyce, butt pray send mee an acct ., & I'll see you well

3574 2458 2474 105 satified, for I assure you, if you had not mentoned of itt, I hever should lave

3580 2524 1122 155 knowne of any thingh Jin advisted &

5577 2593 270 163 a 29d.

3475 2607 848 185 oon m. Thomas Estabrock

3596 2710 2419 166 I have recd. yd of 10 carts. as also oue fon m. Ledgingan of whom I had some times

3593 2809 2465 185 a fort of 1½ yead white perpetuandos, which sort I never could have so well hom any other

3585 2927 2447 147 Gand, because they must dave full that breack, & about 25 & weight aps. & be of

3579 3022 2474 139 a substantall ware & cost not above 62 p ap which sort if you know not, m

3561 3134 2468 131 ledgingain will tell you which itt is, for I would have no worse, butt rather much

3577 3212 2462 136 better, & thicher ware theugh cas I told m. ledgingan I should give 5 a 6 p ap more

3603 3297 2456 157 so if you please to send mee 12 f for a tryale, wee may see what wee shall do

3582 3413 2425 129 more here after, for I have many goods yearry from yd parts, I am contented

3575 3527 2444 145 I say to give 5 a 668p a p more for the perpeuancos, provided they be the better

3571 3648 2459 114 accordingly so do yd endeavour, & ship them of att Topsom or epon by the first

3575 3691 1917 166 that sailen, & I'll see you duely satssied, a word of anwe

5615 3816 275 132 6 27d

3479 3785 684 185 London m. Luey Knigheley

3575 3918 2444 131 In antwer to yd of 12 cur. shall exspect 3 or 4 spanishcloathes as bost you shall

3571 4038 2422 93 iudge pennuwerchs, of what manck soever, so make up tereds, & to be sent forwand

3564 4111 2462 119 with the vere first ship that sailes for ostend, in the meane while I finde I have

3570 4204 2446 96 emitted to advise you, that the last pacq K n. 10 is well arrived, butt not yett with

3576 4282 1621 135 mee, I doubt not, butt that they will grove to content
