7989 4588
791 175 2356 118 I have severall letters of late recd. from m. whitley from madmarg

784 237 2302 83 essost & from mft which mee thincks is most the same all

798 298 2340 91 bending for mony be longing to yd brothers Josephs estate truely this

800 371 2320 132 people either mustrust mee or never heard of selling goods tshould

803 444 2326 115 be badd enough in case I could sell here for ready mony & make aso of

799 523 2279 106 their mony, where as to the contrary wee sell upon time & in this

803 612 2323 140 winter season mony is scarey & thought I remitt now & then

806 671 2323 139 itt comes ny as yett this day £74„ 1„3 yett all that is nothing, last

811 762 2294 157 week £50:& ordered G6 to draw £100 my desire is you would have

785 847 2312 150 don to mee butt for my part to disbours & pay the mony before itt

795 949 2309 155 comes in I shall not resolve I have send the acctt. curitt itt may bo

800 1047 2296 133 they will scruple, because I dend not those of sales & the reason

799 1135 2334 115 1s that I have had so much a do to ballance my hookes & ben d every

796 1208 2245 155 their acctt. that I delayd that till last for I have butt one wright

781 1292 2284 128 hem that writes english & my people can not do itt besides god

797 1382 2272 96 bethanked I have dayly some sale, so that our goods go pretty cleare

810 1476 2175 121 off & wish those att Hull: here you make no mention if any

802 1556 1802 112 beshipped of which I long to know whilst I remainee

492 1568 831 171 London George Cole

2170 1632 882 119 In Antwerp 11 feb81

1898 1647 115 116 th

809 1711 2293 122 S. my last to you was on the 4 curitt with a remise for £50: & ondrto

772 1750 2329 157 draw one tam houndredpound more for acctt. of the estat of my: viviun

780 1840 2288 136 diseabed besides which do remitt here inclosed £74:1:3 att the charge

793 1925 2263 134 of John mertins 2 uso which cost 35:5 so please to give mee credat

789 1982 2304 122 accordingly & procure the ned full for the one & the other now have

778 2070 2302 137 have before mee yd of 28 past, I finde to be true that the pertutio

794 2153 2282 104 acctt is not charged with the charges att hull on the 6 bales you

783 2235 2251 89 mention, so must alow £5:17:1 for my ½part which shall

791 2300 2285 98 bedon accordingly you desire meets permitt you to draw on mee

763 2373 2231 102 £500 to give the retations forme satisfaction: I you please to

775 2466 2293 126 nate that I would do all I can to do you & them my service, yett

782 2520 2267 139 that I must refus & desire yd excuse for I do not to accept more

772 2608 2317 119 then what I can pay, besides I avoid as much as I can to accept balls

779 2715 2302 108 where fore keep rather not a farthing in my purse & remitt then

772 2784 2293 137 accept & afthought you supose that I shall have more mony in

769 2887 2276 117 hand then that should come to before the bills shall bedue gett

775 2971 2273 127 plaiuly shall accepted non butt the £100, that I desire you to draw

775 3034 2254 151 which with this & formar remise is neare ½ of the £500: you

762 3147 2228 141 desire & perhaps in less then aronth I'll remist the rest

775 3227 2201 131 for you must know I press my people more then heretefore

770 3285 2263 172 thought much against my honnour onely because I can not

731 3394 2320 152 abide to see such mistrusting letters so which in closed an answer

775 3492 2299 140 which pleases to deliver- by the by must accquaent you, which

772 3590 2297 121 you may keep to yd sel f & D.V. that I am overseere in thee tatt

769 3671 2243 96 off a broather in Law op mine D. bustt hop to whom is remitted

765 3761 2312 144 1690 bj will depeyster a bill of £80 druwe by Damil vivian

760 3850 2197 156 on Jeane, & protested att due time & retur. for pay for which

765 3937 2276 148 never a frating recouared neither had acy every my order to comrose

749 3996 2194 172 for the valew now the opphan is left alone findemy self in

747 4114 2325 114 in consoieus obliged toaccquant you that & give mee yd advise for

748 4201 2226 125 I well not for my part the valew of one farting formy sel ff butt

3565 108 2367 169 en dhe en consenne venge ae declrede ran

3559 238 2355 86 is not all to be recoueder att least I shall have that satisfaction

3559 312 2376 101 to have accquainted such an affare to you that will do formee

3570 364 983 134 as for ijd self & so remon

4881 378 912 162 In Antwarp 13 feb: 1681

3235 411 907 180 London Henry Collier

3556 474 2353 169 S my last to yon was on the 8:h curitt with the needfull acctts to which

3562 578 2296 140 referre you sence recd yd of 24 past inclosed a letter to Rs which

3548 679 2346 124 in case he begon for Lille againe before arrivall of this please to

3546 730 2383 148 returne mee yd bill for £100: shall accepte & haveing so often discourse

3562 777 2389 155 about that affaire shall seave the case to yd owne ion sideration I writ

3562 872 2350 175 you whij the goods in klerck were ditained which now I hope to gett

3555 974 2373 156 pr first because the dutes are now publiched to be collete daster

3547 1072 2370 142 the new book of rates & I hope yd shall pass for that prises, & when

3556 1130 2270 161 here shall ende a vour to dispose of yras best I can & o vom

3244 1178 1031 176 London Gabriell Whitldy

4865 1209 965 141 In Antwerp 15 fe8 168

3567 1302 2361 124 S I finde with mee yd of 20: past the contents I understand & referre

3538 1384 2350 118 you in answer to mr. Cole & asseure you that god be thanked I have no

3539 1463 2385 115 needof mr. Jos. vivian de ceased mony, wherefore tould wish you woud

3560 1520 2353 147 be confident, that I never keep a forting of theirs on hand, butt

3535 1612 2350 118 Rematt als soone as possible Im gett itt in of whch exspectner

3535 1694 2350 103 desire not therrdwardt then what was allored mee when ealive

3535 1780 2339 96 & charged to acctt. the ciritt beeng sent & some of sals wanting

3532 1866 2293 114 shall follow p first, with a demonstration wheres & in whes

3543 1928 2305 161 handis the mony standt out for though I finde to have todo

3546 2011 2288 146 with in credible or mustrun belatius gett shwell vatgo mij

3531 2092 2371 131 self & will ing give alle condeit that com bee exspect from

3546 2184 1138 126 myrcaspnoble man & sorest

4904 2161 890 190 In Antwarpe1 ftt 181

3227 2198 1007 186 London Margarest root

3545 2293 2359 139 mad I finde a few lines from you which I sought to answer

3544 2384 2337 127 large butt beeng willing to trouble you with much readrecg desire

3540 2476 2284 128 you please to bereferred to m. George colo & mr. Gal whitley as

3538 2552 2287 117 also to mr. Abram vivian & in case that can not be suffidient

3544 2603 2316 142 lett any of the kerres of m. Jos: vivan come over & I shall give so

3522 2712 2364 153 cefactiny what shall be in cash & assigne the rest by those wher itt is

3515 2792 2403 152 lett p then endeavour to see if they will prevaile more then germable

3521 2892 2326 130 to do the capital or estate is not in readg mony in handes, butt creditted

3524 2974 2373 131 out in goods up on time truely I thought I did much that I disposed se

3533 3057 2331 124 leverly of the goods & now mony comes in dayly butt in case the goods

3530 3140 2364 143 had not been sold yetters now I have full goods of the liko sortimsold

3511 3242 2396 139 want reason should there be to blame mee of to make suck hiscoried

3514 3308 2400 178 of my punctuallitie I have onely to ad, that you may be confiden

3529 3430 1784 162 that Ill do all I can togett int hedebto yrostiest

3236 3470 844 155 London Richd. Southell

4854 3474 918 191 Antwarp 1f  a60:

3512 3585 2371 151 S. my last to you was on the 8 curitt to which referre you senco ned yd

3506 3718 2326 109 most aggreable of 28 past, out of London where I hope this shall

3497 3778 2273 111 finde your still I have pused yd oxpression you beginne with HM

3530 3889 2279 120 which is wet the thermes I shall know here after he hath order to buy

3513 3954 2309 153 for med alout 8o pr. spanish cloathes I could mish, if yd time

3515 4068 2282 123 would pusiittee to peruse somdoneles you farimd him shytictlie

3497 4147 2248 145 bussyne betwixt him & meer I have recd sormepar

3488 4261 2335 121 from Am. butt sence imchipping in deas 4 doubt itt will
