8481 4663
1019 262 2236 119 s Ban marche comne des auttre, et iui fait vous dire que ie

1007 341 2273 121 vous importune: ou pense vous que je suis oblige a vous, et d'attendre

1025 409 2211 119 a vre plaire, mons. prent tous en un consideration cvile, et

1022 494 2179 119 vous me trouverez discrete &  vous ditte quelque chose de

1023 542 2260 139 remvoyer la marchandise a cause que ce la est riducule ie ne respond pris

2579 635 665 157 Antw: 20 Auguss

1033 653 1339 132 car un homme doibt teur sa parole

752 717 882 156 London Henry Maynard

1029 788 2258 114 S. my last to you was on the 16: curitt then amonghst others desired to provide

1025 859 2254 122 60 white manchesters bayes to be made up on, 2 packes, butt jomitted towrite

1010 944 2261 125 you, that they must be foulded in the north so as you do the devonshire

1006 1009 2240 151 & swanskins bayes in london ⅓ of a yard long & made up with silh tape

1030 1092 2168 159 neetlij & well handled, for goods well drest and ordered are halfe sold

1017 1178 2284 139 I have non oof yd to answer so this fuither for covers to the inclosed bills

1011 1244 2239 141 £100:- on I saae sampson due  curitt & £53:10:5 att ½ uso on

1014 1349 2220 158 piuckering & robinson for boath which please to procure the needfull

1008 1459 707 126 & pass to my acctt

2544 1483 680 120 a 21 August 1681

775 1530 729 142 Leuven Joan De Goede

1025 1531 2132 186 monsr. ul gekoght goedt hebbe heden aen berm schorels gelevert daer

1021 1643 2193 132 van is de factaer hier onder bedraghende ƒ463:16- het gelt dat ul

1021 1727 2258 110 mij heeft belooft sal dande naefte weke verwaghte, ick hebbe vergeten

1031 1794 2211 144 uijt te spreken dat het fijn modecoll in lausch laken van ƒ4:42

1026 1871 2230 147 contant belt moet sijn, want het van mijn manchsel, ende die alte

1022 1958 2153 111 gaederecontant verkoope ofte anders daer aen wernigh proffijt aen

1024 2015 2240 135 soude doen oversulx kan ul iet gelegentheyt mijdte weirde betaelen alhoe

1030 2110 2185 127 treloten uwe respect in 4 a 5 weeke niet op aen cont ick wilniet

1031 2170 2226 124 twijffelle ofte die fabrique sal u seer wel aenstaen want die daer

1052 2237 2239 167 van koopen sullen sulle is dat dan heweste & voortdaens sal van die fabrryus

1041 2353 2093 118 ul in alle colleure connen dien aer mede nae groet. blijven

2682 2405 523 117 @ 21: ditto

750 2402 1044 141 Leuven Bartolemius Cort hout

2097 2428 55 119 s

1023 2456 2300 165 Monsr. salut dese tot covert vande factuer van 2  ½ laken aen

1038 2554 2238 161 ul verkoght het welk gekeckt is met het goet van mons. de goodein eer

1037 2623 2232 178 pack gemerck RK geaddresseert aen ul, ick wille niet twijffele ofte sal

1047 2692 2198 145 ul tot contentament wesen in de facture stelle de 2 nortsche lakens

1032 2761 2211 150 a 45 st noghtans mij dunck dat wij a ƒ6 st d'accort sijns vindie will dat

1039 2820 2218 132 ick het selve niet wel minnder gevevad en kan soo referre dat aen ul

1016 2870 2255 154 daer en tussche soo ilts anders voor valt daer ick ul in fandiens srft

1017 2974 2270 135 te commandeeren alsoo ick tenegenben niet goede heden wel te handeen

1046 3020 2203 139 ende voor goede betalenge goede koop te geven warop ul mach betrouw

2692 3083 534 123 @ 21 ditto 1601

760 3081 1157 135 Pier Joan B van mnersel

1036 3142 2221 157 mons. ick hebbe noyt door foute van occasse hebbe nogt aen ul gescreven

1040 3230 2242 143 nu genformeert sijnde dat ul groote neotie doet in dengelsche rand

1042 3320 2205 135 walle manifac lere hebbe niet conne nae laet ul met dese mogljk

1019 3405 2208 135 te vallen om diswille d'engelsche & walle manifacture negotie

1038 3463 2148 135 oock de mijn is boven dien hebbe sedert de doot van wr. dumont

1025 3547 2195 177 sijn getauven aengenomen soo dat ick van alle d'andere soorte ten

1035 3601 2195 176 wjtferste wel ben versien en dat u osdanigh abundaatie alleen, als

1029 3681 2202 142 wel 3 a 4 andere packhuysen te samen, waer van ick alleenlijke

1043 3767 2230 144 versoeke dat ul geliefte het gesuht te nemen het welke ick niet

1016 3852 2198 115 twijffele oofte sal ul aniimeeren om te koopen om dis will dat

1034 3935 2129 111 ook oock beter koop gegevs als andere waer mede nae groet: blijve

2664 3996 579 151 £21 ditto 1681

776 4001 1235 156 Meggellen Cornelis van Akens doude

1042 4097 2283 137 mons. Ben verwondert dat ul mij vven tol brief niet ensende om de softun

1022 4209 2213 83 kersijen aen ul te senden volgens ul hadde ge commandeert want de

1045 4231 2235 163 selve anvande voorgaende treeke gereet gestaen hebbe tot ul ordre de p

1037 4328 2293 119 oversulx verwaght morgen ul tolbrief, de 7 packen presaerd dar ul van hbbe

1004 4401 2327 117 gelproken sijn gisteren hier gearriveere, doch hebbe de re van de selve noch nndtontf

1259 4443 2017 78 o haest be kome ul sallante ereten daer en ½ ulsch ul tcl brick afwahh

5061 231 910 97 In Antwerpen 21: August

3363 247 1158 94 Amt de Hulter & van Homright

3486 309 2456 77 Messr. op 14 deser was aen ul mijnen lesten waer op geene antwoort had vernome

3499 403 2468 61 twelke alsoo niet is geschiet, midts occasie hebbe om het voordese gementioneert

3495 433 2470 121 schutsel en santen aen ul tegens maendagh toe te senden ingeslote is de reck

3487 512 2403 116 over de leste to vercoghte vatiens de welke soo het accort &vinden gelieft

3493 576 815 105 volgen te anpotteeren

5456 577 334 164 C 22 aug

3381 633 591 145 Hulst m. John Button

3551 709 2325 146 volgens ul brief van gisteren hebbe het gelt ontf voorden ingesloten wisseld., die icq aen ul

3514 808 2447 117 geacquit. seynde, Icq sal mijn beste doen om voor ul bewijs van £15- de weerde in te voorderen

3511 922 2430 119 vanden ontfancq ul advijs geeven. daer en tusschen ons winther prod. sijn gearriveert

3525 983 2444 146 & hebbe oocq groote partije carsijen ontf, beneffens alle andere soorten van noortse goederen

3521 1090 2434 134 soo ulijts noodigh hadde waere nu den besten tijt om in te coopen, oversulckx soo ul ijts gelieft

3526 1218 2455 95 comt mij eens besoecken & sal ul seer goede coop geeven van goet goedt versien, waer op mogt

5413 1246 383 138 @ 22 ditto

3531 1273 214 140 sens

3392 1319 839 171 Brugge Raphael Coots

3518 1362 2434 181 mijnh sedert den ul van 17 deser sijn, de 7 packen mijn geworden, als oock gemeng

3513 1440 2404 231 frisaert het welke mij verwondere ul niet daer en heeft gehouden al soude u het selve

3519 1523 2470 208 & die vande reght voor half het gelt ofte voor niet gegeven, hebbe om daer mede & ul

3523 1597 2464 191 woort te presteeren & onse saeke goedt te maken, wantick tgeene soude te coot

3532 1668 2470 197 comen soude mijnh. Coots, alst hem geliefde, in andere occasie konnen vergoeen

3520 1754 2471 171 doch alles blest aen ul dircatie vereserret hope John collinier by nu sal gear

3528 1816 2370 214 sijn thomas smith tot hull sal mijn resterende packen mede brengen

3530 1964 1871 126 aen boort Jan simons tot london sijn geladen twee packen

4089 2020 1585 206 MN. 39 met 14 modecolleure spaense lakens

4203 2119 1561 122 N. 40 met 12 quartiens modecolleur lakens

3524 2128 2412 217 ten arrivemente gelieft het noodigh te besorgen ende mij vant gepasserde

3538 2285 1440 117 advijs te geven waer mede ul verobligeer

5359 2290 712 157 @ 23 Augusti 16817

3536 2378 855 107 de se sijn fijn a rouverno

3372 2439 889 135 London Hcnry Maynard

3547 2460 2432 169 Sr. on the 20 curitt remitted you £153:10:5 in 2 sundry bills for my acctt, which I hope are

3539 2492 2461 223 safe to hand, now receaved yd of 8h curitt the french demand as you may see by the nielese

3546 2584 2441 201 wee supose they will have itt all, intrim thoseallarmes will much hinder our sales

3536 2693 2478 162 so that one pack of spanish cloathes more will be enought till yd returne & that

3519 2747 2481 203 I shall have seen you lett also the frises not yett be provided: I have given you

3538 2875 2465 124 creditt for my half share in the 2 packes aboard John simands god send all safed over

3542 2916 2462 130 wee have no news yett of collier I could wish you had the bt. silver tuck

3546 2982 2465 176 coathes before you coming away from London att last m slaughter aggreed

3538 3074 2357 121 with Peeters about the cloathes, they shall be sent him, & the rest

3557 3173 1938 103 advisted when you here & so remaine, with kinde salute

3547 3182 2428 173 the green cloathes I doubt shall be to darck not boeng beeng well observed the pedtt

3559 3262 2404 189 prap send some where in closed 2 penne hinfes for mjuse for all mine are broahde

5343 3344 575 126 @ 23 ditto 1681

3399 3379 984 145 London ickering & Robinson

4271 3459 121 65 th

3546 3405 2453 167 Sr. in answer to yd of 8: curitt as to the northrens most part are so fatt & do smell

3535 3543 2443 115 that the press is already off there bj they are onely drest about the fiste, and

3543 3538 2458 176 not all the cloth over & some doth the wooll rise, as if they were not drest

3564 3631 2403 148 att all I finde fault boath in the buyer & dressers, becaused the bayer should

3551 3696 2457 142 have bought no smelling, on stincing cloathes, butt observed that they were well

3566 3779 2428 147 milled, & the dresser must have don what he is payd for beleave mee I imploy not r.

3560 3856 2431 114 maijnard in northen cloathes, butt have most part from leeds my selfs dirertly &

3563 3944 2348 116 have had this yeare above 300 northrens & though now  then I finde reason of

3572 4018 2403 101 complaints, yett never so as for them you sent for I cobleme not so much the

3561 4087 2455 118 proffitt as the creditt in selling, because good well conditioned goods make the custome

3563 4161 2379 89 returne the better & thought I doubt not butt you will finde yd acctt. in sale gett

3542 4212 2480 134 the wollen manifactures beeng my trade, love to have gett in as much perfection as itt

3566 4295 2406 126 can be had: as yett have sold butt y½ cloth, all the bayes & 12 white kersies, & shall

3544 4365 2431 104 endeavout all I can to cleare the whole this winter. I observe what you write
