8330 4629
1868 188 619 113 ntwerp 7 bber

573 209 681 119 hult Jan Cotton

856 285 2424 88 ingesloten eenen brief voor ul van m colier ick twijffele oft ul mij heeft

860 349 2409 92 vergeten alsoo ick van ul niets verneme nochtans hebbe ick gelt seer noodigh

858 430 2424 89 over sulckx geheft mij te senden t gene ul mogelijck is ick wenschten ten wel

868 467 2415 103 de vrintschap van al als al eens tijdt heeft in fernandus polder te gaen va

858 540 2418 115 wij hebben daer een groote hoeve genaemt de duyve heet de welcke dioogh staet

860 619 2415 106 ende het beste lant oock droogh is sijnde ten hoogen dat ul geliefden ons te

849 699 2430 96 informeren hoe het daer mede gelegen is alsoo de selve noch altijdt bewoo

858 752 2424 82 is geweest al hoewel wij daer noyt geen gelt hebben ven genoten ende terwijl

855 830 2329 113 de selve woonbaer is soo sonder wj geerne die verhueren oft verkoopen

852 903 2372 124 gelieft op alles eens te letten en mij adviseren sij staet op den naem van

849 965 1794 97 derfgenaemen van geerard bouwens waer mede blijve

2196 1039 233 114 9 ditto

603 1011 788 164 Brussel t ondris pertsens

847 1137 2430 90 monr gisteren was aen ul mijnen laestin desen tot iouvert van den mede

838 1192 2440 131 gaende aisselbrief van 500 pastacons te ontfangen in lajck van 5 deser ½ al

838 1265 2427 107 tot laste Jan Icoville den welcken ul an ul vrint can remitteren ende doon

834 1346 2400 115 sorgen dat behoorelijck wort geaccepteert en op sijnen tijdt betaelt ande

834 1440 2449 84 te laeten niet profest keeren sal morgen op brussel aen ul remitteren heden

859 1494 2421 98 geen a ouasie gehadt hebbende ondertussen geheft mij hier voor te crediten

849 1546 1443 130 heb het selve a la parn ingetrocken bljv

2676 1585 264 153 a 7d

590 1612 732 144 Brussel steven Kints

840 1695 2424 196 In antw. aen den ul van gisteren, gelieft het pacq bayen mij cit wederom te seynden

848 1816 2415 153 wel gecond., doet het selve packen door arbeydens gelijck dat betoort, want ick can met

855 1939 2385 160 geen ficanerie geguelt sijn, oversulckx gelieftso ul niet te hebben soo doet as voor s

864 2016 2327 169 want ick sal light nogh wel t waghten, een ick over come & de bayes niet minder

1813 2134 1323 130 hebbe present geen bayen meerbij mij

845 2159 517 136 geeven cane

865 2247 2360 155 oversulckx sullen mij die wel comen, sal te buyten dispujt meet vercoopen gelijck

860 2326 1232 157 met andere van die soorte is geschiet

2765 2431 264 152 a 7 d

620 2464 989 172 Brussel Vicolaes de Bactogn

843 2582 2413 166 In antw. aen den ul van gisteren hebbe present geen grijse de sijnen alleenelijck

881 2672 2348 162 eenste noorts volgens ul stael, dogh ewaghte in ontrent  es ul connende

871 2814 1134 140 inst doen gelieft te comand

2355 2856 239 129 8 ditto

1926 2888 363 118 Antwerp

605 2900 745 146 Leuven Jan le fevre

870 2968 2412 107 mons den ul van 23 passato eerst 3 deser ontfangen ende volgens gegeven

873 3070 2406 121 quitantie maer hondert sr dens dencke dander vijstigh dese weke comen sullen

863 3121 2424 115 ingesloten heeft ul staelen van de lakens van mijn flbrigue die ick onver

880 3196 2409 116 cocht hebbe ingeval ul daer eenige van gelieft hebt maer te commonde

868 3292 2384 103 op conditie van contant gelt a ƒ4„ 10 de stalen en iomen maer ul de

870 3340 2354 123 coleuren wijsen want de selve sijn beter geconditioneert int persen als

869 3418 558 132 anders sins blijve

2422 3439 219 127 8 ditto

605 3455 1036 179 Botterd Jan vander meulen

868 3550 2424 117 mons in Antwoort aen de ue van 2 en 6 deser en hebbe de wolle noch met

878 3654 2406 114 ontfangen soo dat des wegens geene tesolutie maken kan ondertussen oock

878 3735 2354 96 twijffele seer over het animeren van de selve alsoo 28½ stuys te veel is

883 3791 2378 104 ende tot amsterdam aen de niewe gearriveerde payeke segovianamet

875 3851 2422 112 meer als 17 heb besteet echter dese arriverende wort ul het noodis

869 3936 2406 136 geadviseert verlange te verstaen het arrivement van pint van hul

875 4012 969 124 en naer groetenisse blijve.

4471 197 893 135 Antwerp 8 ditto. 1682

3316 188 715 158 Bermond Malliaert hoste

5872 226 120 81 288

3561 302 2481 187 Mons: ick vinde ul brief sonder naem aen mij geschreven met ordre om aen ul

3565 406 2473 146 te senden twee witte en een roij karseij de 2 t witten sende ick heden per schip

3579 484 2438 143 leyns het rood sal ick ier naestin senden alsoo het selve noch met a

3585 566 2444 140 droogh en was ick hebbe niste frisaerden ontfangen en sal in 8 daegen tijdt

3559 628 2446 118 noch mierder partije bekomen ul iets noodigh hebbende gelieft te men

3575 706 2441 138 commanderen ben van alles wel versein behalven gelt pgen hebbe ue

3575 788 2468 144 oock ontfangen 4 gouverno daer en tussen danckt mij dat ul mij vergeet

3580 858 2455 142 want ick op die maniere gelijck ul met mij doet geen crediteuren niet

3581 923 2419 128 can betaelen sijnde seer verwondert ooek ul traege betaelinge als ul

3591 1002 2425 168 wilt goeden koop hoopen den moet ul wel betaelen oft anders isn

3569 1062 2275 155 daer niet in te doen verwachte een partije gelt van ul blij

3324 1120 1069 178 Snnsperts inhee devallego

5167 1165 621 123 9 oct° 1682

3581 1227 2401 177 sende3 1 loolaeen dobbel parkettee aen ue p adries daer

3556 1384 2449 101 vore gelift sorge te dengen,en volgen d'oodre van mons temy

3566 1451 2415 120 maynard aen hem ten eerstert expedieren hebbendet portallhier &

3581 1525 771 126 ul governo van

5156 1547 531 179 9 oot 1682

3338 1613 907 151 Tunnhout ellen samen

3582 1707 2385 151 ick ben verwondert den in siyn woort niet een hout en aen mij

3570 1860 2443 110 tijken sent volgens gelofte rest dat in mij de naeste weke geen tiijhen

3587 1914 2440 131 geloft te senden, sae daer naer geen aen veer den uont mangelen modt

3592 1970 1613 150 het een goet bj d'ander wesen oft andes gelt

5334 2024 497 161 9 oct 1682

3340 2035 1013 176 Turnhout Batt verstralen

3588 2142 2341 126 ick ben verwondert dat i mij niet en voldoet, het ol lanck

3583 2219 2415 137 genoegh geleden, en gelieft ue met discretie mij geen contantement

3542 2320 2492 83 ue geven, ck sal myn best doen om het te bekomen. gelieft ue mojtie

3586 2396 2408 89 de moeder van mattijs diels te seggen dat soo sij mij nieten komt

3589 2470 2443 138 voldoen datse haer geloft tn waghten van scade, alsoo ick niet lange

3584 2534 721 131 wylle sumileren

5280 2538 452 170 9 oc 1681

3339 2616 981 167 hionhout Jan verdonck

3583 2695 2387 132 ick ben verwondert de in enarriere van handen eerlijkk lieden

3577 2833 2372 107 betalen hinsculden, en houden hier woort tick aen benaemt dat gen

3569 2877 2344 121 soo ipbitinent derst sijn mijn fort te komen afhalen inde

3562 2945 2378 124 het selve niet te voldoen volgens mij geaccordeert sijn en daer

3580 3000 2434 172 vjlcow, im stadt te koen en niet te presenten, ick versookeu

3559 3077 1741 122 2mij te voldoen, oft ick sal het ul doen doen

5379 3197 267 164 a 9d

3361 3212 727 156 Lambray Pluhy nicaisie

3574 3318 2384 139 le 6 cnrestoit cont  manique  suis est ven seys m. Francaialle vre

3564 3412 1244 148 hmy, g sln at donne uy assuran

3569 3534 2265 168 le 6 cour. estoit cere g ma darniere, je vous envoye & la barqu de Brussel

3576 3639 2420 150 med. de vos la mauhandise & vous vendu le  pas, dans un bolotde marcque

3547 3733 2314 151 INN.S. I espere qu'il sara bien tost eles vous, & que vous sera anime

3557 3824 2384 173 de comander en sond n assurant que se ne man quray

3604 3989 2308 131 pat devoin bien senoim entretemp, j'atbendra oppre r rmise

3585 4025 2397 160 on ov. de virer sur e 4  m. Bancoulle & son retour d llane

3559 4171 2375 125 Rvos avez quelque evelle mode aen vos, on de ay envoye ry des

3552 4253 2384 171 eschantill ons pour fair icy puye drops alaverant &us meferes blasie
