8419 4642
1895 213 832 131 Antwerp 19sber i62

714 203 786 152 brugge Rophael Coots

947 339 2406 170 M ons gisteren was aen ul mijnen lesten, waer aen mij referere deser allen

957 453 2402 152 tot versoeck dat soo haest thomas porter arriveert ul het pack met spaens

976 533 2381 134 lakens N 45 per waegens geheft herrewaerts te senden, mits conditie, dat het

952 630 2412 114 selve soo halft, als de hulse packen konde hier wesen alsoo tselve niet eerde

983 697 2378 125 noodigh hebbe, waer wel om die tijdt oft een dagh ten langhsten langer

992 772 1769 130 wat passeert verneme geirne en naer groetenisse blijve

708 817 950 152 london  henry maynard

2172 843 287 145 19 ditto

969 913 2374 143 B my last to you on the 12 courant with remise for £178:5:6 sterlu

980 1017 2337 137 in 2 sererall bills for yd aust, which I hope is com fafe to yd kends

948 1086 2290 133 sence rec yd of 4 p ditto: yd bill for mine autt of £109- shall

968 1180 2347 145 beduely descharged, I supose excull fall much more cusseed of pafing

959 1259 2341 117 because of the gallivens beeng arrived in spaine, I shall endeavour all

966 1362 2309 106 I can to compley imss you in all respecte, will knowing the arhiles

978 1434 2343 130 of our aggreement, in which shall no neon feule for as much lyes

964 1501 2272 101 in my poever: shall give you credit for the goods shipped aboard

982 1585 2251 138 cramp, p enpect the nortrens to conce by pindar, soo mish is

977 1660 2344 114 well arrived att ostend, inclosed & instructions for one bale of sine

983 1734 2304 146 cloathes more which pray & dispasch as soone possible, for shall

969 1807 2359 158 much want them haven haveing sold all the bale N 39 butt 3 piec

974 1898 2378 137 resting which will go of quickley endeavour to have good goods, & inlcour

962 1978 2390 119 I have reed the 6 & silver marn they are of the long ones & tisshim you

974 2064 2287 79 must solliecte the make the make to for mar lenght I goods nees

945 2143 2309 127 for these are tothin & the lengh tis not ast all considered of wee had

961 2218 2313 115 had is p more before now they should have seen sold, butt they

971 2290 2359 112 cominy solate will do no goods, for the faters must have most their

953 2375 2343 139 provession teady by sber. whower you pleaseto procure no lest then

973 2487 2319 94 10 p before castonas, & in case be well make the formar sort in

960 2568 2353 107 lenght & prife, aggree with hin tough for the 15: in case in bandiere

961 2612 2285 168 sende any packettes of lace to me, I'll take carcto dispatch them as

942 2680 2334 150 do for others to m valego to folloo yd ordres, pleascto in order yd

962 2792 2356 163 freand in the north to yett 15 kerseys 22 yd & 15 of 30 y of the ver best

976 2857 2383 177 sort to be dyed redd, & made as broad & long as possible & of a goods colleur

977 2971 1429 134 as formerly whah is the need full from

2223 3041 287 125 19 ditto

689 3052 1149 157 &non m thoncas ceastabrooke

976 3119 2378 173 Ef haveing receaved the white perpetuoncos which you sended mee, finde

965 3236 2352 110 them much inferior to what for marly I have had boath in weight

950 3317 2363 122 thickness  lenght, besides they were not eqaelly afforded, they soud

966 3424 2368 88 should hold 24 a 2 sldwieght here, & saese hold sonce 20 p batt 20½ a 21

982 3514 2306 82 yd in langhs as far thest, which makes them ensraordmang deare

967 3560 2396 128 & not to proper foo what I must have them to, all this I thought

971 3654 2371 112 good to advise you because I would gaine have one bale oore of 12s, et

977 3737 2350 98 ½ yd broed & of a more sabstantall ware, broatk in weight, broats

969 3796 2309 136 I lenght, Iand thichness, for those good qualitas sells then 18 am

968 3905 2297 127 contended to allou more porther prises if they be accordingly

966 3978 2349 124 tbeough 3 a 4 ƒt a p more not whit standaing I had for marly

965 4046 2241 119 a the the 62 st which were wheter by 6 ƒt to then you cent

3398 177 798 139 brussel Joseph Sabberton

4549 201 796 132 Antwerp 19 sber 1682

5912 215 187 101 233ƒ

3563 286 2385 128 on the 17t courant worst te you the needfull, y rasterdny are boath yd

3576 404 2424 111 duble packetts sent to meuport vile MD.W in the income while I confinde

3570 483 2360 123 no dutch & engisch bookes to my minde minde as yett I have this day

3576 573 2418 130 receaved some clouthes from london in which I finde for you Meethinks

4515 646 718 128 84 p black sulck kose

4498 712 634 107 108ditto a la mod

4216 768 641 118 N 7 gt. 6„ col

4537 838 613 143 12, women hose

4528 927 402 94 22 y ditto

4297 873 84 143 5

4301 965 882 123 8...6„ cloaded ditto

3572 1025 2409 174 I shall expect yd order what to do with them whulst also desire that

3576 1140 2356 131 smale assort of lace mentioned when with you, which is the needfull

3575 1200 709 159 att present from

3398 1274 720 170 brussel stephanus Knnts

4691 1318 278 154 19 ditto

3569 1441 2472 148 mons in antwoort aen den ul van gisteren, heeft ul wel gedaen met over te

3559 1556 2420 98 comen, alsoo mijne meeste goederen niet voor aenstaande donderdagh hier

3559 1603 2491 158 sullen wesen, alhoewel heden 5 a 6 packen hebbe ontfangen maer donderdag

3561 1711 2434 144 komender noch 10 a 12 en den sal ul aen alles connen gedient sijn, soo

3576 1774 2381 163 bayen kerseyen als mede de lakens daer ul de staelen van heeft waer

3576 1857 2342 163 r al sich mogh verlaeten, sal evenwel ul den precisendagh noch

3558 1949 2504 131 schrgven op dat ul seker sijn soude a gouverno, nu naer lanck soeken

3568 2031 2482 122 en examixeren van ul quitantien soo bevint de heer horen beke das het

3558 2095 2466 149 capitael van het briefken van ƒ 234 siaers vercocht met den intrest

3561 2195 2400 135 ofte verloopen van dien en aen den heer oekemans soo dat daer niets

3568 2247 2411 121 een dayh van is te verwachten tgene van ul vrint seer qualijck gedaen is

3556 2327 2478 166 syn capitael ende intrest te vercoopen en ul daer op noch te bewijsen

3571 2434 2481 117 dandere van £73: 8 25 seght hij sal betaelen maer noch wel 3 maert

3563 2503 2444 159 sal aen loopen, om de waerheyt sof te seggen ick sien daer niet veel

3576 2606 2375 138 goet gelt voor ul van te crijgen en ul soude sich beter niet hun

3599 2655 589 138 verscheren blijve

3401 2723 864 169 brussel anna mana de vos

4702 2752 276 157 19 ditto

3569 2852 2459 146 jouff heden hebbe ul toegesonden per beurtschip een pack gemerckt M0

3572 2956 2371 76 om tselve niet all spoet te besorgen aen mons piere meurant van

3553 3027 2378 130 bergen volgens geloove hij ul mondelinge sal hebben gerecommandeert

3578 3093 2266 159 ondertussen soo hij noch bij ul comt gelieft hem te seggen dat den

3570 3210 2489 101 geprotesseerden wisselbrief van ƒ 800, soude betaelt worden, waere

3558 3281 2154 78 dat hij nu hier was, alsoo daer provisie is voorgekonem blyve

4684 3349 298 145 19 ditto

3404 3345 986 145 brussel Jadocur de sadeler

3561 3443 2337 113 moes volgens ul ordre van 16 deser soo hebbe aen ul per beurtschip

3589 3522 2474 174 een root laken gesonden, de weder gae, vant gene ul voor desen hebt gehadt

3560 3622 1189 141 sijnde oock N 1058„ 43 a 57 a 48

5690 3637 303 111 ƒ 136:16

4618 3678 924 173 aft 8 per cento rabat

5634 3725 335 159 ƒ10:10

5719 3790 264 129 126„6

3584 3813 2294 184 ondertussen gelieft mij te laeten weten hoe veel ul voor een fijn root

3580 3974 2443 112 geieft te beteden om naer advenant de reguleren waer mede naer gooete

3413 3981 852 164 brussel seger vander borght

4720 4031 243 116 19 dito

3580 4105 2445 96 mons hope al wel sal fijn thuys gecomen desen alleen tot coavert van ul

3544 4183 2479 88 facture de welcke ul daewort bevindende gelieftt vervolgens te gnateren

3564 4259 2260 112 den heere laet ul alles salvo tot continte ment geworden bljve
