8023 4601
811 202 2352 123 yd expiriency will teach you the needfull, I hope each packett comes to

796 277 2312 93 yd handes as I send itt & then you will see, the fine ness off itt I have now no

798 347 2353 103 more laces, except a few curious newest pattarnes which are up on the cussons

812 417 2302 104 & will not be ready before towards which time exspect allarrived &

810 495 2368 143 most part sold off to content & ta finde a further or dernnew instructions

798 573 2359 130 for the longer I doitt the better itt will succed & where as others must allow

809 641 2356 118 3 a 4 pr for buying in & fould ing, I do itt mij self & have the laces from

798 731 2360 110 the worck wemen selfs so that I rekon can advance the provision note

802 818 2238 140 that way, where fore am of opinion to have them as cheapas ett can

810 903 2305 138 be exspected from any other hand what sosver: I have here a fabrieck of

804 970 2362 164 tijkes which are much demanded in England & have some thoughts, that

793 1068 2320 127 wee could fould a good parcell in them now & then, for thought the

804 1161 2320 132 packes be opened att arrivall in the custome house yett I do not beleanc

800 1229 2244 154 that they open & insold thetykes, which pray in forme yd self of

796 1316 2362 155 privately & in case you can dispose of tykes could send now & then

801 1399 2371 119 a pack for returnes itt beeing a como much demanded in England & of

797 1518 2341 82 which I have constant orders from m John loyd & others which must

796 1595 2350 146 remitt. their monyes to that purpose, so that you beeng in the least

797 1686 2341 121 in corridged qive mee yd orders & I shall endeavour to incorridgetae

800 1740 2323 165 continuancy of our correspondency my next shall carry all acctt. of

807 1842 2271 114 sale to mr. Cole & then  thinck they will finde some moresatis

786 1925 2320 146 faction for I have the least thoughts not to dowell to him or his relations

784 2033 2380 133 that hathe been so kinde to mee of which you &  freinds may be intunatey

806 2084 1262 147 assured whilst I rest with kinde salute

2209 2097 791 191 In Antwerp 22 feb

522 2109 915 174 London Henry Maynard

1828 2229 118 72 th

787 2217 2305 136 S my last to you was on the 18: curitt sence recd. yd of 9 ditto yd bill for

794 2337 2242 133 the ballance of my last acctt. shall be punctually discharged, so that

798 2386 2274 137 our acctt beginnes with the 2 new bales 1& 2 of the catter finding

786 2466 2350 105 now the invoyce & pattarnes, rekon there will be broewne culs enought

783 2555 2342 146 sothat the brownest might be onely acurrious gold & bluck menture

765 2642 2244 93 the rest as desired & to that soutt sent last, because I feare with the

779 2710 2291 149 summer so mony browne would lijd on hand so that itt will be nessecay

755 2791 2333 155 to assort the rest with the most pleasants iullours you kan finde as desired

778 2886 2296 102 there is fl. hath send some curious new assortement to one hoosendael

770 2960 2212 119 here is cheef corespondent & a greind of mine that saco the patt

783 3044 2305 111 sold mee he neser saw so curious pattarnes wherefore lett mee intreat

779 3103 2286 144 you to be very curious exact in the rest of desired spanish cloathes

772 3174 2287 119 nay for feare of a miss, in answer here off send mee what new pass

765 3240 2341 128 now are come out whilst in the meand while you shall be aproviding

781 3335 2323 160 of the 2 following packs spanish cloathes in which no pleasant light

763 3417 2302 142 lively drap cullours may be neglected. I have in ordered a fers mocts

777 3515 2308 123 to them to be added 3 blew cloathes viz one of the lightest sort an

776 3631 2260 118 other of scome what brouwner & athird of the brownest blew sort

780 3703 2284 100 & of the best sort of 5:10 a 6  a 64 penie ayd the mochs & bles

753 3781 2251 105 to be one bale besides desire you to provide 6 demy cottons red of the

778 3866 2169 99 bestcullours in prijses of 25 a 26 pence a goad white an dan other

752 3972 2366 131 coschester bay which I have found by other in voyces cost about 23 a 2½

756 4053 2359 113 pence p yd, whoever provide that as best you ian & lett itt be sent with

762 4104 2196 155 the redcottons in which in scawen will pack somd callicons

748 4251 2314 103 you will gett the devonshire & swanskins bayes which is well I hope

767 4292 2356 121 you shall have bought the fine ones of spanish woolmentioned bon

3539 215 2413 99 before & inclased in the same parcell hence forward shall remitt for yd

3538 296 2360 94 acctt. as best I can & exspect the whites pr. first & seeng they are so deare

3536 349 2393 118 must advance here acfordingly as soone I shall receave the goods in ordered

3498 421 2444 119 from the north shall be able to advise you whom to stich to for the future

3509 498 476 119 & so remaine

4266 500 1659 128 this amiddling blew one must be lighter an other

3530 579 678 108 to & the 3 browne

5117 559 809 197 In Antwarp 22 feb

3298 626 751 145 London Henry Collier

4568 642 95 137 th

3516 690 2413 172 S in answer to both yd of 4 & 7: curitt TH. will be suld next week with all

3523 760 2359 175 rigour possible, till an to the 2 bills the procuroud, s hould have proceeded

3521 870 2405 126 this week butt thath been indisposed & now recovered: John Pickley hath

3518 946 2322 147 been att bruges well 2 months & this day sace hin on the exd. againe

3512 1018 2381 178 I exspected yd small pack of cloathes here yett this day & hope to dispose

3528 1086 2403 152 of y sudd amly because of late non arrived & these will moy the new

3519 1155 2438 176 dcties: I observe you will furnish a small pack of cloathes, I could wish to ave

3513 1238 2432 185 some thing needs & curious for I kent hath sent some to his freind roosendael

3507 1332 2411 132 which I understand are rare, & not knowing what news there might he

3527 1414 2318 159 in fine goods could wish you might match not onely the patt. outt

3521 1491 2365 173 some more thing rare besides, of which then see the pat. shall give you

3490 1580 2407 170 my opinion you bill for £200: shall finde acceptance butt pray lett

3524 1693 2398 136 that be the last for yett a while the in closed please to deliver & & in case

3508 1771 1536 139 he begon, returne tomee & you will obligee

4960 1771 937 218 In Antwarp 22 feb1

3259 1814 831 179 London Rich. Southell

4614 1900 116 97 th

5402 1964 48 57 2

3506 1954 2400 120 S. my last to you was on the 18: curitt sence recd. yd of y ditto when you

3516 2002 2344 149 in these contreys againe att our meeting wee will settle all things

3515 2105 2345 116 knowing you will do yd ut most to promots yd as well as my intest

3514 2186 2402 117 whilst you be in England: if you approve of itt I may order in maynad

3518 2250 2346 100 2 pack ortwo of northrens butt I doubt itt will not do neither Iam

3523 2329 2396 119 sensible of mr. Chippings dead for I doubt A.V. will not be able to serve

3512 2441 2383 92 my turnes that I must finde out some other freind in the north, sell

3506 2496 2386 121 m. Annes lay not to omitt the s½yd white perpetuanes Itake notue

3503 2565 2405 117 of the atte station you sent mee where in I observe nemine contradac

3508 2643 2398 123 ente well how would you have mee only contradict itt nay thougg

3504 2752 2386 97 itt had been as much againe, butt whilst itt is no more pray lett itt

3498 2804 2419 116 so& vemember mee to all freinds & asseure them that I am thew

3259 2815 869 187 London thom led gin ghem

4306 2929 136 70 th

4916 2873 963 172 In Antwarp 2 ½ d 1681

3489 2919 2313 199 S. in answer to yd of 22 pas. desire you to provide in peces of 12 yds

3491 3055 2384 126 white perpetuanios, as now twice you bought for mee & do yd ut most to send

3490 3097 2414 166 good substantiall broad goods & make y up in apais to be shipt off att exon there

3508 3203 2368 136 beingnossa versel ready the valess you will finde by in Arthur Annessay

4352 3282 64 60 mo

3515 3285 2247 93 as the last pray dispach I. as soonas possible & you will oblige

3260 3312 857 163 Brugge Raphael Coots

4871 3336 1023 169 In Antwerpen 24 feb 681

3498 3422 2326 170 Mijn h. in antwoort vanden ul van 19 deser referre aen mijn twee

3491 3526 2386 125 van 17 ditto den welke geloove p voerman beneffens het paxken cante

3488 3590 2422 106 N12, ul sal sijn geworden ul respice wegens het paxken gout van 12 dese

3498 3680 2308 115 is maer eerst over 4 dagien mij geworden also den bode het selve niet

3499 3746 2347 137 af sendeten sijde weirde daer voordaen ontfangen satuydagh savonts

3489 3825 2387 133 is mij het pack A8N. 22 p voerman geworden hadde gewenst

3477 3880 2405 171 N 21 daer bij hadde geweest alsoo den om d'ander noodigh hebbe nochtas

3489 4009 2346 117 verwaght hedenp Jan dobbelaer tselve sal arriveeren beneffens de

3482 4076 2412 143 doij andere packen ofte anders mij peeiudice sal bij brengen, oversh

3470 4200 2287 138 ditto dobbelaet vertrocken sijnde & dat Ben: clarck eert daernae

3484 4288 2116 180 costij was aencomen sal sal ul deselve packen p barijen
