8556 4629
1091 216 2251 95 and m. Joseph Sabberton doth Sronuse to send no paccketts of laces for artwarg.

1106 260 2285 152 to be forwarded, butt what shall be consigned to send a bove witts sok n hichiel

1104 337 2266 164 Melijn, where of he shall allow for provision of sending forward 12 ffor every

1120 444 1257 153 packett, besides other charges of port &d.

1101 504 2261 182 alse to send him the vere best goods for their pryses as possibly he cangett

1106 594 2280 153 so serve hun dircetely or Indi'xcettly as well as lyes in hispower, & that

1121 696 2254 184 providing & buying what he shall in order shall thke as good care as for my

1111 813 894 163 other correspondent what soever

1100 926 2269 136 and thathe shall endeaveur to make hun gett ertfer by apc hange for recaavery

1098 1009 2273 128 & paying of monye, of what elee he can convenientlay imploy him n whis as

1104 1106 2275 141 much care as if itt were for him self to promote his atrest in every respects and

1106 1188 2177 131 this for one yeare beginning to op 1682, ending 10 ap 3 upor for

1119 1300 649 128 juture of ƒ301-

2440 1288 528 206 6ap 1682

827 1381 725 191 Lille jh Sathell

2481 1438 53 89 lh

1087 1429 2291 215 though suritt unito y on the 24 & 31 past & desired prsentensaet

1073 1571 2291 164 yett fende noysels without my frangen anwhich jhusciwonder

1101 1641 2284 177 fert Iam wit alittle concerned what oodo, themobe

1114 1706 2217 162 uyt no trescave aletter franst. Eubbteluck he fagen

1112 1789 2154 180 Bengage £30 rsming biles which sell den

1112 1869 2172 158 lis weeck I have ps £200 fer his honor but non Jon

1118 1946 2222 151 donoinor so mimst sasfer the her to goback ea vann

1103 2018 2239 213 chis weeck to pay £430 st ot his bills af my ara

1081 2092 2095 187 lest onvehave y emer att large ten llst hres

2683 2168 486 158 8 april 1682

851 2254 711 139 London Hemy collier

1105 2246 2279 240 my last to you was on the 4: cuitt to which referto you som

1111 2362 2280 195 & no better news to be advised from 18 & & by ns of 24 t past you

1139 2458 2255 212 say he hath £300: morcto pau felord help hune & noth fo for  wit

1103 2534 2277 252 for I can not so please to provide som what accordingey foititt

1144 2642 2197 201 will certainly returne II do not heare here is on bill bayd, sence John

1120 2745 2239 187 de coninck did itt nos I could with with all my heart you were here, & I astre

1126 2881 2247 157 you no man ever shall be more welcom, in case you come, & truly itt would not

1132 2957 2217 161 be a mis to cleare all yd. Intrest in this side, butt if you sould come, & not lodge

1117 3074 2241 132 with mee, I should take itt vere nn kindely: mathers here are some what fallen

1131 3184 2235 108 them I bought att ƒ 38.1, could have att ƒ36„10 a ƒ36, & the same condition, butt that

1136 3245 2214 179 is, because every one, hath provided him self as best they coald, & now they will not buy

2829 3368 286 120 a 8 opl

875 3378 752 180 Londen m. George Cole

1145 3435 2160 214 mij last to you was on the  curt. sence non from you, yd cloverseed

1131 3563 2202 146 are ships aboard Ewings, whr is now ready to saile m. Coots has send

1113 3649 1907 145 mee not yett the charges, so s nept post the acctt. shell follow.

1117 3760 2237 161 m. loos TWntes mee to have drawnes for my acctt. on you £50- which I hope

1135 3859 2181 173 you shall have accepted, though I wrott you to the contrary  my last, & whete

1128 3961 1485 160 you draw itt on mee, shall be pontually discharged

5529 208 511 141 6 8 ap1 1682 138

3469 203 709 160 londen m. Abram Vivian

3626 285 2399 145 I have before mee yd. of 17h past, with invoyce of bayes bought, which I hope

3557 399 2494 129 ane ships aboard Pindar, tho is to sacke first. I have exspected sence to receave pe

3596 492 2393 128 of shecloathes desired as also to heare suither from you, though I exspect the hou

3622 579 2383 111 to see you here dayly, & then to in large by word of month, so pray in answer

3598 700 2451 132 hen of sett mee know what passes to goad, mj self accordingly whilss now I remanes

5550 792 242 112 68d.

3466 760 674 144 Londen m. Henry Marynard

3611 843 2429 176 mij last unto you was on the 4t ccortt the reds then mentioned must be assorted 2 of 48-

3619 1012 2427 102 2 of £9, 2of £10, & 2 of £10:10, & 2 of £11- on auroiard to make a good affortiments

3630 1061 2392 170 for I have not a bove 28 in all ressing yett I must have good, and penniewortht

3622 1191 2365 132 or non, now have percaved bouth yd of 20 & 24t past, where by you will provide

3607 1268 2420 108 the pack whites mentioned, & the 3 resting G.W. silver marck, which is soone as you

3595 1373 2424 148 have you must engage him for 5 or lo more. I have given you creditt for the

3613 1450 2424 185 goods aboard Pindar, which ray god send speedly over, also ben: clarck, butt itt makes

3618 1567 2392 137 vere heard weather upon our coast, I can not butt wonder why you should ship so

3612 1687 2387 117 many goods for mee in one bottom, whece you have the contrary order, & there by

3612 1796 2383 131 all the cottens, & callicoss in one the same vessel, that is the right way to bring

3612 1868 2389 118 mee either to declare the 90dds, or to loose them att the ensue att Bruges, for

3617 1966 2402 137 besides that I beleave that slanck shall have opened some of the packes if not

3618 2068 2410 119 all, seeng they came last on his board so itt will give suspition, where as to the contrane

3621 2184 2387 142 iff in each vessel there is one or 2 packen they mught pass, I wonder m. Scawen would say

3606 2284 2398 122 that I am in haste for them, where he knows I have yett such a quartitie by mee, & did

3595 2362 2436 133 itl onely to have them come wish good time & leasure. Inclosed the acctt of sale of the

3592 2487 2448 98 3 moits last, where by you will finde more of the old goods sold, then I exspected, so do

3608 2536 2433 162 my ulmost endeavorr to putt them of well. I exspect to know what is solution you have

3604 2638 2433 153 of the makeing of ssammets, as to the pattarne send you, as for frises, mee thinckes

3615 2784 2399 105 itt where best to hold to severall drop cullours, because the browne do casely spot

3609 2873 2399 107 if they be not mixt, wall sent of drap cullours will be best, butt non yallowish I boutt

3603 2972 2417 113 I shall not sell that com as least yeare I could, in case J.S. of Brussels hath

3616 3041 2386 103 the same, for he hath given them cuurant by att 3 a 4 Itivers anell cheaper then

3609 3159 2414 115 I did: the walloones begon to demand them last yeare, which would partely incorridge

3593 3232 2405 120 mee to have an other touch with him in July, butt recommend the makers to stop the

3610 3319 2392 114 holes, which they leave so many in them, besides great faults of witts some ½ ayd

3608 3420 2395 117 long: the bustijnes of JB. seem to bee not vere well revery day bills on him

3610 3550 2359 106 potessed, fure he hath been over charged, for I do not know who would accept

3601 3588 2378 164 so much att a time, yett I hope non shall loose ly him, I doubt you are much

3591 3703 1614 147 engaged, I shall endeavoair to send you more remises &

5276 3715 527 177 2apul 1682

3476 3776 488 140 frindon John Loyd

3636 3856 2362 112 his cheibly te conveythennlosed bill of loading of y desired picires

3592 3928 2350 101 & fraimes which cost aborrd ƒ73:3 for which pleeasite gid mee credit

3618 3992 2371 120 they en 12gb which I doubt rot butte will gide good content, I have

3617 4102 2377 71 ordere dhem not te enter them att theintirne kouse accordingt vys order

3631 4117 2356 148 I haceve 20 laggs ofamonds fromcis hntiey for yd acnt. itt theyleann

3627 4230 2386 81 enne after ealster t doribt vallnot rendertheneperted pries, I shall

3617 4262 2399 108 have a puck of likes smpese uithus ½ meas jcanseyen pleas to

3619 4350 401 76 emand
