8255 4595
994 212 2263 142 do not for gett the worster frises, they ought to be here about ½ august

1018 298 2263 98 a gouvenco: I hope you remember the packing press. att least I could wilh

1001 378 2229 85 to have moddee made of wood as they are, and how they are made fast

1012 447 2272 132 in the ground, thought the moddle should be butt of a foot sguare andmade

994 520 2315 130 in aboue then I shall be able to gett one made here, so lett mee haus either

1000 605 2282 124 of them as to the concernes of mr. peeters, I wrott him what was needfull

996 674 2309 100 butt they give no answer besides the 2 billes are not to be found in the house

992 765 2116 124 of the widdow bouwens butt the erecuteurs promised to chearck

969 837 2305 128 for y. they beginnd their sale withim 10 dayes, so that will suply our

1002 917 2286 95 customers some what besides next month is our deadest month of the yeare

1007 988 2299 126 whoever I'll do all I can that my endeavour may content yd exspectation & sorust

968 1059 2253 127 P.S the bills on JPB are found & the heires of the wid bouwens will

990 1124 2232 147 deliver them to mee & I'll see them satisfied: they desire that you

976 1190 2296 143 please to order them to deliver up to mee the 4 last bales of which 2 arrived

979 1311 2272 116 & 2 to come & that their acctt. might be discharged for the valew, which

994 1377 2290 110 is well if you be contented, for my part I could advise you toitt, thought

991 1467 2275 89 itt be some what against yd adrantidge, because itt will dous preiudicie

981 1533 2281 102 in case the goods be sold bij the candle, whoever do, as you please & send yd

987 1587 2278 112 in colation in closed my letter, that in case I found any thing to yd preiudicie

978 1663 2300 128 then I should detaine itt: all the resting goods which is butt of old stulf will besnd

738 1770 773 144 London Henry Collier

2593 1760 477 160 34 maij 1681

2033 1824 78 109 4

988 1889 2278 119 S. my last to you was on the 24: curit to which pleased fo be referred sence

976 1963 2251 130 rec yd of 15 ditto & accordingly have accepted yd bill for £50 st & past to yd

976 2034 2241 125 acctt. I must pay mr. Hnnsley about £70: s which I could not remitte

974 2145 2250 107 him this day att shortsight to rembourse hem where fore I hope you will

966 2188 2275 122 don mye the kindeness to pay him said £70 st & draw itt on mee att 2 uso

964 2287 2137 110 I have the news that Rochus lamere was ordered to come up from

968 2319 2275 138 grave jande to London, to give over his carge in English vessels so I supose

968 2440 2229 103 that yd bale is like wise reshipt I do advise you to write in yd bills

955 2505 2182 126 of loading to be for iyd acctt. & risico, whilst I long to know what pass

966 2565 2180 132 remann with - I could wish you could spare yd some in sHenry

979 2653 2214 111 to comem over this smmer with mr. Anneslay thathe might see f

970 2725 2195 95 any thing were yett to be dow with TH. which is nowere publickley to

970 2799 2100 128 be found thought his some is not amonghst the least gentlement

983 2892 898 112 & lives outwardlj like aking

2524 2906 509 115 31 may 1681

723 2920 922 156 London Arthur Aimeslay

2006 2951 194 117 th

975 2993 2279 124 Sr. I have before mee yd of 16: curitt you may be confident of the simen

973 3070 2287 119 desire I have to do you what service I can & could wish I was able to make

975 3153 2232 98 yd mony wort 20 Pord inyeare, butt trade now is to low: yett I hope

979 3222 2205 89 you accept of my endeavour, att the latter end of next month shall

967 3294 2118 129 send you anecctt: when I hope to cleare the rest I take not ice of the

962 3359 2238 129 invoyce & pattarnes yousent of the 2 packes N13 & 14 aboard John winghs

959 3445 2183 108 for our acctt in comp. from Exon he is arrived about 6 dayes sence, so

951 3530 2210 104 that the goods are dayly exspected: I could not finde any bill this bay

962 3627 2207 83 to remitt you for my halfe share att sight, where fore have desired

962 3671 2235 112 mr. Colliers that he should pay you £70 st which I exspect that he shall

950 3747 2196 127 do as soone you receave invoyce & pattarnes, for the rest in ordered please

950 3871 2278 92 to send itt mee Ill endeavour to remitt you my share presnntley, that

957 3921 2160 122 you might not be in discourse for my acctt the cullours of these

956 3993 2112 150 2 bales are indifferent, how the goods shall provs shall advise

959 4094 2144 146 you p. next exssoeeting themhere by that time & remaine

3351 171 760 140 London Willamm pnde

4342 228 166 86 th

5028 243 872 97 Antwarp 31 maij 1681

3540 256 2357 111 Sr. in answer to yd of 16: curitt do send here inclosed the pattarnes of six

3547 351 2355 110 shallones yett resting insold, which I have endeavoured to sell according a

3536 426 2367 101 goods now ard butt itt seems I can not make that price for them becauuse

3524 499 2385 96 they are of a to dull cullour & to narrow att the latter and of time shall mak

3530 550 2391 110 up yd acctt. & if possible cleare yd ballance I could wish I was in a way to doye

3521 624 2394 87 better service, then be therto, I have bemable to do & so remaine with kinde

3527 696 313 96 saluter

5601 723 197 73 miy

5263 754 644 109 Antw: P Juny

3334 731 987 137 Amsterdam, De Hulter & van homright

3538 788 2342 158 mess. in antwoort aenden ul van 29 pass. sijnde de 30 vatten boter p simon Claes

3523 906 2294 88 gearriveert, ende sal voor de selve het beste doen als voor eijgen op 29 hebbe aen ul

3523 950 2394 150 geremitteert £131:6: op sight ten last guils pelgrom in banco waer voor alh

3509 1030 2387 147 £130: hebbe getaelt & al in rek gedebiteert en wil niet twijffele ofte de selve is ue

3523 1118 2367 104 wel geworden ul heeft twee balen primo segovische wolle gekoght al hoewel

3524 1187 2327 104 maer een had geordonneert dat eghter wel is, maer ul hadde behooren volgens ordre

3526 1209 2376 138 maer een op bredeal te senden want derwaerts maer een noodigh hadde & de rest

3523 1329 2397 107 herwaerts te senden oversulx wenste peeter Rijns niet was vertroken opdat ul hem

3508 1389 2272 113 maer een hiede geeft ende vander bale p beurtschip op antwerpen mij toesent

3516 1459 2382 95 dewelk soo mogelijk is gelieft te affectueren hebbe het monster supera fine

3515 1546 2388 92 soria segovuna gee gexamineert, de selve animeert eenig sins tot den koop & waert

3505 1614 2410 103 saeke versekert was dat sall volgens monster soude uytvallen soude wel pertije

3518 1715 2376 93 begeeven terwijlen op hope van dat succes versoeke uyt die pertije 6 a 8 balen

3505 1751 2416 117 te doen koopen waer in perticulie kennisse gelieft te gebruyken alsoo het versch

3511 1844 2407 101 seer veel kan wesen, waert sake onder hant sleght viel soude liever geen begeiren

3507 1936 2406 103 oversulx tot ul gouverne, renvoye eendeel vant monster waer op gelieft

3509 2010 2358 83 pre causius te doen letten also vanden in koop onse meeste avantasie dependeert

3504 2040 2401 122 overso soo dan gelieft in alles te minageeren als voor ejgen en ul antwoort sien

3504 2136 2415 94 p eerst tegemoet, ende den in koop gedaen sijnde sal wel ul de weirde aenstonts remitt

3496 2201 1124 126 terwijlen nae groetenisse blijve

5195 2202 659 147 wij sijn 2 Juny 1681

3488 2289 2419 121 hier boven is copie vant geene gisteren met de spaensche brieven heb geschreven, soore ferre

3500 2385 2406 117 ul aent selve alleenlijk andermael hertelijke recommandeeren die ul debvoor te doen

3495 2441 2381 132 tot den inkoop vande vermelde 6 a 8 balen soria segoviana van die pertije uyt dew

3489 2513 2422 98 ul het monster had gesonden ende soo mogelijk is a 30 st te bekomen, dat eghter aen

3489 2581 2380 136 de gelegentheyt wert gereffeert, het principaelste sijnde dat die wolle maght hebben

3500 2648 2400 126 volgens monster oock anders geen, en soo die bij tijts bekomen & de selve animeert

3496 2717 1873 141 sal meerder pertije ordonneeren terwijlen nae cordialee

3477 2801 2415 119 het packie bossathie tapijten ELN.1 is p schipper Antonio penne op rotterd

3491 2877 2276 98 versonden Aen preter paisecour

3412 2944 710 100 daer van pr naeste

5202 2952 687 125 n Antwerpen: 3 Juny

3361 3006 751 109 itter pieter paisecour

3476 3100 2428 88 mons. sende ul pr beurtman Antonio pen een packie in houdende een kamer saijette

3477 3146 2434 114 tapijten gemerck EL.N1 droogh & wel gecondioneert nae soo danigh ontfanck betael

3489 3220 2419 129 waght nae reden ende volght d'ordre van messr. De hulter & van homright van Amst

3360 3279 524 122 illo Jan de grared

5563 3326 262 90 3 Juny

3466 3318 2435 175 mons. pr beurtman Antonio pen op rotterd te claren een packie ELN.1 met een kamer

3463 3449 2324 126 sayette tapijten weirt achtentwintigh ponden groot segge £28: en den onkost op

3467 3521 355 101 mijn reke

5576 3553 227 123 3 Juny

3345 3582 614 146 Rijssel mr. Richd. Southell

4346 3626 82 127 th

3475 3662 2355 160 S. sence I wrot so you on the 27 past non from you, the inclosed for m. Herreford

3475 3796 2379 125 which now I expers to be to his minde I have disbursed for itt 15  & formerly 24

3442 3876 2413 129 to have made you debton for 39 st wheve in elces I can seave either him or you

3458 4020 2421 89 you knew that I am att yd command: I am sorry that I could not remitt you this

3451 4088 2437 133 day as Ithought doubt lest to have don, so pray be not ostended, butt beleave mee

3429 4204 2480 110 that I am so straightned, as yet wer I was, whoever that I'll remitt. £100- non

3445 4284 1641 124 & suddainly more whilst I remaine with kinde saluts
