8515 4601
2407 208 897 119 In Antwarp 8 d 1681

805 228 932 112 London Henry Maynard

1132 268 2220 122 Sr. my last to you was on the first curitt sence recd. yd of 24: past I have payd

1121 357 2174 95 the £85:- you drew on the heires of mad bouwelis, so have made you

1113 416 2238 98 debter onmy acctt. for the netto £85:- which please to transfers accordingly

1137 480 2183 96 and when  receaveyd rest of them, shall note that on yd acctt. lekhoven

1138 562 2170 97 heengout of towne, will continue about 3 weeles before I shall

1110 611 2183 111 receav the rest, & haveing payd the whole bill can not part hem

1121 679 2192 127 £54:15:3 as you order butt onely receave the ballance due to you,

1111 740 2210 123 for they would not paythe the £85:- a governo - seeng, you found o

1137 800 2176 103 what kersies to my direction, you did well to buynow as for the

1124 880 2188 110 frensh, as yett wee have about 2 months to conssidder whilst all

1124 935 2219 105 the spanish forces are drawing togheter to hinder their inter prises, I van

1137 999 2151 92 not yett perceav any feare for badd debts in walled townes, & in the countrey

1117 1044 2192 134 I ge butt little or no creditt & though wee should be frenchified yett no feare

1121 1123 2178 116 neather rthe worst of all is, that the continuall allarmes, keeps back the

1129 1188 2087 143 sale as much as mony & wee might suffer some thing by beeng out of

1127 1251 2210 124 mony butt Ihope not in the leastaly bad deots, haveing (god be thanhed I last

1125 1333 2177 134 notthing yett: inclosed are the acctt. of sale of sber &  which please

1125 1393 2181 124 to peruse & finding wright advise mee when you come over r you shall

1128 1467 2135 146 finde as well the genall as & acctt. curitt cally, beeng butt littlever

1122 1531 2151 131 nothing behinde in mj bookes, & when you have provided the 10 desired

1117 1625 2214 144 pack whites you may make up my ccatt or rather bring itt with you

1119 1694 2219 120 att yd coming over & intend to inorder no more goods sunlles you pleyd

1112 1782 2228 135 to be speake 5 russ whites 6 N silver markes more of the broad lists for

1110 1845 2239 155 the besuites will not alter their custome of haveing goods as they are

1123 1910 2140 139 used to I do much wonder that amonghst the 5 broad lists there

1107 2008 2179 135 should be difference in goodnes seenghis one the sume hand the made

1115 2047 2167 149 them I wish they prove well, & hope you had not the refusall proy

1125 2151 2168 124 endeavour to persuade the maker to deliver p all of of one goodnets

1119 2236 2167 109 & take no narrow lists more till I see these 2 already ship: E have given

1118 2280 2144 141 you creditt for the goods aboard klarck god send him wel over: you did

1110 2381 2170 91 much better to make 2 little packes then to rem the resico of beeng

1113 2436 2220 139 opened aboad of the ships dispatch the E &WW. pack what is as sorne

1126 2531 2213 102 as you finde convenient. Richd pindar is well arrived, as also how lotson

1127 2582 2196 129 butt not yett the goods neither anynews of the rest mr f. bandier

1125 2674 2215 97 wrott mee that r. furnase ordered him for £40  more so the

1109 2731 2183 138 the whole will come to no less then £300  which must be payd

1114 2813 2156 103 reaady so that I shall not be in acondition to remitt you as yett, butth

1130 2875 2184 158 withhin  shall remitt you att sight for my acctt. which will serve you

1121 2956 2182 148 before yd going away there foredo mee the favour not to draw on mee

1125 3040 2142 142 not doubting butt that I shall remitt more then £30 £400: which

1116 3092 2214 218 I hope will give you content for I can not adide drawing: you ay

1132 3188 2208 151 be assured if any alteration of warrs should happenthat I shall

1117 3292 2238 127 take good care ford intrest &wrott thes day all that is needfull

1120 3363 2198 117 to r. shaughter andercouert of in. peeters pray endeavour anend

1121 3452 2198 123 according to my preposition for they are reall spoore & shall att last

1112 3509 2187 136 have hible or nothing to ave I hope you will be good medeaborfr

1121 3590 2132 155 I have don all I could, & am much desired there unto & do

1111 3677 2148 194 petty them for really I have no other intrest in the buslynes

1121 3779 1803 128 butt to help my freinds & to cleared of that concerne

2916 3826 76 65 k

2583 3836 545 131 2 Anty. ditto

857 3887 938 107 London, Abram vivian

1134 3914 2188 143 S. my last to you was the first curitt, sence rec. boath yd of 21 & 24: past

1134 4029 2185 108 Richd pindar is well arrived, butt the goods are not come yett I hope you have

1119 4092 2111 157 given order for 60: white bayes more according to formar directions

1136 4150 2133 148 of which you made no mention a long while  if you h in formed

1122 4202 2229 187 that bayes are pleat & reasonable cheapprovide 1oo p. assort

1110 4314 2238 136 fyoum 34 s toso ap to have with the first vessel some

3552 221 2433 81 att least && then wee will in order no more till towards next spring i

3555 290 2427 65 whilst in the meane while Illdo all endeavour I can to makes the best

3560 308 2345 114 of our goods & to prepare what mony I can to give you content & sot

3561 391 2329 115 pray advise mee if you intend to como over or no, that in case not

5468 436 521 104 Antw: 8gb 821

3559 464 476 112 I sald the rat

3409 467 1021 149 London Edimun warner

3550 486 2444 204 Sr. my last to you was on the first acctt. with invoyce for 2 packett of laces of

3567 568 2433 179 which I hope N.4 safe att doner before now N.5 must be att neuwporte by thes

3542 638 2448 194 time, I have yeasterday past my bill ou you att 2 uso for £89:10:11 in favour

3561 720 2458 162 of the widdow of Egidins van laer att 35:4 which is £158:44 flemish

3545 780 2454 152 the invoyce beeng £158:2 to which added 2  brokidge makes saie suce

5434 868 49 43 th

3551 839 2429 152 which please to give due honour, now receaved yd of 21: past accordingly

3547 907 2385 150 to which shall provide the needfull, beengvere well auquanted with

3547 982 2394 144 the sorts you meane, of which shall endeavourto provide such that

3555 1026 2444 168 no other shall out do you, butt must have some xas0 dayis te provide

3550 1116 2349 139 itt other wise if ell take asitt comes I can not so well p lease

3559 1135 2433 188 you for there is dayly leeces enough broughtto besoedhere b

3527 1226 2471 175 that to much haste in that trade principally in proveding go pre

4153 1356 511 99 do reman

5427 1317 490 158 @egb 168

3558 1363 397 111 audetie

3444 1402 791 152 Brussel Gudoius De Sadelair

3568 1423 2411 182 mons. in antwoort aenden ul van gisteren, en hebbe onder alle mijn lakens niet

3575 1472 2430 200 een super fijn geperst laken gevonden gelijk aen ul stael, als alleen een minder sorte

5650 1569 234 111 ƒ 150:-

3566 1594 1921 150 waer van heden p. beuts. heb gesonden N. 377 a 459 a 60 a 5 oft

5290 1663 92 79 21

5653 1641 319 80 „ 15:10

4756 1678 529 98 voor rabat

4742 1694 1232 150 te betalen sonder rabat ƒ438:10

3555 1750 2463 158 het is wel 52 p p. a weirt, dan het is naer sijn denght niet soo plesanteven

3572 1823 2438 150 wel goet van vool, recht nae ul stael ende gevoyt, ick hope dat het selve u sal

3560 1909 2447 169 connen dienen d'eijnde vande naeste weke verwant ick eenige bayen alsw

3576 1949 2478 186 ick die 6 sal senden daerentusschen, soo moet ick betaelen tot brussel

3556 2024 2434 168 aen mons. Jean B Baudier een groot somme gelt, han ul binnen 10 a 12

3569 2089 2419 178 dagen mij aeniets daertoe helpen sult mij grootelijk verobligeeren, want

3556 2142 2383 179 ick nu grootelijkx verlegen ben s antwoort verneime geirne maer groet

5434 2206 421 125 a 18 ditto

3419 2287 906 138 Brussel franc. kar savoutt

3577 2292 2415 197 mons. inantwoort aenden ul van gisteren segge dat derattiener noch niet en

3572 2332 2428 223 sijn gekomen, maereven wel hope de selve naeste weke hier sullen sijn alrwanne

3567 2389 2479 229 sonder foute 3 aen ul sal senden, waer op moght verlaten in gesloten sijn2

3586 2494 2406 207 staelen van de 2 leste witte grijse die ick bij mij sel hebbe, de selve hen ul

3580 2556 2331 238 laten a 45 stuijvers p elle op rabat midts ul die beyde gelieft te hebbe, soo

3583 2598 2424 285 gelieft mij cito te antwoorden, ofte de selve ul konnen dienen, ofte soo niet

3572 2691 2392 254 sal andere middelsoeken omul te gerieven soo verwaght hier op ul

5388 2792 469 135 @ 19 ditto

3436 2867 778 112 Gent fran:. Herrebout

3596 2868 2418 186 hebbe den ul van 8 deser wel ontfangen, wenste de sespacken al hier waren

3602 2949 2405 160 want daer ujterlijk om ben verlegen, soo verstaen geirne p ul naeste

3580 2987 2427 206 wanneer die van costij sijn vertrocken, ul moet nootsaekelijck noch

3580 3079 2412 185 eenen tolbrief van mijn hebbe, van deses moeten 4 packen onvrijver

3593 3126 2458 195 claert worden heden sende aen ul p beurtschip een pack gemerckt NM

3597 3251 2344 136 omtselve op Brrugge aen Rap Coots te besorgen, beneffens een cleyn

3590 3281 2356 196 in houdende alto chicolatie om nae Rijssel te senden aen mons

5359 3368 599 145 @ 9 ditto 1688

4781 3442 304 116 g

3589 3434 714 148 Bncto Stuthell

3422 3534 768 114 meggelen Anna wigans

3589 3503 2439 201 meiouff. alhoewel ick hier de kanten seer goede koop bevinde nochtans hebb

3607 3554 2416 228 goet gedaght van ul noch een prenve te wagen met hope van beter succhh

3604 3619 2402 198 als voor desen: oversulx kan ul mij dienen doet het soo now als mogelijk is

3606 3690 2393 188 want ick dagelijke veel van doen hebbe, ende wetr het ul weldoen kan

3606 3776 2357 186 soo wanneer opt nowst wilt overlete soo seijnt mij de onderscreven

3610 3855 2333 178 stucken volgens het in geleyt stael, die ul heeft gereet oft salt

3607 3951 2453 156 bekomen het en komt op 3 a 4 dagen niet aen, want ick wat goedt

3611 4027 2387 152 wit en goeden koop geirne hadde soo stelt alles als hetwesen moet

3609 4127 689 130 waghte ul advies

3488 4211 123 118 2d
