8535 4670
2841 185 520 124 29 Juni 16822

934 175 930 152 Brussel amamaris de vos

1185 291 2207 136 Diessent ot advies als dat 27 deser p beutscip aen ue heb gesonden

1196 391 2269 104 een pack gmerckt LF.P om tselve te xpedieren naer bergenhengin

1201 454 2270 117 aen Mons Laurenne foneers perven stellende donhistenvesyn

1197 552 560 132 m ssel blijv

2658 561 597 157 29 pui 16882

896 589 827 214 Ams Jau. de hulter

1185 660 2298 143 de ue van 22 en 26 deser wel ondf enis gedebiteert voor dagie

1200 808 2265 98 van 4½ met de £101: ƒ 632:10 om accortste gaen alhoewel het

1170 863 2304 155 wel een stuijver meer is en sal voor het salde vande m van uee

1177 975 2313 135 comp. ee cred. de 2 balen wolle sorio segoviana sjt hier gervier

1175 1043 2310 171 sae deselve visiten laten en n pr naesten geseregens het

1202 1172 2234 118 noodei besorgen on f. de larre te voldoen de hale waer

1193 1251 2229 132 vore mij 3 p p is toegestaen all soo sleght, groten

1185 1369 2278 133 lancrende nt werck dat ick bij de selvee venuel wel 6 st

1201 1446 2092 96 ae sal beseadrcht sijn en niet te hetmijn saekomen

945 1502 984 224 Gent hancos Herrebout

2904 1545 348 160 C 30d.

1183 1667 2247 133 In antw. aen den ul van gisteren seynt aen mij het pack M.n°. 23 p

1171 1769 2287 143 wagen, 't selve sal heden bij ul wesen, d'andere mogen ad. conten

2958 1889 322 151 6 30 d.

949 1891 798 187 mons, Pier Meurant

1173 1989 2301 215 J'ay reccu la vred. du 22 cour avec la leare de change pour ƒ500- a la charge de

1169 2157 2271 147 Bernard de Bre de Brussel escheau le 2a, pour la quelle je prendray song

1176 2240 2285 165 Aomtemp. Pair . or envoye moy ce que vous arez, & nous accorderons bien

1197 2333 829 159 car j'ay besoing del argente

958 2443 951 169 mons Laurence Jan Derim

2917 2478 293 151 a 30 d.

1171 2606 2245 142 'espere que vous este bien de ermchez vous, & que vu. mrchandise

1187 2704 2239 98 arrivra cam. desireestant part d'say imanche demierdans in

1167 2801 2282 150 ballott S.F.P, selon on rd. j'ay tire sur m. grace ƒ309.5 pour la

1164 2890 2281 169 2este de 20 88. 1681 payable al ord. de m Sacquer Trivier, lequel Il ven

1160 2990 610 118 plaira satsfaire

2858 3037 290 160 630d

949 3077 721 162 mons alep de Brusty

1322 3166 90 65 18

1187 3144 2263 161 19. cor. estoit avre g ma derniere, du depuis riende vous, estant bien estonne de

1186 3289 2250 117 vore & l'advis de m. Trivier que vous m' avez pas ancor paye maleude de ƒ300-

1181 3381 2275 102 voyla 8 may passée que je vous ay lvre ma marchandise, ce que je vous enpe

1186 3436 2269 160 de prendre en conside, & que des autres amis ent paye paste long temp, tellem

1187 3534 2241 153 qu'il soit sarisenable de refuser payend., quand le temp ast si eschean, & vous est

1176 3656 2278 138 asture que de me parte je suis tousiours prest de vous bien servire, alors j'attend

1179 3731 2272 143 de vous la paraille avecq ben payem. pour cela je vous prie de ne paut manqued

1165 3841 2269 147 princepallem. pur cet acause que j'ay reccu le valeur, & suis estrenem

1142 3917 2306 171 intereste on presse pour delacg. jay vous envoyez dant la ballote

1170 4012 1462 175 de m. Laurene P: Perin vrd. drap de flamme

1479 4117 659 162 N. 19 a 29 a ƒ5

2919 4125 250 148 ƒ 145

3228 4168 116 140 d

5865 203 221 117 1

3537 202 633 147 Mons Jacquis Saivier

5386 258 672 132 C 30 Juni 1682 Antw

3634 295 2434 178 J'ay reccu la m. du 26. et viye que medut. Penu at paye mon assigne, moin q

3640 452 2437 157 il ne veut ien payeer pour la pru pas., pourtant ol m'at promis, de me far

3644 510 2433 153 tenir mon argent contant, & voyla 2 passe & d'avantass, & pour moy payer

3637 610 2438 202 encor la por. l'est trop, neomans je vous cententeray. jcy vous avez un letre

3631 696 2445 203 pour v de bdressn, ce que j'espece lun obligert de payer il n'a point esery, un

3629 780 2459 244 autre pour mad. la resve Francois, la quelle ss nevent pas payer, meoblij

3645 915 2434 184 & sair payer la russire, carsl ya ½ passe, que je envoye la marchandise

3643 969 2438 254 je vous enprie de fair pour moy tout aned pord, pour en recevoir cette argent

3617 1092 2455 190 & me remende, car je suis bien presse. touchant la partie de ƒ280que vos in

3621 1205 2412 220 aven dinne m dennier voyage, sts sent mij en compte & seavoir

3644 1291 494 149 31 ststelle a ƒ 9

4241 1289 246 166 ƒ 279

3663 1385 337 117 en tu

4230 1430 291 174 ƒ 280-

3626 1492 2460 223 j'espere que e pacq vous est bien serveun cansl estoit envoye las quand

3602 1658 2441 127 seroni ay diet, & se recomende m. fransil de l'exgedir avecq tous

5697 1765 69 92 to

3602 1726 2474 211 pped, Pour le gaison ie vous escriveray & la primiere les cond, sur les

3610 1839 2168 197 quelles je seray contant de fair acrd, & d'en scignes la negoce

3611 1950 2439 188 jlay donne la re. a m. fuselier, & jey vous avez ma lesde a la charge

3607 2036 2474 208 de m. Canrece fran. Perin pour ƒ309.5 cayent reau Il vous plaira

3619 2190 2425 178 me fair remise car j'ay bisoing delay.. vnd. drap noir est partie

3613 2271 2464 168 dans le pacq de m. Parm os sl estoit de si longelistes, que j'ay este

3592 2416 2487 141 contraint E& fairt plus lange que vous commendie reamans vous le rouveia

3603 2466 1881 175 in bon asard estant n.3 C50 ¼ blanc C 48 patt

5677 2519 361 134 ƒ 121:16

4351 2611 1590 124 fonr taindre nour, & sent accomodage  „ 28:-

5691 2673 347 159 ƒ 149:16

3578 2686 995 175 lest long C550 m gad

3540 2820 1136 183 ns madw. la vefre de Pier francois

5601 2843 327 153 630d.

3574 2968 2514 191 je m'estonne de vou & l'advijs de m. rivierque vons n'avez pas encor sansfait

3594 3107 2447 141 ama leute, pour les 2 diaps envoye l'ane passée, mocque vous de may

3598 3166 2475 166 in qu 'est vous reson de faire. est cela m maniere d'agi de commender

3581 3258 2449 197 la manchandise, & poont payer, jay trouve apropos de vous escrine encor

3588 3420 2432 132 un fois, pour vous suplier de vouloir payer la valeur, car je neveu pasplus

3609 3503 2437 135 attendre, & sien cas que vous ne voules pas avecq amise, je scray constraint

3601 3584 2267 166 de suivre mon droit, en esperance que vous ne me donma as cette faire

3537 3732 779 161 Endenaerde Jan Bancois dn

5538 3783 353 126 C 20d

3588 3840 2485 183 bij den ul 22 deser beinde seer weijnige satf te meer alsoo nu seer gepressieent woorde om gelt

3580 3965 2483 141 segroorel brief staet gemaeckt hadde, soo bidde icq ul op alle luntschap aen mij te remit

3597 4055 2463 142 al dat ul mogelijcq is, want dan ul wiste toe seerscg het noodigh hadde & toe segverlegen

3571 4134 2517 183 ben, ul sende buyten twijfel alle mogelijcke devoiren doen mij dier sute assie, soo rwjlten

3581 4246 2489 110 eenigh gelt sonder fant peersten, & de rest naer meerder gelegensheyt, betrouwende

3578 4299 1569 132 mij op ul diseretie, & rimessa sonder uytssel
