8576 4588
1231 279 2107 86 occasie gelieft toe te senden, gelijck niet en twijffelen oft uelden

1211 321 2191 160 sal des vergens van hem orrre hebbe geeregen vanden ontfanckt

1207 415 723 145 gelieft te adviseren

868 508 991 155 rotterdam gilliam hertelij

2590 492 486 141 a 12 dito 1682

1160 630 2241 94 monsr in antwort den den ul van 3 deser eerst gisteren parschippe

1160 718 2184 105 ontfangen seyge dat de amandelen wat naer demaert comen

2991 774 245 54 antrisiet

1159 791 2156 142 oft wat laet op sesoen oft ende deselve maer 18 gulde

1170 858 2200 157 gelden sullen gelden het uyttersten ermits de nieulle

1169 939 2225 171 voor 13 en 10a 19 verkocht vborden dese gelden betalende voor

1166 1029 2215 167 oncosten ontrent 15 stuijvers par cento a governo soo de

1145 1126 2156 174 meten anincee gelieft maer 20 balen setfens te senden

1037 1237 1688 167 alsoo noch vels gaeden an di mert syn

2729 1298 583 110 12 mers 1682

877 1293 666 191 Rott Sam: de Pack

1149 1370 2245 169 mons. pr remtman sende aen d. 2 onkeroofde meebalen droon

1139 1500 2248 116 vnel geconditioneert naer soo danigen ontfanck belaet vragh

1135 1589 2256 136 naer reden, den seippert tntor vraeyde, 2: p bale agoverm voly

1158 1642 1300 140 d'ordre van sremy collier & kelye

2638 1721 554 126 12 mars 1682

848 1726 761 185 Lillo van de grande

1118 1822 2226 183 p bemtman van hier op Rotterdam gelieft seelene taee

1157 1921 2193 138 onberoofde mee balen, wegen brutt a 2100, den onkest gelieft

1152 2012 1972 157 eyn ujterste te imnager, en mij aenstonts advise

2681 2085 526 107 13 mors 1682

857 2084 799 192 Gent francois herrebout

1170 2169 2206 154 gisteren was aen ul mijnen lesten sedert hebbe van de-

1183 2262 2196 217 st: coste verstaen als dat mijne 3 packen & 2 deserbij ve

1185 2417 2194 147 sweegens moste wesen soo verwondere mij dat steren van ul

3156 2536 152 64 met

1308 2545 1738 84 over niet heb vernomen, seghter hope een sup van costijn heden

1174 2553 2217 105 daer oft ten langhten moeghen sal vertrecken ende die daerue

1169 2675 2098 99 sullen komen wel wensende de selve hier hidde alsoo daer om

1168 2771 2135 161 ben verleghen t soo spoedight de selve herewaerts op dat ick

1174 2911 2131 132 die ten langhsten mandagh hebbe waer op mij verlaeten

1181 2984 1193 159 ende naer cordiale grott blijve

1187 3087 2222 179 & vander gught van waermuyter scrijft mij noch 3 quarticer

1176 3232 2136 147 heeft gesonden directelijck aend seip op brugge: ick en dencke

1173 3339 1445 152 de selve niet oor barge sijn gesonden

2473 3396 633 126 Antw: 3 meirt 1682

872 3436 708 161 Snicolaes Jean button

1174 3531 2227 152 monsr den u6 van gisteren wel ontfangen pde de £ 32:3:3: waer voor

1170 3675 2123 142 ul hebbe gecrediteert twee hondert guldons 19½ sp agovene de

1158 3776 2195 143 ƒ 421:10 heeft John de coninck aen mij betaet 1681, 2898

1163 3908 2228 129 volgens het briflen aen hen gegeven, ende de selve sijn op

1163 3986 2233 179 ul rekeninge goet gedaen, soo dat daer in mooght gerust sijn

1160 4108 2244 117 de sacken sende hier nevens wederom, ws iets anders nodigh

1189 4237 1319 152 hebbende gelieft te comandere

2449 4298 788 139 Antw: 13 mert 1682

884 4341 1116 126 toesendael mons. roberecht frisens

3582 210 2410 166 monsr. volgens ul ordre sende aen ul pe lambert Janse voermaen

3623 323 2421 146 het gelt, dwelck voor ul in cassa is in een sauken sj sijnde somen

3634 397 2218 150 een hondert en twintigh guldens segge ƒ120: van den ontfanck

3638 499 2289 140 gelieft advies te geven, als mede over het quart swert lacken

3626 580 2231 183 de welck ick volgens u ordre den selven hebbe mede gegeven s

5478 693 516 151 @ 13 dito 1682

3441 732 595 181 bruggse raphel coots

3599 763 2406 215 menk in antwort aen den ul van 11 deser sien de drij pack en te

3635 886 2200 174 gemoet hebbende de noodighe ordres tot gent gesonden

3598 969 2358 165 wegens het claverlaet relere aen mijnen van 11 deser doch

3648 1060 2395 192 gelove dat de quartielen niet wel en sullen sijn gemarcek

3654 1179 2280 124 de drij eerste moeten sijn ren u no1: 2:3: ende de diij

3639 1252 2400 131 andre vervolgens 4:5:6 &estra volgens naeder sal advitseren

3623 1349 2365 151 terwijlen al gelieft selve bestantelijck te stellen

3629 1414 2374 157 ider partije apaert gelijck de ul terhant comen om

3639 1537 2377 138 dan de nombers te verhanderen sullen in alles 10 carte

3642 1644 2382 148 ellen wesen agovruo wesens pieter willaert hij can ul

3606 1733 2418 131 in ustie niet betrecken over niits hij de vior packen

3616 1865 2418 127 aen mij ende niet aen ul heeft geleveert heven wel

3634 1951 2295 103 ben wel gehegen die saecke te accomoderen ende

3645 2071 2218 124 aen ul resent nocht ans behoorde daer iets af te

3606 2173 2331 99 vallen maer niet dat ick hem iets soude vergolde

3608 2232 2352 128 ons swert geraden ben addrees te maecken van de eere

3622 2361 2275 138 staten van vlonderen met versockt van ramborsement

3639 2424 2385 172 over onse schade geleden bij den gescolierden bode dat

3629 2549 2255 128 de selve dat gelieve int te houden aen de eerste

3655 2635 2324 152 paiyement te doen het reliment delbeuf waer in wij

3637 2775 2287 138 hope ul ons sal connen dienen beneffens brieven

3604 2882 2032 133 dan recomandatie. aen den'busscopl van gent

3615 2953 795 140 filuph van dergught

5113 2943 597 141 C 13 dito 1682

3604 3046 2346 153 mons tot antwort aenden ul dan gisteren segge dat ick

3446 3124 78 108 th

3607 3158 2403 127 uyt ul nombers niet can geracken francois herrebout van

3611 3241 2365 152 gent die soght dat hij ontfangen hadde 3 quarttelen no 122

3607 3349 2427 117 erge soo eijnder twee quartielen met de n selven us daeren

3605 3421 2352 140 bonen dese drj leste quartielen sijn wederone 12:3 130

3627 3482 2355 178 dat moet seler confusie maelen ul hadde moeten

3623 3617 2341 160 seggen no 1: met vier hondert t hout cla ver salt ul

3614 3701 2356 135 no 2:3 met nogen hondert pout ieu no 4:5700: 85 en de

3619 3825 2427 110 nomber 6: 400:75. maer non hoe sal ick weten welck

3631 3925 2346 122 quartiel meu saet heeft en welck hout saet heeft dat

3635 4020 2313 127 molste gaen a de wijse gelijck in dit paupier is te

3636 4095 2397 134 sien maer kan hal sal ick weten want anders als daer twel

3621 4175 2279 158 suartielen van 1n8 sijn esser confusie, sende ul heden

3626 4272 2415 146 noch 4 quortielen dwelcke ul sal vollen, een met nieu salt
