8569 4581
1152 251 2173 144 als seght allenelijck dat ul ordre heeft beneffens den in

1138 350 2233 150 gesloten om aen hem dat gelt te behandighen van

1159 449 2219 128 mijns tweghen: ick en hebbe geen ander occasie

1193 537 2189 139 om costij gelt te hebben soo denckehet selve aen ul

1172 640 2177 158 niet en sal in comoderen, maer disponeert van de

1155 763 2191 134 selve weirde sal hier, want voor 10 april en sal costij

1154 869 2203 131 geen gelt hebben: gelieft hier in ul de voorte doen

1175 924 2198 188 om de moier op de goede maniere te behandighen

1168 1045 2207 176 hij oont bij, oft ontrent lijns, gelove ul kemwy

1153 1171 2183 182 korne op dat het niet verkert bestert wordt

1157 1286 573 173 waermede

1173 1278 1914 266 don antonio Huldalgo Antw 16fe6 1682

829 1387 228 148 gent

1100 1415 2274 211 mons wij sijn seer verobigert aen ul  voorden goeder

1155 1521 2206 205 dinste aen ons gedaen, in di reckerie van de voleurs

1124 1627 2221 218 van onsen kanten, icl wenste wel dat ul groeten

1171 1734 2092 205 debvoeren hadden geloont geweest, met het succes

1169 1850 2171 212 tgene wij wel hebben verwacht, des niet tegenstande

1151 1937 2114 232 versehere ul als mede uyt den naem van de

1144 2050 2243 215 voordere geinterressorde, dat wij ul groote genegentijt

1179 2169 2111 221 & sufilitijt altijt sulle arkennen: terwijlen my

1171 2269 2099 215 noch wijders suplieeren seer mindelyck dat ul

1184 2412 2128 183 gelilft dinst te doen, ons tot den uytersten daer

1188 2529 2180 169 in bij te staen, ende te assisteren, op dat wij mogen

1202 2622 2170 186 daer over meerdere satis facsie bekomen, want

1182 2747 2185 152 met dese bedrofden tijt een groet voylis is, ende

1205 2859 2061 188 het rijsde deel niet ten vollen in werden is

1232 2958 2054 205 gerecjprieert daer af dan noch omte onkosten

1219 3106 2102 155 moeten: daer en tusschen brenger deser 8 frangs

1235 3211 2135 164 herrebout sal ul vijstigh pate comstellen de welcke

1224 3355 2125 170 hopa ul sal gelieven te aenverden, tot teecken

1223 3433 2162 158 van t gene wij ons capabel ordelen tot recompenie

1200 3545 2057 188 van ul. menigh ouldighe moyten te konnen

1204 3643 2020 190 presenteren: niet teyen stande soo mij de ulste

1227 3768 2110 133 oft noch pertije mochten wederom bekomen van de

1217 3883 2026 141 depolierde hanten, wij sullen geirne het voorss

1202 3956 2105 160 verdibleren in alle ocasie tonen de obligatie

1231 4047 2017 176 de wij hebben te sijn mech ul bel gelijft elen

1240 4124 2074 173 soriipul te nemer over ouse prefaitatie door

1246 4281 2132 136 kan de van fransuls arbout al soo hij nist

1274 4347 1670 115 en welt waer om sulxx geschiet

5408 220 618 106 a 18 febo 16827 133

3456 231 607 137 Londen m. Abram Vivian

3618 274 2391 148 mij last to you was on the 14 cur. to which referre you, sence have ricd of 13d., here you

3592 365 2432 143 have yo acctt cur, which please to examin, & finding all right note accordingley, by

3607 452 2423 158 that is due to you £1259„ 13.6, witheut my preiudice, & yett there is for yd acctt. irstanding

3609 560 2406 161 out debts vere neare £2000 - so you may iudge what in am in disbuise & upon my acctt

3598 661 2409 126 cur. I make you debbor £12„6:1 st whes you drew so much upon mee you promised

3610 745 2431 146 deprovide for the payment, & noth with standing my continuall writing & desiring afritance

3611 834 2428 156 you have not been pleased to answer, butt wen you thought the bills were discharged, you

3625 925 2367 98 for bid mee to draw, on you dincetely as beeng agemust yd & my Intrest how would

3612 987 2424 157 you thinck then that I should draw on you dixeetely, though I have been foreed to do

3617 1086 2406 144 so in the last bill of £120- to mr. Paris slaughtes: I past my bill on mr. Cole, as

3604 1215 2438 122 being yd. intimate, & yett you had not discorsed him about itt, sure you ought so have

3603 1307 2399 131 persuaded him to give honour to my bill, though I know, he would do to for my sake

3619 1374 2405 167 for the future I hope you will avorde those thinghs, for I do not love them att all you

3614 1503 2426 120 have provided about 79 bayes and as many more ander hand pray do all you can

3615 1582 2363 112 to gett them dispatched, for they are wanting here, so sI'll depend upon them o

3612 1652 2423 140 firtt vessel, feule not te send mee my acct you seem to reselve to sarve for post

3623 1739 1761 125 hitt you say not wheater, I could wish to see you here

5430 1847 242 147 C 15d

3477 1862 502 179 London pr. Jean Cole

3632 1937 2393 175 I have before mee yd. of 20„ 30 & 31 past, in the first yd bill for acc of m. Lobb, is duely

3610 2062 2398 128 accepted, & will be payd accordingly, with thanckes for yd civilitie, besides that I am obliged

3613 2134 2375 160 for yd kinduse to acept my bill of £72- either for my or m. Abram Vivians acctt., I

3618 2223 2426 140 hope he hadh given you contew. before now, or att lahst promised to movide the needfull before

3619 2321 2390 142 due, I confets I have much of is in my handes, & do much avoid redraning, butt this

3617 2406 2415 154 & could not do, for this time a yeare is mony oxtreomly scarfy, & I thinck not au intiest

3615 2496 2417 118 to draw on fuin dixcetely, so I hoye you will not take itt ill in my or his behalfe. as for

3625 2615 2414 101 the £11:14.2 you mention I'll examine itt & finding itt to be right shall make good

3625 2673 2370 156 that ballance as also of the estan of J.S. his accctt butt as yett I have not reed

3633 2759 2381 136 one farthing this yeare of itt, wee are here in avere poore condition the last mimdations

3631 2865 2421 134 have don us a would of dammidge, yett I hope to help yd as well as my self vee

3617 2945 2409 145 speedly ndd of that concernes of JV, for I love vere much even acctt. & princigally

3625 3033 2429 131 what hath hanged so long in other handes, tnext shall send a proiect of a release

3624 3125 2379 114 to be fingned, the best new cloverseed is to bee hadd att 3½ a 4 sivers a pourd

3631 3222 2399 118 some att 3 st, old att 2 & 22 & 1¾, the charges on either att ostend aboard will

3620 3334 2390 126 be vere inconsidecabel besides the provision, for itt bayes no duties att all, so ondly

3631 3434 2412 132 prouision, bannells & traight to ostend is to be rekoned, which will not come altoghether

3611 3528 2403 132 of a stiver att a the weight is better as in England, I have sended severall of

3635 3625 2399 101 late to England of sevenall prjses, if I can serve you please to command mee

3642 3720 2351 135 friely, & I'll serve you as well as can beexpected from any one on this side

3626 3808 1642 142 seeds will aise more & are resen, butt as yett vere luttle
