8549 4622
2339 217 943 107 Antwerpen 28 gbe

798 227 1072 111 Brussel J van van Elsn

1021 304 2260 73 mons. in antwoort aenden ul van 24 deser, hebbe gemeynt dat

1004 357 2268 95 ick het best dede de fijnste sorte vande swaer bayen aen ul hebbe

1008 395 2263 109 gesonden, want de andere die swaerder in geweigtt sijn die sijn veel

999 465 2341 124 grover & raver van wolle ich hebbe ni geen smeere van d'een oft dande

981 519 2299 112 sorte maer unt bort verwaghte noch 1ot stuken als wanneer ul

1000 563 2321 161 rande swaerste sal senden, daer entusschen en hen dise niet een vert

1001 631 2246 121 minder als ƒ35:stuck geven soo en mogen wij daer over geen

1004 679 2281 138 differentie hebbe alsoo d'ander ƒ36 sijn verkoght &hebbe liever

1014 755 2187 147 dese wederomt eontfangen dan dat ul daerover soude clagen

1007 830 2298 135 alsoo ick alle mijn debroor doen ommijne vriude wel toedren

1001 886 2230 148 & buyte claghte te hebben waer nel voorder hn gedienen

2677 952 553 161 @ 28 ditto

1009 1015 1126 94 gelieft te lommandeere

808 1043 1527 173 Brussel n

999 1139 945 139 mons. Joseph Sabbeton

1011 1141 2222 208 S. Iam a shamed to be so long in yd dobt, whoever seeng you have ben so

1007 1232 2279 186 kinde, can not oputt to desire to know, that in case I should offend you by so

1001 1338 2268 151 doing you please to advise itt mee pr vere first that emight make

1011 1431 2265 168 amends for itt in sending a remise for the valew presentley: for itt

1016 1485 2200 196 will be about i4 dayes before mg vrage is due, intending god

2041 1617 49 52 th

1021 1587 2255 146 willing to be with you the 12: en suing towards which time in case

1004 1683 2285 133 you have mony here please to advise that cmight leave mine

997 1736 2281 164 with you, in the meane while I want a small assortment as

1013 1823 2285 169 here underes noted part of which or att least some of each, what

1015 1899 2249 196 pray provide with as mucheare aspossible for I doubt not butt

1014 1975 2236 153 that itt might prove to yd owne advantidge & lett mee have yd

1024 2074 1857 132 answer here wito pr. first whilst & remaine

1496 2175 586 119 Luped Ground

1081 2186 1636 189 1 p for acrawat of about ƒ10:- aƒ 11 p a

1087 2239 2184 209 6 or 8 peeces for cuffs from 5p: to 100: tivers about 70 sayd broad

1088 2334 1973 185 4 peeces for cufts some what narrower of 24 ft to ƒ4 P @

1076 2459 1588 171 4 peeces of  of ayd from 18 to 60 stivers

1586 2516 1237 152 of the newmode orduble lapes

1090 2609 1256 136 2 p. for crawats of severall prijses

1094 2688 1202 175 p for cuffs of severall prijses

1624 2758 559 145 clame Iround

1218 2832 62 87 x

1093 2838 1364 153 4p. of 5 of ayp fromes 2o to 60 stuvers

1113 2865 2005 191 butt must be obsegned, that the crawats haces most be

2424 2951 457 165 10o feyde

1169 2986 1282 150 fthe vere broadest sort att least

2457 3029 660 193 mij  28 ditto

784 3060 980 154 Brussel Antonio Rosseau

1006 3152 2259 117 monsr. J'ay biee reccu laggreable vre du 26 courrant, et en sute bien

1016 3244 2215 116 reccu le deux pettite parquette a un leure dumide acause que la

1024 3310 2236 127 barque ne venoit glus tempre, & ay fact attendre le messagier

1017 3392 2260 125 qui les a porte avec, telement qu'ils seront a meuporte dimanch

1013 3467 2198 150 devant midd anet advies desuiure vos ordres, toul les precedentes

1028 3559 2239 153 sont la bien arrive j'ay paye pour cettes 1o pas. al messagier de

1032 3657 836 123 brussel arre governo

1011 3623 2294 214 entre tempre fait moy la grace de m'envoyer aussi top quie vous

1024 3774 2245 177 sera possible les peeces di dentelles mentione ies embas que ie

1026 3843 2236 168 roudrois bien avoir pour marcredie prochaine, estant pour

1018 3923 2272 114 un preuve a un perticuliere amis qui nia prie de m les fare

1043 4054 2193 100 venir les elue blaux, que je pourrois pour som pris et les

1042 4130 2248 114 crawattes De la plus grand haeteur qu'an porte en englettre

1038 4209 2242 124 comme vous sevez mieux que moy fait moy donquelque

1046 4274 1366 145 close debien et croyez que jesuis

5770 211 137 89 123

3957 213 885 108 aelt found de veruse

3523 257 1840 140 N.1- on peece pour decrawat ep1son ƒ12 p. a

4678 332 728 140 ƒ 9 a p10 p

3525 380 755 107 N.2 ons peece ditto

4021 429 694 116 pour de manchestes

3521 512 1392 116 N. 3 4 p. de ƒ 30 iulque a ƒ5: p a

3524 566 1361 105 N. 4. 2 pr de 30 pattt in sijne 80

3541 637 1339 140 N. 5: 2 p. de 40 gat Jusgne a 60-

4005 684 1955 143 avec foind de double renise avec deux oeles qu'ilsont lesoilles

4011 808 609 116 alls deux coste

3529 830 1716 197 N.6- un peece pour de croaurat de ƒ8 a 10 p. a

3522 948 1797 153 N.7 2 p pour manchitte dep 20: 3 pr a

4000 1032 618 118 cance de traillies

3514 1096 1761 149 N.8 n pr devrawatt den diron p10 pa

3547 1145 1758 178 N 9 in p pour demnchestes de ƒ4 p a

3531 1263 1593 129 N10 2 pr de 40ou 50 patt de hantens

5253 1300 615 167 a 28  1681

3407 1356 890 199 brussel Jacq. Franille

3520 1399 2421 197 monsr. de vous envoye p la barque march divs a brussels un ballote

3532 1480 2402 211 marq 8 pour envoyer assi. Eccques trauver demons si loinmg que

5299 1580 686 162 C 59 gd 1681

3536 1626 1670 123 vous auriez parle luy neesime eutre je suis

3413 1703 694 134 brugge Raphael Coots

3550 1657 2417 238 mijn Hr sedert mijnen van 24 deser geene van ul hope John simons sal sijn

3534 1785 2454 153 gearriveert alsoo lefte maendagh is vertrocken behalve het gementioneerde

3534 1825 2436 180 waer sijn boorteampack k met 5 dott roj lakens waer voor beneffans

3530 1930 2433 145 dan gelieft te besorgen & dese 3 opt aedersnoedighste nae gent te senden

3549 2030 1501 125 met orrdre die p wagen te besorgen & blijve

5250 1968 784 183 a 29 gd 1681

3398 2101 778 131 London Lucy Knghtley

4314 2111 203 107 „

3560 2097 2336 197 Sr. in answer to yd of 11: curitt relurne you thanckes for yd readiness in sending

3557 2201 2370 178 forward of 5 reds, for which when you please you may draw the valew to my

3557 2278 2422 147 most advantidge & when you finde an other penny worth of about £8:10

3552 2337 2434 141 and £11„10 I would well have 5 reds more so assorted, which you may do att

3558 2421 2434 129 good leasure and that some aurovers may do att good leasure and that come

3569 2475 2366 167 bo by, for them I want most though not beeng in haste for either, you

3569 2533 2443 189 please to provide them when best you can though itt should be 6 wee kes hence

3581 2620 2367 173 & doubt I shall not be able to putt of yd kersies, so do not know what to do

5964 2601 67 119 14d

3571 2687 2321 153 with them, for the season goeth farr: & have a good quantitie of tykes on

3560 2711 2382 179 hand, in case I could serve you with a bale for trjall, I shall send them you so

3570 2803 2399 187 cheap, that I am confident, they came never cheaper, on which pleast to give

3576 2919 1795 130 mee yd answer pr. first & so remaine with kindeselute

5320 2915 592 137 a 29 gb 1681

3424 2994 989 134 London pickering R robbeuson

3568 3010 2453 180 S. 4is long sence I writt to you, whilst & did not thing butt, that by this time all

3579 3089 2394 173 our goods, should have been sold, which I have not been able to do, pertely, because the

3568 3143 2435 209 goods prove so bad, and pertelj because of the continuall french allarmes, which

3570 3216 2441 180 is a most great hindraine to our trade, so that hetherto I have sold onely 12 cloathes

3571 3287 2393 185 all the bayes & all the kersies, of which shall send you the acctt us.  nent

3570 3367 2427 192 I have not above ƒ200:- in cass for yd acctt, butt if the goods had been well, sure

3571 3444 2454 174 they had been sold & great dealy of mony returned, butt now I can not butt them

3580 3498 2431 207 off butt to such, as have no great know hedge of cloth so that I hope you will have

3564 3609 2443 184 patience, as wellas 3 & besure that I do all possible endeavours to dispose of y toour

3579 3636 2415 188 best: now have att least prevailed with our tyke makers that though yearne is

3580 3694 2425 203 Dearer, yett have the tykds to former prijses, so in case you please to have a parcell

3583 3789 2369 180 less mee have yd advise, for the goods that I have now & remade in a good

3589 3885 2393 164 season &curiously assorted & send this day one bale forward to bruges which

3572 3962 2420 121 cout. soo pe which & do for feare of forst, so they will be by m. Raphael coots

3591 4030 2436 142 in case you please to have y send him yd order & lett mee know itt as also if

3592 4110 2369 179 & can serve you with any more, before winter for C supose to have ready

3580 4175 2348 183 1oo p more before the latter end of the nextmonth & so with kinde saluts
