8043 4622
3328 197 760 135 London Henry Maynard

5024 260 952 105 In Antwarp B Aprill 168

4450 268 163 111 th

3542 298 2433 162 S. my last to you was on the 29 past, sence recd. yd of 15 ditto in answere of where

3558 406 2411 143 please to be referred to the same, for then desired an ofher pack of spanish cloathes

3567 494 2417 110 whith I much want in lod prijses: also in ordered 2 blews more & 3 aurovas the which

3551 537 2406 125 pray dispatch with all speed & lett the blews be according to the inclosed pattarnes

3564 625 2388 109 which in case were not so ready, may come with the spanish cloathes & make up

3541 689 2325 131 the auroves to 5 peeces, thought I could rather wish butt 3 & add2 reds of about

3527 746 2415 117 £8:10 a £9 ap to send that pack for ward with all speed, whilst bij the by I must

3545 830 2425 131 desire that good care betaken in sooking over the auporas & reds, because I finde Irecett

3544 915 2349 92 potts & fault in the last wee had in so much, that some have been returned

3544 985 2391 90 I should be more urgent for goods, butt slinck that sommer dressing, dying

3516 1048 2452 92 l ordering is more advantagions in all respects, so that I am butt for the eed

3539 1129 2431 111 full till further time whilst in the meane while the hem bourg schipping

3544 1184 2373 107 will be over in the north & goods more plenty to markett. the gold sent

3539 1265 2355 116 you hath itto full weight, that is to say every peece accordingly to the

3511 1324 2437 123 lace full weight, not that I know, how much itt doth weiy in all butt I am

3537 1404 2437 120 confident, they can not be bought better n or cheaper - Ill remitt yo some

3542 1451 2431 147 mony more for yd acctt. & so by degrees endeavour to procure yd satisfaction

3519 1562 2385 118 I observe the ship from Hull with our 8 pack is departed, god send itt wel

3520 1613 2433 140 over, as also the 2 bales from costy, wee have for my weither on our coast

3519 1693 2404 112 & I have given the necessary orders att Rotterdam our custome offred are

3535 1771 2376 116 become very swil to  Coats, in so much that the goods are repulated

3534 1857 2394 117 verij well & the charges will be butt little in considerablon of that they

3517 1918 2424 88 have been, nevertheless, I dare not venter our callicoes as wee did the last

3528 1993 2421 128 pareell, whoever I have wrott mr. scawen the needfull, mee thinckes that

3524 2090 2394 105 6 or 7 bales eack of  cottons & 2 bajes would bring over the callicoes all

3503 2151 2351 112 & they could be shipped all att a time in sundrye vessels to againe the kings

3529 2178 2379 141 mony whoever lett is honnour not be to much oppoled, my thanckes for yd

3524 2295 2375 115 care & kindness to assort our where house off all truely I have att present

3502 2362 2345 98 & hadd all this lent good demand & could wish as many goods on hand as

3507 2421 2437 135 I have butt our poore countrey is meneayed againe with a french blow & un less

3510 2519 2333 91 yd nation doth aggree & udast us I doubt wee shall not be able to do itt our

3484 2562 2394 94 selfs which keeps, our corridge some what tyed in for this season, inclosed is

3500 2629 913 94 the bill accepted & so rest

5109 2645 688 135 Antwarp 1 Aprill

3314 2619 84 147 6

3435 2684 610 119 on Abram Vvviins

4515 2716 129 90 th

3481 2685 2428 193 S. my last to you was on the 29: past, sence non from you I desired you to lend

3504 2821 2357 115 orders in the north to provide 100 bayes from 36: to 45 st a p assorted, besides

3517 2869 2260 156 some draps & gray cullours cloathes I have obseried that the hom bourg

3469 2959 2391 138 shipping is not yett over, where for I do iudge that our best time for buying

3492 3025 2421 141 wall be att the latter end of this month & beginning of may, so that you may

3493 3096 2416 140 in cordidge yd freind of a great comission butt lett him proceed butt with

3502 3181 2431 85 little, for wee have all the appoaching summerf or us, as wee did last year

3492 3269 2427 116 & when goods are well brought, they sell well, there is one mr. Samuell

3498 3338 2400 70 tijkes att leeds, which is a very good understanding man, butt he is, engaged

3488 3388 2391 134 for some of the ham brough comp. whoever could you gett him on yd side

3484 3465 2412 134 itt would be verij advantagions to our ander takeings butt what ever you

3498 3560 2425 120 speake of him, lett not I be mentioned by ne meanes, so could you gete

3409 3614 2479 137 hem to undertake yd comissions imploy noother for I have seen his goods

3487 3709 2391 134 yett  forabetter satisfaction in could imploy boath him & ir

3486 3784 2320 137 other freind, the cloathes must be assorted incullours as to the inclosed

3482 3890 2349 124 pattarnes & those that cost more then 3:6 ayd must be whole peeces or

3481 3966 2404 96 broad or lony cloathes & every peece have itts full in casure in all respect

3484 4017 2411 146 besides the goods must be curiously drest, prest & toilletted & all the packes

3467 4117 2328 127 to be vrapped with bayes I would same have you to be mighty currous

3474 4195 2435 126 & exart in driving our intrest from the norch & advise mee fromtme

3476 4272 2371 125 to time how thenys for I hope & do wish that wee not be disapointed as

3467 4357 2389 121 least: yeare where fore I beginne in good time & want first of all
