8542 4663
2288 238 970 114 Antwerpen 20 october 81

778 265 1124 97 Amst De Hulter & van Homright

988 321 299 103 Mens

997 364 2197 154 sedent dat 6 deser aen ul hebbe gls ben door bloeden overvalle geweest, soodanigh dat

992 481 2255 144 tot nu toe het huys heb moeten bewaren, soo dat met geene affairens heb connen bemoyen

982 547 2241 136 eghter nu beeterende, come tot antw. aen de ul van 10 deser. de wolle is mij gewoorden

986 663 2171 110 dan hebbe de selve nogh niet besien, het geneul op deen en d'ander accq. comt

1001 740 2268 120 weert ul geremitt. p eersten. de s0 vatiens boter sijn oock ter hant gecomen, dat

998 824 2240 126 tot mijne groote versteltenisse met een subite belastinge van licenten van ƒ 3

1012 936 2231 115 evenwel alsoo de boter ten eytersten is opgeslagen op d' inlantsche van 25 tot 30 g

1006 1003 2196 143 woort verkoght, soo en twijffele niet, ofte sal dese beswaerinste mije bij bedingen

1007 1124 1182 142 wat des wegens passeert geremt ul graesten

2727 1121 396 150 a 21 oct: 1681

809 1212 783 144 Mons m. nicolaes Templas

992 1269 2233 142 En suitt de wr. ord. que mr. Perrin m'at apporte j'ay tire ausourd huy sur ard grace

1006 1379 2178 155 ƒ 424- pour la reste dela partie a vous vendu le . duin dernier, dont je vous remarcy

1001 1459 2184 128 de ccour, vous asseurant que en tous occasions vous me trouverez for prist de vous rendre

1015 1555 2157 129 service, entretemps vous mande de bayes de 29: 30 & 31 p, de le sort la jene suis pas

1016 1615 2171 159 porvircomme monde Perrin vous dira bien, mars je les attend de sour a l'aultte, &

1017 1711 2166 137 ausitost qu'ils seront arrive, je vous les envoyerez, ce qui j'espere sera dans 9 ou lo

1001 1800 2219 156 jours, dont vous pourez vous asseurez. mons. Peram at Choisi pour vous 2 cause

1011 1893 2185 136 blanches, & 2 rouges comme les sienis, avecq in faisette, qui sont marque avecq ve

1024 2006 1676 109 pitit papoes, & mist dans la ballotte de m. Perrin, a scavoir

2731 2054 178 115 ƒ 51-

1371 2082 1078 114 N. 21 „64 vers: a 85- a 12 passar

2724 2138 200 102 „42-

1452 2150 935 137 2 carisees blanches de 22 vers: a ƒ21

2703 2212 209 76 „ 70

2200 2235 202 92 aƒ 35-

1460 2236 526 129 2 nouges de 30 verss

2415 2263 516 131 Insombt ƒ 163

1009 2297 2256 168 sily a quelqu' autrechose en la quille je vous pouroit rendre service comende me

1023 2404 2184 130 librement j'espere de vous voire encor d'anant l'hiver pour vous servire a ce que va traus

1036 2530 568 113 pourois avoir besoing a

2746 2608 233 123 a 21 d

811 2597 762 140 mons m. Pierre Meurant

1025 2697 2102 151 Celle cy pour accompague la facture de vr marchandise pacte dans on balle

1025 2765 2240 119 marque S.M. & envoye a mad. de Vos de Brussel four suivre vrd ord. j'ay mus

1021 2846 2192 166 les 4 drag de nord a coste, si vous les voulez encor a 45 jattar la a je vous les

1031 2931 2223 154 envoyerez, mais pas un c moiens, & il vous faudroit m'adviser al instant pour

1034 3057 725 107 me reguler a l advenant

2736 3064 238 174 a 21 p

810 3141 706 140 Mons mr Jacques Driviers

1043 3184 2054 153 cellecy ne servire que pour vous envoyer cette inclise ma leure de change de

1052 3311 2176 145 ƒ 424:- a la charge de mr. Nicolas Templar, selon sonord., pour satisfaction de la

1052 3373 2179 161 partie a luy vendu le  lum derniere, quand . grace estoit iey, ce qui, quand

1053 3454 2201 174 vous aurez acccu je vous flaira me remeute. en tous occasions en les quelles je vous

1036 3566 977 153 peu servige commende me libren.

2769 3625 230 136 3 dtth

798 3657 800 174 Lille mr. Richard Southell

1031 3739 2177 164 I have not answered yo of 5th curtt because sence I have been almost in the other worl

1027 3841 2194 139 been gereft through the cy of an medle as the common provers is, I have been a bleading

1042 3914 2199 158 out of my nose well 3 dayes which if had not been timely stopped, had carried mee away

1037 4019 2254 136 though God be chancked I begn to amend, letters were, al most ready to desire y atitance

1042 4097 2207 172 Intrim send here a bill for ƒ300- on Pierre Janstens for which where due pray pocure

1051 4171 2234 163 the need full, & in case itt bee nott duely accepted & payd, deliver itt to m. Jande Walle

1047 4255 2236 162 with itt protest, accord. to thes anneped note, which will pay itt: my indisposition keeps

3519 227 2420 102 mee from all affaires, so that I want mnel monny, could you spare a £100- where this shall

3498 304 2392 103 be receaved, yon shall oblige mee. I have the menaging of all concernis with you to yd

3521 366 2435 145 self, & hope att the latter end of they eare to finde an acctt. to content, inclosed patt. of my

3507 456 2444 160 fabrique, by which you may ourly see the spinning, for they are not prest, I make all

3511 519 2420 183 cullours I will & I can selly att ƒ4:10, aw ell here, hetherto have sold all as so one

3515 599 2448 159 as come In the ware house, which keeps back all sonts of english cloathes from 8 to 20 a 11 ƒ

3513 709 2407 156 ayd, in case you finde them well I could send ferw for abryall, Inclosed a letter which

3520 791 2434 173 is brought mee, with a little pacquett, butt I did not send that, as beeng some what

3518 884 1451 179 to big to 90 with the post witheont yo order I rest

5351 910 620 170 a 3 22 ditto 1681

4355 995 198 125 th

3376 994 661 174 London Henry Colliys

3522 1047 2465 155 Sr. In answer to yd of 30: past returne you thanckes, for what you didfor

3514 1107 2469 138 mee in selling my cloth which is noted accordingly as for TH. I have consides

3522 1189 2462 173 yd charity to be leave him as acristian & not as a papist, I assure you up on

3535 1256 2415 153 my salvation that no papist in the worltd can or may serare falsly

3526 1292 2473 182 without preiudice tohis soule, itt beeng contrary not onely to the commans

3542 1386 2427 158 of god, butt against nature I have not yett sponen with herreynes butt have

3531 1444 2458 207 sent for him & shall do according to yd order for I should be glad to do m. Hartopp

3542 1502 2405 206 any service & kininess I have sence f seen much indisposed of blaeding

3530 1584 2451 170 out of my nose, which hadd almost earried mee away, had not been preen

3543 1636 2436 207 preveated bj providence that hath brought mee so lose inforce, & weach

3544 1715 2405 199 of boddy, that I must sett all affaires aside for some monthes, & live

3538 1774 2453 234 some where in the countrey o that I supose to be all  & Ianu nent

3555 1856 2431 195 a broad god willing therefore desire you not to draw on mee, for mind

3548 1912 2441 200 absence there shall be little or nothing to do, & will not leave my peoghe

3554 2038 2361 180 straightned att home for mony for please to do mee that hindress te

3563 2083 2423 208 spare mee till my returne intrim my book keeper hath al most fiuwished

3559 2197 1803 138 all acctts & you shall have yd botimes & so remaine

5348 2168 439 153 a 22 ditto

4605 2275 153 99 th

3390 2283 718 125 London Henry Maynard

3548 2316 2452 134 S. my last to you was on the 18: curitt to which referre you because sence non

3551 2407 2319 145 from you so have onely to desire you to send mee pr. vere first 8 or 10

3552 2453 2436 124 worster frises all drap cullours made up as the last as also in prijses not

3570 2509 2394 157 exceeding 4 N.6 a yd butt rather under that price take not ce that they

3566 2603 2378 137 be of a lovely drap cullour, & if you meet them to content buy½ to

3558 2646 2445 172 bemade 6 duble, adto the same pack 4 white devous hire bayes redlists

3564 2749 2398 136 of about 26: pence ayd butt they must be of the right sort of a good

3567 2797 2434 161 woll, curious white & a lovely broad redlist a gouverno, send also 4 swans

3559 2864 2398 155 kins white bayes blew usts of the green streephens, & lett that pack be

3575 2977 2397 129 wrapped with 4 or 5 white kersies a 22 yd provided you can have them att

3563 3030 2399 174 30 a 31m at furthest & good accordingly n this please to be as expedient

3569 3096 2427 164 as possible, because all my fises are gon i& they sell onely this & the

3572 3173 2383 181 next month -if you could meet with 20 or 25 white kersies 22 yd

3571 3270 2422 131 long & att llast agard & 3 enches broad, good woll & white ware under

3563 3348 2355 136 30  a peece you might buy & send them from london because

3564 3390 2444 146 the time should be past to have any from the north there fore onele

3580 3516 2346 139 you or could meet them with all the mentioned qualities I should

3586 3577 2352 118 rather have non a governo: my disposition beginces to amend (god be

3568 3634 2431 142 thancked, & hope to be att brussels in few dayes to reinforce the

3564 3721 2380 135 casl to make you the neceassary remises which is the needfull aft

5475 3805 212 148 9 178

3463 3830 551 150 Londen m. John Loyd

3580 3880 2359 176 mij last do you was on the 6 cur. to which referre you, sence read yd of 20 post

3572 3975 2405 173 I never sended yett one 3 of tyke for my accctt. to Englant, butt to others as I did to you

3579 4080 2354 167 for their mony butt in cases you did send mee boss yearne of pourd weight E whit whelt

3563 4177 2415 115 white or rather raw, I could baeter itt against tykes & endeavour o have them to chease

3566 4244 2417 152 that non should ont do you a small barcell of each for arryall could shew you
