8310 4601
2275 252 793 138 @ 3 Juny 1681 antwerpen

678 240 912 147 Duynekencken m. r: Herreford

965 391 2223 150 In antw van ul aens van 22 pass sende inclusa de versoghte originale acte, met

967 486 2189 140 d'infunnatie aen de wed. mattis gedaen, de welcke hope naer contentenm sal sijn

965 616 2248 126 ul verseckerende van de genegentheyt die hebbe om ul hier eenigen dinst te comen den

720 763 792 165 Mons mr. Michel Caiot

2594 771 221 130 63d

972 920 2211 102 cellecy ne serviia que pour vous advisez que aestes toilles de cottens tainte

969 982 2166 147 et des aultres sont a present tous arrive tellement se vnd. grace at besoing

985 1096 2157 146 quelques un, il vous plaire demander, j'aij une soite qu'il est for bon &

987 1224 2153 125 fin, vous pouvez vous asseurez que je feray tous mon possible pour vous

974 1323 813 111 rendre agreable service

2396 1311 721 151 In Antwarp 4 Juny

700 1369 770 157 London Henry Maynard

967 1447 2299 125 Sr. my last to you was the 31:  pass. sence recd. yd of 30 ditto tis well that you

968 1543 2259 101 will ship the goods for ostend, seeng 2 English ship ready to that purpose, so you

970 1611 2260 114 can divert our risico: I have given you creditt for my half pare in the bale of

950 1675 2263 116 Dozins aboard smith att Hull I hope they will prove to content, becauses the

984 1753 2260 118 pattarnes are not amiss & like m. Hills ordering much better then yett any

978 1819 2284 91 you had before, butt he allo wes to little for good measure for I finde by other

966 1883 2263 95 invoyces 3 yd a peece one with an other I do exspect invoyces of the rest of

958 1943 2315 76 the in ordered goods boath from the north & london, so that then there sails

969 2009 2215 110 be more then nothing wanting except the G.N. silver marck stuck cloathes

974 2052 2162 132 of which am glad you found out the right maker I hope itt be so, as

956 2119 2238 126 alsoo that I may have sidd amly 5 peecls of them when you meet aparcell

969 2208 2246 95 of worster frises buy some a begining that they might be here about the latter

956 2278 2165 102 and of July att furthest, to be assorted & ordered as last yeare as to the

964 2325 2216 109 ex eiuteurs of mad bouwens, they begon to sell their houshold goods this week

964 2391 2211 131 & will do the same with the ware howe goods this week & will do the same

978 2472 2168 86 with the ware house next week & then I supose they will take carets

957 2511 2208 134 pay all debts, intrim where as the goods ord mary sell verij low when sold

953 2584 2266 137 att the clandse, so they wish e you would discharge them of the 4 last

966 2683 2168 128 bales vrz 2 arrived & 2 aboard smith, as they supose, because you noted the

958 2732 2240 131 bayes aboard Richd pindar & they are not come with him, though they should

947 2837 2189 122 aather allow you some thing for intrest ther sale will do us no good which

957 2878 2229 157 yett I hope wee might regaine when that is cleared bij haveing a ware house

941 2964 2241 141 the less I have no more to add, butt that I want mony to remitt you as I could

966 3010 2241 173 wish to do, & that you may be confident that Ill take all possible chare

964 3133 1821 123 to promote yd content whilst I remaine with kinde saluts

2710 3158 372 143 4 Juny 1681

710 3188 758 147 London Abram vivian

2893 3247 52 79 th

968 3248 2137 165 Sr. my last to you was on the 30h patt. sence rec. yd of 20 ditto

955 3318 2229 157 the patt send you must be observed in the 3 severall sorts desired viz

961 3442 2178 123 for a pack of duble dozins, for a pack of northrens of about 4

951 3502 2181 146 and for a pack of fine cloathes of about 5 s ayd raw you have recd.

956 3608 2275 111 mj remised for £375: in which you may not neglect to procure the need full

953 3707 2198 97 I have given you creditt for my ½ share in the bale with outN. I supose itt

956 3766 2195 135 is N.33: I hope the goods may come safe over, then Ill advise you how

939 3845 2217 145 I finde them, as yett you do not tell mee if any beshipt or nott, if

940 3937 2147 127 the cloathes should come to late to come with smith from Hull

955 4022 2202 121 latt 2 bales be shipt for Rotterdam thought you promise yd self so

945 4111 2208 114 much of there pattarnes, yett those of N.32 promise better though

945 4188 2205 140 the cullours of bouth have not a miss praydelire erustly m. patter

943 4279 2022 129 to contiaew his utmert endeavour that our concernesr

3531 236 2430 91 with hime might be of the more advantige for boath as & him the bay

3542 288 2366 95 where ready bought butt yett att leeds, so that I supose they shall not rectk

3531 347 2343 92 smith att Hull which if not must be shipt aboard the first that intende

3547 398 2419 102 for oft en de ouz an English vessel you are charged with bills, you can not asyett

3537 446 2403 96 exspect any suply from mee thought I endeavour to graspe al toghether

3535 539 2434 104 what yor can to promote our concernes & to drive ittso content of boath

3531 603 2388 94 Iebserve what you say as to the broad laces, which thought butt seldom to

3535 649 2429 129 be hadd, yett shall gett of the same waman of which I bought them out of the

3536 753 2414 101 packett N. 12: I have already bought for about 7 a ƒ800 of laces and can not

3533 825 2327 92 yett send one packett for want of the broadest sort, yd measure exceeding

3509 875 2433 80 to all what comes to markett, yett by this you recommend the breathes agane

3536 937 2424 99 so that I shall not exceed itt, butt endeavour to comply in all respects to yl order

3517 1011 2409 133 & if possible send forward one packett next post in which I hope you shall finde

3538 1079 2379 133 content, for I do now as much endeavour as Jean to incorridge you for the

3526 1148 591 125 future & remane

5441 1181 471 129 4 Juny 1681

3354 1212 609 147 London will Scawen

3528 1266 2433 142 Sr. I have before mee yd of 20 past. as for our goods att bruges as yett the aggreation

3523 1359 2436 116 is not come therefrom the court, so that the goods are detained except 10o peees

3525 1417 2439 133 which mr. Coots gott out bj provision & sent mee I doubt & feare some obstaeles

3523 1497 2417 136 might arrise, because they seldom tarry so long: I shall endeavour all I can

3525 1544 2423 156 to sell att our best advantidge, butt the hollanders do bring itt so plentifull

3519 1644 2433 133 here & sell itt from cleap to chap, that I feare wee shall not want much

3513 1696 2424 146 more yett a while according to yd desire shall provide acurious pack of tykes

3517 1778 2397 139 in returne of yd callicoes, & endeavour to make yd best advantidge: I have

3497 1843 2460 157 examined the sale of 2 packetts of lace sent you & finde the errours underne

3513 1948 2415 122 so the whole diffirence is 7 pence to my preiudice: I finde the sale to content

3515 1996 2433 107 in consideration that you do not yett finde mee a master in that trade where

3498 2083 2348 100 fore shall endeavour to dobetter & provide the sorts mentioned & contimee

3516 2181 2119 92 god willing which is the needbull att present with hind saluto

5370 2217 446 128 Juny 1681

3351 2208 675 140 indon Lucy knightley

3498 2257 2436 135 Sr. I have befor mee yd of 47: past.. I wonder whij you should finde reason to leave

3497 2361 2452 127 mee when I give you my opinion of the goods that I receave from yd order what

3491 2437 2439 118 I had from yd owne buying proved to content, as also what m. sijkes sent only

3490 2508 2421 122 the lower sort of bayes were some what to deare, now if you please let mee

3502 2573 2363 97 have onely now & then a bale fine of reds from yd selfs & I can contended to

3499 2653 2434 108 desist for the rest, & allow you what you finde in reason must be, so when

3484 2725 2449 113 you thinck convenient buy 2 auror as of £11:10: of a £12 st apr. 3 peeces

3500 2786 2440 86 duble reds of £10:3 of 9 & 2 of 18 a peeces: to be 10 peeces in all in one bale

3488 2859 2470 102 & send itt for ostend aboard an English vessel which hope you will performer: I h

3487 2941 2464 87 ble thancke you for yd great hindress in recommending mee to innorth, I have

5256 2976 55 64 f

3496 2984 2445 87 had alelter from him & have given an answer the 20 patt. which I know not

3484 3057 2458 83 if become to yd handes, I should severy gladd in case I could beable to dohin

3498 3128 2390 103 or you or any other of yd freinds any aggreable, service for be confident

3499 3190 1043 104 that I am with all respects

3493 3249 2439 113 as to the reds they must not be iust of the limitted price, f butt so as you finde

3475 3319 1897 132 best penni worths & the bale to be vrapped with 2 bayes -

3342 3349 544 142 London dueley north

5348 3395 518 122 4 june 1681

3483 3424 2401 193 Sr. I wrott to you what is here above the 21: past. which I feare might be nott

3477 3513 2415 119 well delivered, becaused I did not write well yd name, the ardas silk is sold here

3486 3606 2420 147 for about ƒ4:a pound of 16 ouneces of which 23 make a great pound english

3467 3693 2416 127 itt payes no customes or any duties in wards, they sell here for arabate of

3473 3736 2385 160 ƒ 12 pcc which is a custome up on sille aswere allow 8 pr up on

3484 3841 2442 119 cloth so in case you finde any in corrigement you may be sure so fendemel

3348 3886 691 134 gent Jan B. tijsbart

5108 3970 824 96 In Antwerpen 4 June 1681

3480 4000 2447 108 mons. in antwoort aenden ul van 2 deser hope dat eijndelijk de 32 stuken legaturen op Brag

3466 4070 2444 132 sijn versonden aen Raphael coots om mijn ordre mede te volgen markende pack I N.4.

3456 4111 2459 167 daer af dan het gepasseirde verwaghte te verstaen als mede derekeninghe vant

3468 4194 2284 137 selve omvolgens te reguleeren & voorde weirde te sorgen terwijlen re
