8576 4615
1136 235 2094 171 te laeten weten voor dit neven gaende gelift port

1132 329 961 187 schelinghen te betalen

2609 454 539 118 2 meert 1682

847 466 1353 153 Aurenhout monsr. bastelaer verstraelen

1126 569 2250 127 mons in antwort van den p van gisteren sende heden par

1136 663 2143 139 voorman 2 stucks katorne lijwaert den prijs ins

1132 730 2165 146 bekent wit carseyen van dertigh ellen hebbe ick

1151 810 2203 196 noch die seer goet sijn can ick us dinst doen gelieft

1168 927 2213 141 te commanderen hebbe nu een proeve fill sergaren

1178 1035 2204 135 ontfangen can ick ue daer mede dienen gelift te laeten

1167 1145 316 157 weten

2571 1225 557 156 2 meert 1682

823 1229 882 181 mechelen ana Wigans

1160 1318 2226 182 isse door voor beletselen hebben den brief van den 25 deser not

923 1436 2459 137 de hants niet naer gesien door heden bevinden dat het wederen

1151 1511 2250 185 de sorte niet sijn die ick nodigh hebbe alsoo ick is

1162 1636 2209 163 hadde geseijdt dat die moste een vierendeel moste

1155 1724 2218 201 hoogh wesen maer die en comen op een viereen deel

1152 1839 2193 139 niet bij gelift geen canten meer te senden, ten

1175 1915 2213 195 sij met tocasie self over komt heven wel hebbe

1174 2027 2148 146 van de dese gesonden gehouden 6 ellen a 3 -14

1173 2097 2147 181 6 a 4 guld ende bellen a5 guld de rest sende ick

1174 2239 1089 170 ul hier nevens terugh

2587 2288 763 153 antw 2 meert 1682

907 2336 1192 204 brussel Jan francois Barderr

1157 2407 2204 197 Mons volgens den ue van gisteren is het packien

1175 2509 2208 243 aen mij geworden het welck ten eersten wort naer gesien

1162 2627 2221 194 a ende het accort be vindende voort u volgens gecredite

1179 2707 2218 227 het ick volgens geordondert hebbe gelift gekoght heebende

1198 2843 1781 201 af te senden ter vlylen hope uwoe hast tesien

2784 2874 500 209 a 4 margo 1682

891 2972 910 156 London mr. William Pindan

1141 3057 2244 152 In answers to yd of 9 past do here inclosed sond you a leter to m. Timas Seamon

1164 3161 2209 140 open which you may peruse & deliver him, & in case he will nott pay you shall send you

1141 3250 2229 112 a procuratin to make him pay heowes mee about ƒ250- butt he hath a cloth insol

1148 3328 2241 123 here, & that I should take to mee, in case he will pay you the rest I you examn

1141 3417 2258 162 yd acctt of goods sold, you will finde him charged 1680, 3 & 16 august pray endeavoir

1144 3553 2076 113 to moeure this, & att this side I hope to gett the rest to cleare yd ballance

2849 3583 378 158 a 48

895 3551 755 196 London m Domes Seaman

1663 3656 78 90 th

1902 3656 94 100 t

1135 3669 2264 151 I have sent you the 21 past yd acctt. curt. dixceted to m. roger sones by which is due to mee

1150 3760 2233 160 ƒ 161.4 ½ besides a cloth unsold, & if you pay this ballance, then I should keep the cloth, se

1151 3866 2236 105 continew freindes, I have then also desidered you to pay the ballance to m. Ry. senes which if you

1152 3944 2219 142 have don will be to content, butt if nott, shall give mee cause to gett itt from you, by what

1143 4014 2239 152 meanes so ever, & send my procuraton to m. vWill Pindar to that piipose, for you know you

1153 4093 2240 158 have had the serges hy ord. of d. Richd. Southell of Lille, & they werefor acctt. of sand m.

1158 4191 2225 161 Pondar, now if you have not payd yett, pray pay itt without any dllay to m. soes or

1157 4294 1626 154 m. Pindar, the complyance of which I expect, withert faile

5224 222 775 119 64 meert 1682 anwerp

3445 213 550 159 London r. Rogen Sone

3561 338 2401 121 In antwer to yd of 30 Jau. I must assure you, that what I wrott to you, was not without

3569 393 2422 136 reason, & that you beleave to have aight to make mee fay by lanw, is yd mistake, for I doubt

3584 458 2425 178 you should not finde itt to yd minde, I am forry you took soomich paines to make so long a

3578 560 2440 140 letter, for I am not Ignorant of what I did, neither would you have mee buy any thingh without

3608 658 2395 144 I had seen itt, & you knew the goods were damaged, principally , so I ordered them, to be send

3599 751 2380 118 in, & had they been good, & well for their prijse, I might have kept them, butt they not being

3602 854 2394 119 vere well vendable would not keep them for my acctt. so much I should have told you had

3585 948 2416 121 you or u  caman been here, where I was accovered, & in a londihin to see goods, yett to

3591 1025 2398 141 make an end & not to shouble you any longer, will you sell y att 37 st an l, I'll pay

3606 1127 2365 113 y presentley, if not I'll sell them for ydt acctt or deliver them to m. Breusegem upon yd

3585 1195 2410 118 anwer for I can hott trouble my head longer wish itt, though I had no thought, butt

3607 1296 2401 149 that I was th to pay y to m. Leaman, whom I have ordered to pay you ƒ 165:4 - which

3597 1394 2431 155 If he hath don shall be upon acctt. of red dosins, if not, you see here the prepositton which

3594 1514 1490 138 is vere faire, for I dolove to remaine freinds beeng

5586 1524 249 131 64d

3463 1612 686 147 Londen mr. Paris slaughten

3616 1644 2376 182 In answer to yd of 6 & 10 past as to the concernes of m. Peeters I observe that mr. maynard

3605 1785 2373 123 hath told you the needfull, the ballance of their acctt. is now £396„6„8, haveing payd by

3603 1865 2379 136 orderen of m maynaard the heares of the inden Bouwens for charges don by them, as by

3596 1960 2398 134 acctt. & acque, is to be aseen, besides ap of linnes for wrapper & charges on the pack

3602 2051 2386 145 of cloathes returned. I have remitted you £120-, & there will be about £100 more coming

3614 2163 2401 147 of which m. Sames rsprest will dcouise you att large, & hope finde out away to sett an end

3602 2245 1972 157 on that bustijnes the is gon forward yeasterday, & so referre my silf to him se

5613 2347 297 112 6 4d

3487 2352 632 163 Londen mr. Michiel Peeters

3625 2417 2358 168 sedert dat m. maynard hier heeft geweest hebbe geremitt. aen mr. slanghter £ 120- st

3633 2562 2407 106 daer en tusten m. Jac erspreet, is van hier naer costi vertrocken, & heeft mij belooft aen ul alle

3620 2642 2395 111 mogelijcke aftsretentie te doen om de saken ten eijnde te brengen, volgens dan advijs sal becomen

3619 2737 2381 138 sal de rest remitt. Ick tien sij blijven seer op hunne opine, & sonden mij wel blameeren

3620 2833 935 137 dat seg te veel aenhoude voor ul &

5577 2880 281 172 C 4d

3494 2928 723 181 Londen m Denry Maynard

3617 3033 2418 171 mj last to you was on the 28 past to which referre you prtncipally about the brownish cullours

3634 3117 2346 142 amonghst which you might assort 2 a 3 drap cullours as N. 939 & 961 last sent of the keys

3636 3204 2404 133 on the bike butt pray avoid all sort of broad mipture, for our people will have hardely anymishre

3635 3315 2404 150 inclosed my answer to mr slaughter, m. sames espaeet is gon for london to you may prefare the

3626 3393 2188 155 2 giinigs & hee promised to make ande end in the bustijnes of Peeters, I wish he may

3614 3493 2410 131 inclosed a bill on m. John Loyd, for which ray pioeure acceptance & returne mee, inclosed also a

3631 3609 2389 123 note of Jhom: whitbye to which I payd according to yd. ad. of 5 feb ƒ 100- & made yd acct dibtir

3634 3699 2398 110 he is gon over with his sonn rcleased ly way of holland, & I desived him to provide for mee a banill

3641 3793 2367 120 of flying ale, ot beare & ailes to be sent mee in a duble cash to be bottled here he promised

3637 3872 2380 106 he would provide the best, that ever came out of Englant, I could wish itt wash not to strong, butt such

3624 3992 2431 101 as you sended mee. 2 yeare ago, observe that the barnell must not be to full that itt should not

3638 4077 2395 123 breake att sea: as then most part of the bottled did, pray assit him in itt, & pay him the

3641 4173 2404 120 valeu for my acctt, & lett the bargell be good & strong, & the second also, & a matt about then

3647 4262 1326 142 bannell, that I might not be cheated under whyce
