8440 4683
1002 207 2364 101 & noir I finde the heavy bayes all by them selves, you mist in order too

1006 262 2277 118 pr of bayes more assorted from 36 to 48ƒ8 to come by pindar & what

997 337 2321 136 elce I have in ordered, to dispotch hun the sooner, for when ortob: is

989 423 1231 128 past, the heat of our trade is over

990 487 2371 139 finde the patarnes of the bale N 70 to content, & jay one more thert

993 580 2324 125 potter will do the best, though I haveto blame him for not haveing

993 687 2240 104 prest the reds he sent last, of which please to make some mention

993 751 2386 106 to kan advise, nue from time to thme the need full, I shall endeavour

984 847 2401 95 to send you remises: inclosed you have actts: of sale, the rest pr nente

1008 914 2368 112 pray once more dispatch the goods afbest you cun to have them here att

1000 983 1349 108 markett on which Idepend and remaine

744 1062 761 140 london in will scawen

2113 1056 738 141 Antwerp: 16 sber i62

985 1135 2397 153 in answer to god of 28 th past & princo courant. Ido not know what

982 1280 2361 135 to in order att the sale of the comp, because I have most all the goods of f

1003 1335 2344 169 last sale yett by mee ims old, whower if that com seles as low af last time

995 1450 2322 124 & hould fout their measare booth in breath & lenght please to bay one

975 1498 2381 112 houndred browne salemporet to be dyed, as I shall advise you, besides fiftie

993 1614 2389 95 not beeny to beleft broume or rau, for I will have nor that haere been

984 1696 2409 128 whitened, not beeng in haste for any, desire youto take the advantigne ef

980 1745 2412 158 sale, when you iudge convenient, &  when you draw on nnce, pleasite

984 1859 2371 131 dran the ballance of my actt, because you are some what forward in

997 1904 2265 154 that, as also in yd cinst, which shall send you, to even all I desire

988 1988 2390 177 nothingelce, butt what I inorder, because what last tice you sended

983 2053 2330 182 mee frithout order vil therat, & long cloth is still unsold if can

993 2147 1908 154 not putt oft which is the need full aft present from

697 2199 256 94 london

975 2234 538 120 im George cole

2161 2244 295 140 16 ditto

984 2308 2315 137 S in answer to yd of puind courant returne you my thankes for

991 2428 2250 101 honoring my bill, I didnet knou that itt should have beeng erny

968 2510 2398 116 preiudice to m lamm, for mee to drace as sicht, I shoud have drawne

983 2600 2393 123 att one or 2 uso: as for the deseast vierans acctt pray send mee omime, soas

967 2685 2302 111 he hath itt in his bookes for I doabt there is something du on that

986 2755 2352 102 as m abranm rivian told mee, & then Ile draw itt up in order, as you

1000 2829 1563 130 desire itt, in expeitation of whul remaine

744 2865 964 179 london  Anthur Annes lay

2149 2915 250 117 16 ditto

974 2991 2386 146 E& in answer to yd of 28th past: I have about £60- sterlinn for you in

965 3094 2395 94 cash non, which I intended to remitt you this day, butt could finde no oppor

988 3171 2355 118 tunite, so itt shall follou p next, whilst, if you be straightned you may

971 3260 2364 123 dispose of a houndred nound sterlux more on nce att 2 uso, beforre which

979 3341 2398 130 shall he diu, hospeto fnish all, on which you may depend, whilst remaid

2135 3417 279 110 16 ditto

686 3419 1014 154 dunnkerck u henrij willinght om

953 3491 2374 133 in answer to yod of 5 courant I have remitted you the valeu of the

977 3628 2374 122 £200- flemisch for london on the 29h past, I hope some boddy is there

980 3675 2395 156 for you, that takes care for of yd affaires, & hath procured acceptance, whan

981 3752 1665 140 there in elie I can serve you please le command

728 3809 706 138 brugge Raphael coots

2081 3855 255 115 16 ditto

963 3887 2352 153 mons. in antwoort aen den ul van 13 deser blijven de packen van londen

972 4005 2399 130 gearriveert noch tarderen, tot hull aen boort thomas fint is gelaeden behalven

967 4062 1631 108 de rementioneerde packen IN70 met 12 nortse lakens

992 4137 1444 125 N 71 niet 34 witte bayen en 4 dito tot wrappers

995 4207 836 90 „72 met 30 ditto 3 wrappers

1009 4266 830 83 „73 met 26 ditto 3 wrappers

986 4318 860 103 „74 met 30 ditto 3 wrappers

3600 228 2505 137 N75 met 16 ditto 1 vrapper hope den selven nu is gearriveert 'tgene met verlan

3614 295 637 114 gen te gemoet sien

3621 390 2393 151 van noch  N66 met 12 nortse lakens wat passeert verneme geerne en blijve

3430 414 614 172 Leuven Joan de goede

4529 460 777 143 Antwerp 17 sber i62

3596 575 2507 117 Mons in Antwoort aen den ul van 14 deser en can mij niet genoech verwonde

3587 648 2399 159 =eren over ul maniere van doen, ick heb al aengewesen dat ul ƒ13:13 hebt

3606 716 2074 161 gecort voor het root, en wilt ul dat wederom noch eens corten

3604 812 2414 145 het coleur laken van ƒ4: 2 heeft ul soo bedongen ende dien volgens ul

3611 861 2364 169 het soo moet betaelen, want hadde ul het selve niet begeirt een ander

3588 955 2460 158 soude het genomen hebben, ick ben int minst niet op mijn intrest, als

3603 1058 2414 123 alleen dat ick geerne hebbe dat mijn is het en is geen costame van coop

3608 1134 2477 119 mon schappen eerst het goet te coopen ende daer naer noch eens te willen

3600 1182 2377 157 dingen dat gecocht is blijft gecocht ende dat moet soo betaelt worden

3599 1254 2483 173 al verabuseert sich grootelijn daer mede iets te connen profiteren boven dien

3608 1366 2475 148 behoorden ul ons gelt alhier vrij te leveren ende dat cost mij noch 10 stuj

3607 1446 2476 154 van ieder hondert t' gene al schade is oversulckx en sal geene quitantie geven

3589 1537 2512 131 ten sij ick voldaen ben gelijck het moet wesen oock is het onnoodigh dat ul de

3582 1612 2439 118 den bode sijn gelt op hout, pretenderende, dat ul de rek wel soude onder

3605 1690 2438 145 teeekent hebben, dat hij het gelt maer had ingehouden tot dat ick de selve

3562 1797 2511 115 soude gereeckent hebbe, weet dat mesijn soo grooten sot niet en is, enderen

3579 1893 2433 108 gelieft ul selven niet sulcken gedachten niet te in commoderen maer

3589 1953 2489 153 sijt versehert dat ick mijn halantin ul wel dienen, goeden koop ende goet

3596 2070 2468 127 goet leveren, maer dan en verwachte ick geen petserijen ofde afcorsinge

3599 2167 1883 118 maer volle betaelinge geljck ick van ul verwachte

4844 2230 248 127 17 ditto

3405 2214 686 150 bafters villem hertelj

3581 2317 2318 94 mons in antwoort aen den ul van 15 deser sende hier beneffen de rek vande

3584 2411 2470 112 bewusse amandelen de welcke wel wenschsten anders hadde tot contentement mogen

6051 2442 53 118 l

3575 2491 2353 139 effectueren, wegens sup: van leur, hij heeft gepescert, om diet wille dat hij

3569 2550 2334 152 niet en heefe willen tarderen, tot dat men een scroentien soude uytgehaelt

3592 2635 2368 153 hebben om tselve te wegen, ende de reste al advenant te claeren, want alsoo

3575 2719 2448 145 al geen geweckt hadde gementioneert ende dat het schop soo dia hier was

3577 2841 2374 124 als ul advis, soo was neyn ordre aen cormelio veal als volght, gelieft

3586 2904 2287 114 te verclaeren per willem vande leur 20 seroentiens corte amandela

3582 2998 2421 126 waer van geen geroickt hebbe, oversulckx sal ul een seroent ien doen uyt

3586 3076 2436 103 haelen, en wegen om naer advenant de reste aen te geven oft den schipper

3575 3143 2482 113 tot order op te houden, daer en tussen en wilde den schipper met blijven ligge

3573 3236 2457 117 nochte de goederen laeten verleggen om een scroentien uyt te haelen, soo dat

3572 3286 2345 106 de facteur seght niet minder als voor goost& die te verclaeren, echter

3573 3381 2468 133 hij tegen mijn ordre gedaen, hebbende en can sulckx van mij nochte den schippe

3569 3462 2374 138 van ul geensins iet poetenderen, blyvende de questie tussen den facteur

3569 3547 2517 144 schipper naer mijn oordeel will den facteur meest beschuldigen, evenwel te

3577 3644 2498 109 laet hun sulckx onder den anderen bemiedeler alsoo ick niet ieer het

3577 3732 2398 112 toegestaen als hier un gespecuficere  den facteur encuseert sich om

3567 3778 2450 169 diefwille de weke voor d'aencomen dan d'al amandelen noch scroonkend

3557 3900 2411 144 waeren aengeslogen voor 450 & aengegeven en die ontrent doo, woegen

3576 3964 1445 124 echter hij heeft mijn ordre niet volbrocht
