8392 4656
2512 216 632 152 Ad 23 sber 1682

709 218 721 187 Brussel anna Peeter

969 344 2364 175 In antw. aen den ul van 18 deser, wegens rest penningen, bevinde ul qualijck geinst

968 510 2364 84 is, alsoo 't gene ul voor ƒ900- uyt treckt ƒ 930:19 is, boven dien d'oncosten snt weder

939 558 2349 144 seijnden van de laeckens naer Engh niet tst. rouw lijnwaet van inde 68 a 8 op

952 675 2348 126 18 xber lest nogh 20p gegeeven aen ul broeden, besalven de 10 eerste, soo dat ul

952 788 2366 137 rij magh gerust sijn, dat die reef. tot den lesten st is voldaen, als ul bij red

951 888 2339 120 overcomt, sal het ul laeten sin, ofte as ick nogh eens overcore bijel come

954 968 2345 138 sal het ul claet den expliceeren, daer en tussen tet vercoght laken en coste maen

958 1072 2287 183 p6 de gairde, soo dat het niet veel meer geeoft heeft, als het vercoght is

959 1216 2385 140 hier in gesloten can ul sien, wat m. van Alen van meelelen daer van schrijft

973 1355 2340 110 gelieft het ul wederom te hebben, seon en mij sal vrntschap geschieden, & het

955 1398 2385 169 gene datter af is, sal ul bet woorden, waer op ul antw. verwaghten as mede

954 1518 1560 152 oft de leste gesondene lakens aen ul sijn geworden

676 1602 973 123 Rotterd Jan vander meulen

2249 1626 630 134 Antwerp 24 ditto

977 1712 2392 141 monr alsoo ick genegen ten orse vorrge correspondentie te  verm

960 1775 2364 112 hebbe tot hull in engelant voor mij doen aflaeden aen boort maria die

952 1860 2383 141 smit per costi gedestineert ende den welcken 18 deser was te vertrecken 3 packen

960 1902 2059 153 gemerckt  N70 met 12  gemengelde slichte nortse lakens

1388 2003 1094 118 N74 met 30 enckele witte bayen

1012 1997 101 100 N

1374 2050 628 94 N 75 met 15 ditto

950 2078 2299 158 soo ul mij hier in gelieft te dienen int verclaeren van de selve op de

942 2166 2396 163 uijtterste minagerie soo sal mij vrintschap geschieden nochtans niet versoeck

959 2277 2319 110 dat ul de voors 3 packen ten arrivemente herwaerts niet het eerste

956 2348 2342 137 voterdammmer waerschip sal gelieven te expedieren, wat andere soude mij

935 2432 2405 140 grooten oudienst geschieden ken twijffele niet oft voornoemden st

948 2497 2405 152 gearriveert ende de selve packen boven ingelaeden sijnde soude ul overmoe

958 2576 2343 102 noch herwaerts iomen senden alsoo daer om seer verlegen ben houde

958 2661 2369 115 liever een foye geven an de werckheden om expeditie soo gelieft daer

947 2764 2318 107 alle uysterlijcke devoiren aen te wenden op dat promt gedient worde

950 2772 2412 153 ondertussen gelieft te informeren oft costi eenige oprechte soria segoo

968 2938 2360 50 wol te becomen is mij een morffer van ontrent een once swaer perte

950 2938 2378 148 poste daer van sendende met den naesten prijs alsoo van soorte veele

956 3065 2381 104 noodigh hebbe ul antwoort wegens de vooes packen verwachte legee

933 3118 596 149 seterdagh blijve

2731 3221 347 135 C24 d

709 3233 984 175 Brussel Henriy de sSmet

949 3408 2373 119 desen tot covert vande medegaende fachire van de 2 packen aen ul heden

940 3455 2376 159 toe gesonden, den Heere laetse ul tot contentem ontf Ick hebbe ul e

922 3572 2402 157 ergeeten te vragen oft ul binnen 8  voor mij tot brussel niet en soude

944 3686 2351 157 connen tellen ƒ 3 a 400- sonder noghtas ul daer mede te incommodeeren

944 3816 2378 120 het is voor een restie, dat ick voor santen schuldijs gebleeven ben, as sc

927 3903 2375 156 lest tot brussel was, soo haese het verset goet hiet is sal ul voorder

940 4017 374 158 schrijven
