8515 4608
1934 179 976 125 Autwerpen desen 10½ July 1682

850 185 745 134 Brugge Raphael coots

1143 246 2170 156 drcon Godr ben blijde usre bolven van 3 en 8 deser hebbe gesien doudedes om ul

1146 372 2286 107 gdluchige ober comst ende om diefwille dat ick bstaen t arrive mont van Gomus brrbd

1157 441 2268 92 aen boort van den weschen ul gebbegnotedrt 3 packen voor mij te wesen, gisteven

1145 488 2246 101 naer den middagh imdt de brieten van Engelant schrijft indester mijnadrt van noch

1158 556 2228 113 3 packen geladden aen boort padnix thomas barbor oude alsoo inde voorgadidd

1143 639 2227 135 facture gij get schip van thomas barber de blessinge nodint, soo brdofe ick dat de

1158 683 2213 164 solve 3 packen fijn maer gelaeden aen boort van teben wornaer, die het schip

1157 742 2277 157 de pginix voirt, wadr van mot incpationtid de sohdoydyt so gemods sien, dile 3 packen

1145 822 2297 179 fijn 11 N°27 iet ½ wiste frisaden radr van geloote den tot drapde is, daer dn bove

1168 908 2239 176 sser den wit carsdijn ingevoueren & 28 mdt 12 salbd grobe gemonget de spadus

1150 974 2192 141 lakens, n°29 niet ½ gemengelde frisaden de todsche sijn opgedaen gelijck

1152 1068 2183 131 voor desen ½ in malhander soo datso maer 7 stucken uyt maechen d'eriscn

1142 1103 2302 199 nidt en twijffele, oft ul sal alsoo dat connen doen passeren wadr toe ul besonden

1140 1203 2213 184 geue gent geijt soeche en alles a la minaydvis tou doosten te seynden di guls.

1155 1272 1974 185 en andere packen sijn mij geworden tertijlen naer grodt drisse blijve

2013 1376 879 130 Rutdes 310 ¾ ullot 1682

1186 1413 432 126 Jaques frivieo

877 1397 178 120 mons

1154 1463 2070 190 Conor on ipouse a la agriabls boftre du 6 couvant i7 suis bien ais

1171 1559 2123 128 de voire qui maduoisille francois commene d'ostr d'un autrs

1174 1624 2260 155 1e frive qu'il vous satisfaira, mon assions devont vostre primidre voyagd, fait

1162 1701 2232 151 moy la grace de parler a mons. boysy du perfuadere de payer a toutes coutoi,

1158 1793 2211 158 follenont qui vostre remise oft aduu bien a propod, ayant recou los odut et

1153 1897 2281 146 inquants pieces de duratons pour olles, de monsr pidvis ou daert, ot mise en bostre

1154 1992 2236 88 credit, ie voys qui mons. pdvin att paye soutemen 305: pationce ie pors

1152 2058 2212 109 di vous voire ls bien tost, ayant no vellement virdu un grand assortement

1149 2096 2290 151 de maniy facture d'ingelott dore, principalement de bayis, carise vougeb ot blanches

1166 2184 2222 118 et autres, si on cas que ie vous pou vendre service, rommdade imd librement

1165 2290 2103 138 pour lsgarcon, dont vous maviz osevi, u cvois quie ie nanvoy pas besoing

1167 2369 2255 96 un au tre occasion layant prosonte du dupuis comm vous voydray, n'vois quand

1159 2429 2218 127 vous biene mons. brussy mast fait faire un drap du flamee c qui i'ay envoye

1151 2519 699 151 et asseur il vient me

1153 2541 2207 208 quil at fait demandir S drap quand vous ostiez i p mons. de Cobel sil

1166 2658 2267 140 n'aivoit volu avoir, il nauvoirs cas demande aloves tellement qui ie ls trouve

1157 2751 2289 119 bien roisonable, mais ie cvois qui vous fera di mon opinion de pas vevrendr

2097 2824 837 110 1nbors l510 Rult 1682

983 2835 662 120 mons pievre mouvens

1145 2890 2296 184 consieure puis qui nous a vons voedu baucoups de no volles marciande 36. jour duy

1181 2999 2237 99 dngelotterve, ue ne tou pas manquer de vous en donner l'advis, au fin si vous

1160 3056 2293 110 you E2 faire un passage por auld vo, vous y f vouviray sanc doute vost  contentement

1166 3130 2253 139 et faut quil ny att toutt sortes de draps, de tout poufaite qualité principasement

1159 3195 2204 154 de bayes, cavise vou cges, on blanches et autres, donc si on cas qui vous, vous

1156 3274 2284 155 vesouderay de benie ie, iesodrs de vous serviv arde vost v gousse, vous asserent

1187 3350 1307 163 tus en tout ue facilitivay on y sivay possible

1991 3426 898 163 Antwerpen  10 Fulst 1682

964 3440 689 156 brussel Auntyonr rousseau

1169 3563 2277 124 Considuw Gidr of oft ay a bostre grae la derindos a la quelle ie me resert, eu iourdui

1174 3685 2249 80 le vout est tout favorable, ue vodu bostre 4 poites pacquettes a 6 & duve du matin

1173 3732 2209 107 et y fout de poege en suite abde nostre messagdur van arden bevalen, vour in inporte

1171 3781 2261 127 a monsr de ballesgo pour of ansuivres vostre ordre, li messagenvds brusselse at volu

1168 3870 2188 88 avoir doubles povr, aussi bien pour les pac quittes, qui vour la lettre, la poit

1161 3944 2283 113 ordmain oft tant ordingire mons 6 sous pour thaque potit, et il voly avoir dous

1158 4000 2210 124 acose qui vous avez efrvi sue voste lettre ayant vendu a oud joure et dini

1178 4074 2259 119 double port, & que ne interpreta soulemont pour la lettre, et voin pour soo

1177 4146 2268 111 pacquettes, selle mont il vous plaira n adviser vostre intuntion pour consdntir

1161 4211 2243 105 l me ffagour a l advinant vostre doux pas quettes du vint i pass fout

1137 4306 1957 95 de liboi bien proupe, come mour de tallitgo dt im at ofcrrie

3632 177 2464 116 et tant la nogligdnes de vous pas avoir doe advis plus temprs, vous you bdrs

3639 263 2427 80 vous assenvir qui nostre mossagievs de loundi fout bien vregued a bosse tou vevus

3630 291 2440 119 il vous plaira in anvoyer f vois pideds de dantollos a vouillis, qui l apee de ralios

3640 395 2378 98 pour de ped, lavo due duvivon voum dnbas, de die it iusqui a t pir a fait nvoy

3638 464 2295 86 avoir quelque chos de bon car il faut lorbir avor los 27 a 3 qui ie suis

3629 528 2433 93 att ontendant arde le prividre, ie payd port pour my de sos 4 pacquettes diouvdn

3517 601 554 112 ondon Gonvy may nard

4510 572 739 146 Antwerpen 11 July 1682

3641 695 2421 136 S. my last to your vas ont 8 d couvant hieh voloove you sence vord yd 26 & past uith yd

3634 769 2458 127 nulosod inooyer & past of th demande cottons, sfamet froi clortes, moches wor coster frises

3641 874 2424 103 aboard thomas barber &G0 is rilt avriddd forss july god be thancked my 2 fdve is pass

3648 959 2326 96 my ows crreit & hope the goods wills prove to contew, ploasito boyne more spouish

3631 1021 2461 88 cloaths unt il. ihate frash pattarnes from you to soo oi gat might deboter tgenergat

3648 1058 2446 111 abodady sont lorsrarde staknotie of what you osdiggs about &12.1do not dout of yd

3637 1123 2437 145 ende a vout yett de oue againe recommand you ryd cas, for terant 5 p uit gout de lay

3633 1204 2455 112 n°5 move on in august  fo lloorigg, if n wille do butt brill, Ian sure itt wills

3642 1275 2375 118 as wills Gis as our advantidg, assoo notg 5 p promised th is grodh a vs with yui pray

3649 1338 2455 155 dispatey fgein, belause the last ovrr all you cyet is can kospe boir little is some

3626 1451 2427 126 I seg the stanest, shall advise you more att large, & how to pioceed with the maker

3655 1546 2419 130 I observe that goods will begun to fall with you, so shall not be too forward

3599 1594 2493 160 in orders as yett, the discours with you about warr wiil spaine gives no apenionie

3645 1735 2397 114 of tmith yett as all tines I shall do for you what you can exspect, as for the

3633 1797 2403 137 nonth countrey trade. I finde by the goods arrived with suith, that yo dare much

3644 1904 2436 115 imgerien to others, for all yd cloathes. I sad by Pindar last prove deaner by 8

3640 2007 2407 113 these they I reed now by smith, for they an not prest, a drest ill over the cloth

3642 2088 2422 105 then by tley are most all to narrow, not one beeng full  of ayd broad, I

3639 2171 2416 117 have considered, that in case you meet any of them in the norts, that doth well

3647 2272 2437 127 you will not be served as I could desire, for yd comssions beeng great, & for severall

3657 2379 2354 113 will give yd freind in the north so much to do, that he shall not be able to

3634 2455 2410 136 observe all those qualites, which I have fian hom that serves my freind onely

3648 2541 2433 113 to I can not reselve to make any more tryall, saveing found by experience more

3647 2631 2240 104 remainders in my whare house, & discontent of my customers then proffite

3644 2733 2372 119 dij altering of Gandes there yett I expect one bale of 33 a 34 yd white kertyes

3649 2826 2393 109 Linder, these in the bale n. 15- an much nrrrower then last yeae wee

3656 2923 2385 117 gad, so pray recommend the breath to be observed of them. the white kertyes

3639 3021 2397 125 22 yd rove to dene, as also the reds, yett because then cullour doth please

3626 3088 2437 169 so desire you to gett one bale more 173  15 of 22yd & 15 of 30 yds to be

3635 3206 2443 157 red of the best digh cullour that they can procure, not to browne, butt a sigh loavely

3643 3302 2415 138 red, diest, & ondered no werse then these in the bale N. 22, bitt itt be araped with

3633 3411 2427 135 4 white bayes, & sent forward wwil all expedition, I hope siddarnly to be cleare of

3655 3477 992 148 bills, and a remisiing to content

5538 3579 276 160 6 dtg

3530 3603 690 139 ondan M. Abram Vivian

3644 3707 2406 126 mij last to you was on the 8 sur. with a remise for £50- 1 on fron lambe, sence

3647 3834 2354 119 exced. yd of 213h past where by observe that you gave rad the 3 packe is of m. P.

3659 3885 2406 145 van de Putt, the true invoyce of them is ben inclosed, I amsme they are perniewars

3632 3983 2404 136 you please to pay said van de Butt the charges & noted to acctt. betwipt you

3657 4107 2348 119 ond. moens, to whom I shall do good yd L Ihare in them, though yd many

3659 4205 2370 152 complainte yett lopethat att last the laces will sell to centent, for of lase
