8364 4642
2459 236 783 114 In Antwerpen „ 27 iuni

645 267 920 153 Lille Richard: outhell

1418 333 106 54 m

1001 306 2218 147 Sr. the 24: curitt remitt you £80: flemish on Pieter De ka of Bruges

979 392 2243 160 payable in Lille by michiel vander cruysse, which was due yeasterday I hope

997 458 2256 130 you neglected not to demand payement, which in case you did I have fore

966 529 2138 153 yd acctt: I can not butt wonder to have non from you the more because

990 572 2135 192 I f inde you drew £100: flemish on mee att aso the 21: curitt & give

988 658 2199 150 mee no advise, I must blame you very much for so doing, besides that

1004 705 2136 207 you draw without order, & where I promised to send you remises which

986 850 994 125 is all att present o

2395 862 712 155 @ 28- Juny 1681

745 910 896 173 Brussel Jf Bonnecroy

995 973 2164 190 Jff salut heb de 3 stucken kanten ontfangen, maer ick en begeirne geen

995 1034 2168 167 small warck meer, sent de rest van de traillie crawat kanten ingesloten

999 1097 2169 186 sende ul eene lap den welke met alle spoet tot ses ofte aest ellen gelieft

986 1196 2127 136 te doen maken ende opt nowste accordeeren, en laet mij weten hoeveel

1016 1254 2155 185 geven moet p a, Ick ben met den selve seer haestige, daerom moet ul

2686 1341 502 165 a 27 Juny 1681

985 1377 1556 122 dat prompt besorgen, terwijlen nae groet blijve

701 1464 1134 142 Brussel Michiel van Bellingen

1000 1489 2137 166 mons. Ick hebbe p p Beurtschip. aen ul toegesonden een packie A.V.B.

1001 1557 2149 169 daer in de nette hebft vant pack serges ul bekent hebbende het geheel pack

1010 1631 2101 172 in twee koopen geset, ende d'een helf ul daer van gesonden soo dat ul

1014 1747 1405 131 dese aenstaen d'ander magh commandeeren

1020 1757 2157 224 sijn 15 stux modecoleure serges a 22 g  a ƒ27: stuck. ƒ405:-

1006 1892 2179 155 waer in ick ul voordere dinst kan doen gelieft tekerlijk te commandeeren

2665 1941 517 142 @ 23 Juny 1681

716 1986 883 165 Brussel Judocus de Sadeleir

1008 2032 2178 180 mons. hebbe aen ul toegesonden p beurtschip in een pack toD 16 witte bayen

1032 2132 2154 177 vande onderstaende mecken en prijsen de welke verhope ul wel sullen dienen

2816 2229 283 116 ƒ 89:10-

1506 2238 955 153 1&L 3 samen 3 stux a ƒ29:10

1028 2264 377 130 en sijn

2794 2304 324 99 „237:10-

1440 2317 252 89 M

2156 2320 298 137 a„ 27:00

1335 2337 662 123 5„ M. door een

2581 2345 527 152 samen ƒ 227:0-

1037 2445 2146 163 gets anders tot ul dinste hebt maer te commandeeren alle mijne verse

1027 2508 2194 181 goederen sullen de eerste weeke dagen inde naeste weeke hier sijn pavontare

1039 2591 2163 129 noch morgen, soo wel de superfijn lakens als andere, ende ockverse baijen

1048 2649 2061 145 van alle prijse van 25 guldens stuck tot 35 a 36 guld ensgesorteert iets

1045 2714 2090 148 noodigh hebbende gelieft te adviseeren. ick hebbe mons.. saberton een

1034 2799 2113 148 brief ken gegeven van drij hondert suldens omde naeste weeke van ul te

1026 2856 2153 163 ontfangen, ick meende met honder pattacons genoegh gehadt te hebben

1048 2930 2118 167 maer de pertije bedroeght meer, 't geene niet wille twijffele ofte ul sal

1036 3042 1293 121 hem prompt voldoen terwijlen blijve

2588 3047 521 129 @ 28 june

749 3105 709 158 London.. John Loyd -

2047 3157 99 87 th

1049 3117 2096 226 Sr. my last to you was on the 18. crritt to which please to be referred

1059 3226 2075 178 sence recd. yd of 13 ditto I hope Ben. klarck before now arrived & do

1036 3303 2134 165 wish the druggetts may prove to content: returne you thancks

1036 3425 2141 157 for accepting my bill, what is due to you by that shall be made

1056 3480 2087 185 good to content, in case you do not make use of itt here

1051 3562 2043 180 the tykes rise everij mart day & non or few to be had, I have

1057 3640 2025 153 engageed about 100 peeces, butt I heare not one word of the

1036 3697 2129 183 maker, though I writte them everij week, so that I intend

1030 3814 2140 200 for turnhout mij self to make them comply to their under

1053 3925 1989 177 takeings, thread is risen about 20 p.cet. a governo

1042 4025 2087 158 flax here is almost ruined up on the field so that the old is

1040 4131 2078 132 risen near 30 Pcento which the dree season hath caused

1070 4191 2161 169 now as to mr. Luke norton, he is still a life in our cast &

1057 4291 2216 154 doth go by the name of m. moore, and is the vere same of which you

3471 261 2480 96 gave mee the description, he is not in the least detained for Religion

3467 328 2428 118 and though he ware turck or iew, or a headen, yett non here was ever

3493 414 2345 102 punished for religion itt zeems: when he was att the hague, as

3476 514 2468 116 also att Brussels he hath sedetiously spoken of some ministers of

3474 566 2471 120 the king of spaine, which for recompence, have clapt him in

3480 662 2483 140 prison, butt as yett non accused him, itt is beleaved that sir Richard

3481 760 2443 108 Bulstroide yd kings resident att Brussels will help him out for

3490 843 2434 127 the honour of the nation, though mr. norton is not much his freind

3485 940 2390 119 some say that he hath proposed great things concerning governement

3490 1031 2375 121 and as if he should have had some correspondency in france to preiudice

3479 1116 2403 125 of these countreys, butt that he denijes, att least he hath bragged

3476 1195 2474 91 extreamly up on forces & monyes what will become of him non knows

3481 1278 2463 156 if I can do you or any of yd freinds any service freely command him that

3351 1344 725 149 London Luy knightley

5280 1380 504 120 @ 28 ditto

4391 1421 68 89 th

3497 1445 2468 154 Sr. I have before mee yd of 13: curitt bij which perceave that yd ague doth still hinder

3476 1548 2403 110 you from bussynes for which am sorrij yett wee must have patientie with what

3483 1642 2446 110 comes from almighty god I am much obliged that not withstanding, you will

3491 1681 2467 126 take the paines te provide 5 duble reds & ship them off pr. first for which returne

3494 1773 2461 130 you thankes, & could wish you were pleased to duble the quantitie, & to make itt

3501 1856 2458 105 10 duble peeces as desired the 4:curitt in which doing you will highly oblige mee

3485 1928 2421 124 & I'll assure you I shall take itt as a perticular fovour, whilst I remaine

3353 1973 638 148 london will scawen

5260 2008 421 106 @ 28 ditto

4577 2052 90 89 th

3490 2095 2416 115 Sr. my last to you was on the 18: curitt sence recd yd of 10 ditto as for our

3486 2189 2471 94 callicos I have no vent, butt hope itt will come in after harvest for now is itt

3473 2253 2444 118 the deadest time of all the yeare I have sent you a pack of tijkes which is

3486 2335 2446 122 detained att Gant because a ship was sunck betwixt gant & Bruges & there

3488 2408 2477 120 bj lost the opportunitie of coning with Ben klarck, butt now John

3498 2462 2402 143 collinier will bring itt over which god sending safe hope will prove to

3505 2518 2455 143 content. thread is rissen above 20 Pcento so tykes must follow accordinly

3499 2620 2456 132 where fore do not sell y without proffitt to yd satisfaction for Jcan not send you

3498 2663 2472 166 one peece more for the mentioned prijses. as for the guild leather hanghings I have been

3493 2755 2403 98 as much disapointed as ever I was: as I have told you they were a makeing

3501 2815 2456 167 according to what the maker hath promised, & continued, so to delay mee from

3494 2889 2401 140 time to time & shewd mee now & then some peeces & now he hath delivered

3501 2987 2405 106 them to some body elce, & sayes that them I sace were bespoaken long before, &

3492 3041 2416 174 that mine should be the same, which he opentley says he did to keep mee

3491 3107 2465 135 bj the hand, till he should be att leasure to serve mee which now he is, butt

3500 3235 2438 135 nevertheless demands yett 3 months time so that I did not aggree because

3489 3286 2478 139 I know not if itt should be to yd content: itt should be needles to have one

3509 3373 2416 148 word aboutt itt, in case wee had more then one maker in figures upon

3493 3473 2456 127 guild Leather, where fore I could as yett not serve you there in as I exspecte

3486 3552 2464 108 nevert less if yd freind will stay out the time I shall compleat the parcell

3499 3642 2428 85 butt mee thinkes, he should do better to in order his guild leather to be of

3492 3696 2401 165 an other pattarne, as most are in use, of a peirle culloured ground &

3497 3777 2470 171 fruits painted out to the life of which I have a new pattarne such as

3507 3897 2445 146 I have sent of late for England bij order of m. John Loijd, and for

3491 3992 2465 127 Irland which I should exspect would give content: for the figures

3472 4094 2492 171 will cost as much againe, whoever what you shall order shall

3484 4171 1139 159 be performed, whilst I remaine

4792 4242 147 128 e

4743 4325 229 111 883
