7948 4588
728 168 2306 105 I supose you intend to bring yd brother over with you, of which yd advise

732 243 2374 136 also how long you intend to stay out, what orders you left RW & in case you

732 344 2315 95 should come to dye (which I pray god for bidd) whether you made an other

745 395 2318 123 or fuither will then what, when you was here 1679 & which I do not doubt

728 471 2279 116 if you have advisted with R.W as may apeare by writing pray excuse

747 563 2336 116 my needless care yett I hope you will take itt asa p. of affection that

722 615 2360 118 I have, because you or yd interressed & freinds should have din for experiency

734 665 2368 153 doth teach us dayly, that what whee least think off most & osten over comes

729 737 2332 161 us or happens to us. whoever when you see our freinds pray remember

728 776 2386 213 mee hertely & lett mee intreat you to spend acrowne for my acctt

738 888 2367 178 fora to aken with mr. Anneslay, collier Buttler, pickering & Ro binson&

728 1004 2330 132 inclosed you have yd acctt. as itt was posted & ballanced ult. June last

740 1070 2362 162 in mij Bookes where in yd finde creditt for what goods are sold for

726 1144 2351 137 us perticular & due to you ƒ 453„ 8½ sence I finde wee don butt little in

726 1212 2316 192 the flemish acctt itt beeng all p. ex. & in selling there must come good

735 1298 2333 182 to you in the present acctt yd ½ in the bale of kersies N.5 on ely for

741 1385 2336 150 the rest is not sold yett  the 8 bayes & some hose of which you know

741 1456 2315 194 T.S. hath the scharlett with topps: so you can casely make up the acctt

750 1579 2332 131 my bookes are yett about 6 weekes behinde in posting, so when you returne itt

740 1629 2351 165 shall be altoghether in order, &  please to advise if you finde this right

745 1744 2362 94 the perticulars shall draw out with the rest, our northen trade is in different

731 1808 2371 133 butt not, cleared, so bring to acctt. of which you an happy voage suposeing you

736 1869 2259 158 intend bij way of calais which I could advise you to & that you may

739 1952 2281 146 prosper in dayes as the saids on the sea shore & finde all to content

714 2040 2332 124 & so remaine  be mindefull of my intrest with some that

733 2133 839 119 mee in England

2107 2117 979 189 In Antwerpen 17 Janu 1680

445 2169 829 165 Brugge Raphael Coots

733 2203 2366 166 Mons. in antwoort vanden ul van 15 deses en wille niet twijffelen

738 2271 2372 196 oft de 2 packen sijn noch dien dagh ul ter handt gekomen, alsoo den

736 2364 2311 150 voormeen het sel ue had belooft, N.6 sal ul op nieuwe poorte neffens

725 2434 2388 177 den brief voorts senden en wenste N7 adroiture schep koude voortgaen

728 2508 2357 183 geloovende Adriaen blockmet noch niet vertoocken en soo ul

712 2612 2394 161 de occasie goedt dunckt ul kan N7 met hem sende, ende het secreteer

734 2700 2347 203 hooglijck belasten oock in soo danigh geval mr. vivians adviseeren

721 2750 2339 188 heden vertreck p bode costij woch een paxken AV.N.8 dewelck oock

718 2855 2380 240 geerne nae london had versonden tsij bij secure occasie van schepen

721 2913 2314 208 oft p baequet boot, soo in gevalle het selve met versonden sal

722 2987 2345 255 sijn, sal nae gelegenthijt op nieuwe poorte ordonneere, michiel

724 3063 2355 233 de kaes was tot ostend gearriveert aen sijn boort sijn 24 p. saen

715 3171 2369 231 seyde koussens ick had belast tot londen die hergens doen. in packen

721 3267 2386 189 om daer over geen onkoste te loyde twelk suponere eghter wel kan

725 3337 2366 199 geschieden want de packagie & quantiteyt seer cleyn is, ende den

716 3453 2179 190 schip wel kan verbergen niet te minen soecke geen rusie

725 3538 2301 176 de 2 paxken catoene lijne sal tgemoet te sien p dobbelaer

730 3674 2366 124 in sijn retour en wensche hertelijck dat ben clarck gearriveert

721 3780 2374 133 sij op de gemengelde frisaerde en twee packen kmogen mede

716 3847 2384 128 komen, also in tuytterste daer omverlegen ben segge dat ten

724 3956 2359 145 packen in geladen p lueyknightley den ur. van 12 courant sijnde

731 4029 2295 139 tijt de ontfangen dencke ul. versende van de twee packen tijken de

732 4157 2333 91 vrinde geadviseert de onkost Rek sal nae sien &de corantt gemoet

734 4175 2381 121 dencke dat de nass gearriveerde goederen met de liiente alleen sullen

720 4255 2315 131 belast worden wat passeirt vernemageerne waer mede blijve

4996 137 892 136 In Antwarp 18 Janu 1681

3340 158 974 120 London Henry Maynard

4583 185 59 79 h

3606 189 2250 164 my last to you was on the 7: curitt with patternes & instructions to

3570 314 2208 123 provide some northren goods besides aperreelle of spanich cloathes the

3564 350 2315 142 pattarnes for which I hope you will be mindefull & curious off for

3569 491 2334 102 I could desire to have p very first a small bale of the like coleur & I do

3542 521 1745 131 in order hereby besides without already in ordered -

4017 606 323 92 1 asN. b

4025 669 258 79 1 asN. c

4039 619 1769 165 1 asN. 9 8- of the patt last send to be from 9 to 11 st ayd

4369 734 1169 141 these 5 peeces to be packt up with

4043 740 288 105 1asN 1k

4041 800 283 88 1 asN. L

3548 782 2320 146 the 4 finist desired least to be asN. b & of 9 st a yd: which will be

3547 863 2241 151 3 a 10 quart in one bale vrapped in 2 bayen & sent to mee with all

3564 887 2366 170 expedition with the rest may proceed as the concerniency will permitt

3571 991 2321 164 besides lett mee  know how pack whates sell, for I have

3568 1075 2313 140 not one peece by mee & that com shall be wanting towards lent

3572 1139 2313 124 inclosed acctt of sale of last month now expect from Rap coots

3566 1203 2312 141 mij last acctt of sale charges, as also from gant & then you may verg

3552 1256 2308 186 speedly exspect yd currant & what more is needfull, now do answer

3877 1381 74 65 th

3542 1351 2364 137 yd of 24 patt De raes is well arrived, butt I did not expect that the hose

3531 1406 2372 173 should be declared as now they must be I must blame ben klerck for he

3557 1484 2319 131 neglects the passage where our binlanders do dayly come up had I had

3547 1517 2377 159 the frises they had been sold ten times & now the winter & season drawes

3547 1615 2359 122 away I doubt not butt before now you have recd. as well my remise

3557 1668 2360 155 as the bills sent you for accepted & here you have also yd bill for yd

3546 1769 2373 114 acctt on mee accepted: the time now is dead in trade & mony so spare

3553 1852 2342 129 mee & you will have yd needfull towards spring, for I shall do all

3539 1881 2384 163 endeavours I can to be a remitter because I do not love to be charged

3548 1978 2285 161 with many bills whoever when you finde that i do not comply

3545 2060 2324 161 with the articless I shall ul you alwayes lave to demand the

3543 2151 2250 108 needfull: you have consulted my articles & you allow mee to

3538 2247 2333 110 demand goods of any other which is well, thought I do not intend

3554 2291 2363 139 itt in case I can finde our advantage from you butt as to that article

3555 2365 2358 137 which you supose doth make the aggreement of the 8 monthes to be

3538 2444 2268 119 of no valuasion you may be confident & really beleave that

3539 2525 2268 137 thought wee signed no articles, you will finde such due punctuall

3552 2591 2285 142 complyance with mee in what wee agree that you will never

3499 2651 2383 151 desire better. I promise to pay the mentioned every monthes sale

3543 2723 2374 131 8 monthes after itt the restriction I make, is that in case anij man

3540 2795 2294 126 breaker, though itt, the restriction should be 12„ 15„ 20 monttes after

3532 2862 2318 154 the sale, I shall finde my garrant from you for yd ½ for you must

3541 2932 2380 144 not wee have customers that buij now & then, & do onely cleare their

3536 3017 2395 138 accompts once a yeare, & if they must breake they will not fall

3539 3098 2264 122 altogheter in a months or 2 time there fore I do desire onely

3531 3143 2386 131 bj that article delay for such debts as should prove badd afterwards

3542 3221 2326 136 not that I should pay you onely when they come in because in

3539 3282 2372 157 yd articles you constringe mee that in case itt prove bad 12 monthes

3538 3385 2170 117 after the sale so I beleave you understand my meaning

5047 3416 847 156 In Antwerpen 20 Ja

3246 3431 948 165 Brussel Henrick de senet

3525 3528 2294 162 Mons. in antwoort vanden ul gedateert 26 Janu hebbe het

3538 3619 2291 133 bewjshem van twee hondert guldens verloont, doch den vrintsulle

3539 3689 2401 145 sijnde, heeft gelooft nae gelegentheyt te betaelen soo iets middeltij

3532 3774 2377 125 tot ul dinst voor valt gelieft te commandeeren, d Engelsch

3510 3863 2398 137 datinen en sijn tot mijn leet wesen noch niet komen, hope

3530 3968 2348 105 in korte dagen bij ul te sijn, soo daen entuschen noch iets voorvalt

3512 4018 1627 136 sal ul geene dienen waermede blijve
