8344 4581
709 215 633 116 meggelen Jff wigans

2231 238 912 94 In Antwerpen 15 Juny 1681

972 318 2240 121 meiousf in antwoort aenden ul vand 13 deser staet hier onder de stucken cansen

970 393 2210 91 dewelke ick gehouden hebbe, wegens de crawaten daer ul van scrijst en

984 468 2124 79 konnen mij niet dienen, alsoo ick alle elle werck moet hebben

979 522 2176 121 soo renise als traille gront ende vande hooghde vande mate aen ul gelaten

972 604 2176 118 ten waer een weijnigh smolder also ick orders moet volgen terwighen blijve

982 662 2206 104 a 6 a 68 a 12 a 46. a3 a 54 a6 a 55 in ul noticie niet vermelt

967 750 1096 82 „ 6„ 46„ 12„ 44 „ 14„ 56

2240 748 873 140 In Antwerpen 15 Juny

691 781 740 159 Brussel Step. kints

975 878 2221 166 mons ul brief is vernegliceert te beantwoorden, alsoo door mijnekneght

965 1006 2240 140 is misleyt gewelst, eeven wel, en hebbe geen soo bleke grijse als ul stael

959 1063 2255 159 ten waer dat ul gedient was met nortse ofte geperste: als int eijnde de

980 1157 2082 126 weeke overkome en ul met godat gratie mondeliux spreke

978 1211 2186 157 middeltijt soo ulrande nortse gedient is gelieft te commandeeren l

723 1258 748 146 Brussel Ansillion

2729 1307 308 132 3 Juny

970 1363 2149 107 mons. belle cy ne servira que pour vous advisere que ie suis reson

970 1473 2128 99 avec la grace de dieu de vous voire same die prochine vous priant

895 1527 2222 90 depreparer pentant de largent qu'il sera possible accuse que lay

877 1614 67 65 to

967 1598 833 124 besoing puisque je suis

2251 1597 902 155 In Antwerpen 16 June 1681

732 1629 1217 159 Amsterd De Hulter van Homright

977 1703 2172 144 messrDen ul van 13 deser is mij welgeworden, will niet twijffelen, ofte de

983 1769 2185 136 weirde van 553 croone sijn ul prompt voldaen, hebbe heden geen appoirte op cort

972 1842 2186 153 socht nae gevall conen bekomen, daerom voorder repmise noch gedillaieet

973 1922 2129 129 't geene hope niet qualijk nemen sult ingeslote is de Rek. vande bewiste

981 1969 2119 154 tapijten waervoor ul Rek. £40:4:6en hebbe gedebiteert ƒ contra

983 2002 2207 202 voor de provenu van de leste 30 vaten boter, volgens medegaende voor £53:16:9

976 2108 2189 157 vlaems ul Rek gecreditteert sonder mijne preiudicie, d'een & dander d'accort

964 2155 2199 158 vindende gelieft volgens te noteeren, soo de leste 60 vatten gesonden abmens

962 2217 2184 204 sal voor die het beste doen, de 8 balen wolle sijn mij noch niet geword

957 2300 2175 173 doch die leggen ten stustreewel & worden noch heden verwaght heyde dauwel

977 2401 2127 146 sullen uyt vallen, hebbe aconsideeren t geene ul noteert wegens Joan

970 2462 2110 153 vale van Brussel, sijne neghientie is te blammeere alhoewel mijne

967 2523 2104 156 weten s aen vrinden van England door die gelijke actie ombrasie heeft gegene

983 2589 2118 157 waerover hem oock wel hebbe berispt eghter, en hebbe van sijn affares

983 2675 2032 134 noch geen quaet vermoden, oock wil niet twijffelen ofte ul trato

979 2745 2138 115 van £200:— sijn voldaen alsoo Joande Connise sijn ra correspondien

983 2825 2043 118 alhier aen mij selfs noch heden heeft betael £1300 t voor Joanvale

974 2870 2157 165 sijn Rek tgeene mij heeft doen in houde nae ul brieft te doen informeerr

971 2976 2118 121 ick hope naeste vrijdagh tot brussel twesen als warneer wel laght

957 3027 2169 104 hem mocht spreken& van ul intrest bedecktelijkgenoch mij sal in some

971 3087 2155 136 doch tot nochtoe en kan ul geen ombrasie tminst geven & ul magh

976 3161 2140 97 welijk nae mijn oordeel hem over sijne tragheijt berispen want hijs

972 3225 2149 110 buyten twijffel eerlijk vangemoedt alhoe wel sigh meer onderwint als

978 3308 2145 100 p avonture met sijne kan berederen t geene voor dese ul noch meer

967 3369 2122 105 hebbe, geseijt, dit drooge & het weder heeft alle desomer wichte

976 3430 2130 100 in dese quartien geheellijkbedorue & de winter vruchte die noch eenge

975 3508 2149 125 sius wel sijn aent kejde gebroght, waer wande corant meer te

986 3546 2199 170 sijn witte terve intrent ƒ6 de vertel een last Amt. hier makende

971 3668 2155 126 3ij½ verteren om costij van daer tot hier ontren 12 p n vertel

958 3717 2109 139 doch verstaendat die costij aƒ18 wert verkogt gelijk oock met de

981 3796 2125 110 andere goederen nae advant costij al meer als hier gelden tgeene

962 3871 2195 107 wel light kan veranderen, alsoo hier niemant ordre hee te

970 3943 2185 109 verkoopen depruyse rooge a 55 a 56 t 5 a st pr veroel van costij

967 4035 2167 98 onkosten poljke somer gerst 51 st voorlanse winter eerst

963 4082 2212 138 54 a 55 st p fertet puyke engelsche soets 55 a 56 st haver geen

974 4180 2166 134 geen te coop, soo dat naer alledapparantie grooten opslagh beduyden. de vlaste

957 4241 2212 147 10 a 12 s p steen geresen als bij experiensie ondervinde hebbende onver ½

3540 250 2398 94 partije gekoght, waer in ul can gedienen, gelieft niet naete laten mij te comand

3542 323 1586 98 ul verseekerende van de goede genegentheyt die hebbe e

3365 420 949 148 Rotterdam Jan vander meulen

5435 435 498 130 C 16 Juny 1681

3551 515 2383 130 In antw van den ul van 13 deser sal met Godds gratie de 4 balen wolle heden nogh

3534 658 2401 97 ontf, ende dan de selve beneffens ul reeq examineeren, alsoo Henericq Jacobser

3531 724 2386 148 desen naer middagh is aencomen. ingesloten remitt. ul tot sijnen eijgen last £100:10

3543 826 2383 128 col. gelt, de welcke aennemende mij in by gelieft te wtte cred. naesten meerder, mits

5381 917 521 147 @ 17 Juny 1681

3536 936 611 124 nu in haeste blijve

3332 989 760 142 Lille Richd. Southell

3531 1033 2399 145 S. I have rec. yd of 15 uh inclosed remitt you ƒ200: on peeter stalen att 3 dag

3520 1103 2389 128 sight for which please to procure the needfull, butt in case he will not accept & pay do

3514 1181 2352 121 onelij said itt back without protest I shall remitt more next weel intending

3513 1250 2362 96 for Brussel a friday next, when I hope to receave mony to content & to my

3530 1313 2395 116 satisfaction, haveing uch standing out there, butt all thing are much altered on

3509 1375 2434 104 this side, because the great siaritie of mony I hope the goods on acctt. in l are

3531 1439 2410 125 sold before now that so that acctt. might be clepred I have given you creditt for my

3539 1503 2395 110 part in the bale IN. 8 which I hope is aboard nelson which god be thanked

3518 1574 2425 85 is well arrived: I supose the cloth of pickering & robinson not good  to exspectation

3532 1614 2398 126 so that itt will be best to keep to m. d sHill, which of late is become one of me

3503 1696 2431 110 majnard cheef correspondents I approve his doing haveing had some of his providing

3502 1749 2400 108 & more aboard smith daylay exspected from Hull I have reed the gownes & iap

3506 1842 2398 83 the sowne proved so well that my brother in law desired itt which, I could

3513 1881 2391 111 not refused him so please to lett mee know what itt cost whilst I remaine

3307 1924 1037 153 Londond Picaering & Robinson

5115 1964 746 126 Antwerp 18 Juny 1681

4229 2022 99 64 th

3515 2053 2407 107 messr. I wrott to you the 11: curitt. what was need full, sence have advise from bruges

3520 2109 2337 93 that John nelson was well arrived there for which god be thancked: the goods may be here

3520 2153 2394 138 withun  then shall give you my opinion of the same. the pack of tykes will come

3502 2229 2438 140 with Ben: clarck a I supose haveing no more to inlarge remaine withkinde saluts

5360 2291 558 145 @ 18 ditto 1681

3322 2297 656 134 London John Loyd 7

4130 2380 75 64 th

3561 2406 2371 96 . I wroft to you the 11: curitt, when drew £100: on you payable to mr. Henry maynard

3504 2452 2434 130 which I hope you shall accept, though tis some what more then the inclosed invoyce

3501 2533 2425 111 comes to beeng butt £168:7:7 the pack legaturen beeng shipt aboard Ben clark

3505 2581 2431 138 of which I supose mr. Coots hath send you the bill of loading 2 dayes sence recd. yd

3498 2644 2384 127 of 27th past amonghst our hollands letters which I supose was the cause of itts

3478 2688 2456 170 retardement, my thanckes for yd punctuallitie in paying the £151:11:10s butt

3497 2783 2429 128 am sorrij you finde so little incorridgement in the tikes, the more because they

3495 2870 2438 135 advance here dayly & should not be able to serve you for the old prijses with apearne

3496 2931 2443 156 of more rising, for thread is risen considerably of which the extroardinary dry

3480 3063 2392 106 season is the cause, so that in case you would yett in order any, you might not

3492 3114 2416 105 delay, in case you will have the advantiage that yett is to be exspected: I was in

3478 3205 2461 147 hopes that the 2 babes last sent should have been sold long sence, & that I should have

3480 3297 2422 140 seen if any incorridgement by the sale of y. of which you ones promises the acctt

3477 3385 2450 121 I observe, what you say of one mr. Luke norton, I have examined the case butt

3478 3503 2453 95 can not yett learne the truth onely that an Englishman is kept close prissoner

3486 3577 2448 119 in the castle of this towne, butt who he is, or why, I can not leavre,t is certane

3480 3661 2399 124 not up on acctt of Religion for that is never questioned here much less any

3478 3745 2456 117 man imprisoned up ou that acctt. I intend to go & see him, if possibly I can

3486 3855 2451 136 come to him haveing good accquaintance in the castle, so that I hope

3478 3944 2296 137 pr. next to intemate you the whole affarres, whilst now

3463 4014 888 144 I remaine with kinde saluto
