8569 4622
1096 242 2271 111 valew, haveing drawne itt on mr. George Cole att 35:4 which is £182114:15

1081 303 2225 123 god in haven send the goods speady over & safe to arrive, when I will

1037 382 2256 96 not question a good markett whilst in case in the meine whill I can

1082 443 2240 128 serve you in any thing elee freely command mee wishing you an hapssy

1082 549 1419 97 new year athousands tledings & so remaine

2825 548 481 107 @ 9 Pannary

826 555 880 169 London Jeorghe Cole3

1723 613 260 102 th m

1085 622 2229 136 in answer toyd of 16 ott I have payd for mr. Eluathan Emim of Dublin

1078 705 2234 138 ƒ1936:- 14 is in £322:15„8 flenish which please to pass to my creditt with

1081 785 2250 114 the estate of osr. De seased & make mr. lumm Debtor for itt att 35:4 which

1072 849 2255 93 make st £182:-14:1 haveing advised him that so much I have drawne

1590 939 62 60 th

1079 927 2259 138 on you of the 30:- past 2 uso as to mr. shibben he was here some time sence

1071 993 2289 127 promised to do wonders butt I doubt itt are butt words, yett greceaved 3 dages

1088 1074 2257 137 sence a bale of serges, provided by willioon hobb, for acctt. of mee & order of

1097 1151 2262 101 in shibboer, I am to payeither itt beeng £50:- 18:0 en if you please to do mee the

1073 1198 2265 127 kindress to give them content you will oblige mee & ill pay yd bill for itt

1073 1295 2253 108 as to the £80:- bill seeng you can not helpe mee fuuther, lett mee have

1080 1385 2253 105 then the attestation that mr. Deheyffer did signe to yd agreement as the

1087 1482 2255 100 rest of the acctt. of CS. you han shall have itt pr. next, expressed in all

1073 1531 2280 128 perticulars to jd order for though Ilove to cleare all things yett I do not

1072 1636 2261 92 love to bein disboursed for standing out debto &wish you an hapny newseare

2991 1694 328 108 13 danrary

828 1669 858 137 London Abram vivian

1798 1694 127 91 th

1089 1697 2223 163 Sr. in answertoyd of 15. pass. sence have no news yett of suith butt the

1097 1806 2256 116 continuall badrenther & contrary rinds keep hin back  doubt Iamsorry

1079 1894 2231 109 there is butt 2 pakes of bayes which him & that the rest is not by coesides

1092 1937 2263 121 the in ordered must have soo  more assorted from 34 to 50 stap. solett

1095 1989 2254 172 yd freinds in the north be a buying when he mee to apenmy worthe to complen

1081 2052 2283 185 such a parcell or more att least noless, butt that the goods may be well quallsed

1090 2129 2261 157 in breath & lenght & goodness, foulded in a good manner & made up with silh take

1096 2233 2206 145 I have att least prevailed with my freindatt gand that by his endeavours he

1088 2301 2191 121 hath receaved 201: atteacons there so you are cleared there of, wherefore

1108 2340 2253 149 returne yoou the inclosed letter if you resolve to come over you must not

1090 2438 2243 146 stay longe then a month, becauses laces will not continew much longer

1091 2487 2225 149 att that, tite they are no watt, which is no less then 25 Pc. & 30 heaper

1105 2561 2138 140 then what they were last summer which is the needfull att present

2793 2645 555 110 @ 7 Janwary 82

844 2648 847 127 London nuchhel Peeters

1098 2693 2245 167 mons. in antwoort aenden ul van 12 passato, segge dat het geen manier is, oyt

1109 2779 2213 155 een volle ligindatie te maken ende salvo ervore bij te stellen want daer toe

1090 2838 2256 169 geeft men malkanderen sijn rekeningen overom de erreuren aloorens uyt

1063 2915 2265 158 tevinden, eermen tot deliquitatie comt, daer en is memant die ick daer

1110 2993 2138 152 over spreken ofte sij geven u groot ongelijk, dat ul mij wilt accuseeren

1087 3073 2209 154 waer om ick niet en remitteeren, brenwel mr. maynartd wort in 3 a4dege

1098 3135 2243 160 hier verwaght sal mijn debvoor doen om met den selve ul intrest waer

1107 3225 2158 152 te nemen sende doen gelijk voor mijn selve ul sal ul moeder & ul selven

1101 3255 2177 186 groote dinst doen, soo ul de scildergen van teniers sent wensohel

2734 3346 589 130 a 9 Januarij 1681

1812 3430 115 80 th

836 3397 693 137 London Will Pindar

1120 3418 2235 148 S. in answer to yd of 8: pass. send in closed yd acctt. of sale the 17 resting serpe

1104 3528 2234 101 as also yd acctt. curitt. bij which is due to you 36: 8:8 flemish when all

1102 3573 2265 156 shall berec. itt beeng standing out by thomas seaman & Philipunderguss

1094 3658 2235 134 & is all what comes to you. you omitted to noted in yd letter the £35:6:3

1099 3745 2252 119 flemish which was the ballance of yd acctt. 1680:. Iamd. & you ordered

1116 3778 2246 148 mee to make itt over to mr. southell so examm his acctt & you will finde

1111 3844 2250 124 credit for itt for you have also here inclosed a perticular note where nym

1104 3916 2126 135 may see how many goods grec. & sold & howitt is payd you need not to

1112 3976 2222 135 recommendany inte gritie to mee for I was not tserve you in comission

1116 4038 2205 145 had itt not been to please my freind mr. southell god betaucked I can trade

1111 4106 2180 150 for my owne, that you sended goods tomie was agiust my will & order

1109 4168 2259 128 besides not att all fitt for ans markett sos should not wonder though thelots

1119 4288 2225 70 was much which now will onely be the loss of thneferyd first yost you

1117 4317 2231 124 say tobe £205: att 36 makes £369 & is the hull proceed of themallwhen

1095 4379 2260 106 the rest comes in you shall have itt && shall be glad to meddle no more with the

1901 4430 529 59 sck rmiss

3417 211 900 110 brugge Raphael be Daniel whijte

5079 211 931 99 Antwerpen 7 Januury 1681

3584 249 2388 143 monsr. volgens den ul van 16 past. hebbe het pack D.SN1 ontfangen, sal mr. shebbor

3598 364 2328 90 het noodigh besorgen, ende de onkost rek van ul verwaghten, waer mede blijve

3402 391 680 130 brugge Roephaek Costs

5409 396 605 114 @ 7 ditto aa 1681

3597 441 2398 125 mijn H. in antwoort aenden ul van 4 deser de gespolier de kanten sijn tot gent wel uyt

3583 540 2445 74 gevonden, Doch wat middel om daer aen te geraken terwijlen men ondervint dat het is

3586 601 2424 80 den colouel delimal selfs die sijn soldaeten protegeert, ende bijden welkes men

3590 676 2382 27 seght de hanten bekent sijn tot nochtoeisser maer een packiette vande i3 voor

3555 711 2385 104 dendagh gecomen, godt gene derest mach ter hant komen  N 21 en mach

3596 765 2297 91 niet versonden worden ten sij mr. Loyd n sulx ordonneerd N.22 is naegent

3603 854 2409 52 vertrocken omaenrl te komen, de welk den cke voor messr. prokerrny &robbinson

3599 880 2415 118 sal wesen, hebbe daer beneffens een casken met eenige slejste van 6 suilderijen

3583 938 2430 113 in Ditto casken: beyd tsamen gebonden gemerckt L N.1:2 om p eerste

3588 1004 2419 118 occasie aen m. loyd te senden hosten samen ƒ65:-: van london p tho:

3592 1056 2430 130 barbaer verwaghte een pack LNN9 met 5 dobbel roy lakens ten arrivement

3599 1135 2409 131 gelieft aen mij die voortsganck tegeven hope thomas sath haest sal vrinder

3582 1182 2419 154 alsoo om de bayen verlegen ben ul rek. courant sal exanimeeren terwijlen

3445 1292 786 142 Gent Pauls van Espleg hem

5425 1268 588 149 @ 9 Janury 18

3600 1377 2388 97 mons jhebbe wij hebben seer geirne gelesen ul brief van gisteren, den welken one te

3600 1437 2424 115 kennen geeft als dat ul noch drij naxkens hadde bekomen met hope vanden selven aront ofte

3596 1490 2436 140 heden noch een uijt te vinden dew goet geve soo verwaghte wij dat met verlangen te verstee

3599 1575 2415 132 wat voorder passert doch wij vreesen dat de paxkens niet geheel en sijn, midts ul

3611 1653 2379 119 seght dat de selve seer verhoyt en verhandelt sijn & open, ul soude dan hebbe in alles

3599 1709 2391 123 & paxkens ist saekel datt geene ul verwaghte noch in komen was tenware voor ul

3616 1778 2382 116 aenkomst noch meerder waren bekomen, want 5 paxkens en kan het paert vande

3608 1819 2412 116 ruijters niet sijn overmidts sij onder hmne sessen waren ende de vaet gangers

3605 1888 2415 124 maer 5, soo be hoorde de ruyters het meest deel gehadt te hebben want, daer waren

3608 1998 2403 75 in alles 13 packens 8 van brussel waer, van mons rousseau kemnese heeft hoe

3605 2004 2427 114 veel stuxkens wnder paxken was 3 van monr. vanden broek alle renise kanten

3610 2077 2407 94 die genoghsaem tekennen sijn &2 paxkens van mij waer van het een in hout

3600 2135 2397 116 26 stuxken genondiet van N. 125 tot 150:- ende gevouwen smal gelijk

3612 2207 2385 107 dit pampier ingesloten het dander hant, in 25 stuxkens van 151 tot 175, eens

3619 2270 2397 132 soo breet gerouwen als het ander, soo dat ul gelieft daer de beste sorge voor te dragen

3618 2364 2394 89 op dat sij geen 2 pankens van eene maken ende maerde helft oft van

3610 2408 2418 102 ider paxken wederleveren het sal best sijn de bekomen hanten herrewaerts

3618 2472 2412 103 te senden, oft wel ergens bij mons francois herrebout ofte diergelijke goede

3623 2527 2406 135 be waernisse teleggen tot dat den bode ofte ul overkomt omdie mede te bringe

3621 2601 2433 99 op dat godt ons geen meeder malheum daerraen verliene ten ware ul dat naer

3622 2656 2388 113 geraet saem voort, maer lhever in een kasse te doen doen bij een, ende soo

3591 2721 2421 133 te senden door herrebout p schepe ofte wagen waer vrer met monsroussenr

3632 2778 2388 121 van brussel die nu costij is gelieft te adviseeren hij is oock geintresseerteren

3617 2825 2429 137 wel hij weres dehanten moeten herrewaerts komen godt gene ul goede vooren

3619 2898 2418 155 spoet urt geene ul voorons hebt gelieven te ondernemen terwijlen wijdagelijkx

3623 2953 2422 136 van lange ul advies te hebben waer dan ingesloten gelieft aen mons. rousseau

3632 3042 1614 109 te geven hout den tode bij ul soo lanck het moodechert

5389 3021 542 145 a 2 ditto 12

3473 3098 817 132 Gent Antonio Rousseau

3642 3097 2379 158 mons Jespere que vous est bien arrive agand et que vous avez bien trouvez mons.

3634 3179 2395 138 van Espleskent ure amis aver nre messagier cay sa lettre que nous fact franoi

3641 3304 2355 82 qu'il avoit trouve encor 3 packett ane resperence de entreprendre davantagie

3631 3318 2351 108 mais qui les parquett sont overt ce que nous furt craindre que les soldats

3656 3381 2372 87 aurent pris quelque s pes. dehos tellement qu'il est fort bien qui vous

3646 3433 2355 96 et la pour nouvoir dire combien chaqu de les vres contsement, car ceux

3669 3496 2346 112 de mons vanden boock som dvalir de crenise qiu sent fort bien a conoente

3646 3544 2385 119 eena dennoy sans dun pacquet 26peeces & dans lautre 25 selon les numbres envoye

3646 3597 2388 108 a mijns van esplegesn c'espere que vous pouuriez rester quelque jours agand enfir

3636 3683 2406 106 de faire touts asvistance possible, quand l'affuire sera fin il nous semble apropd

3652 3761 2395 98 de faire venir les dentelles, touts dans un casse furt exstres debois I decharce tst

3649 3820 2350 101 ou pr debesaut accuse que ures amis pourrount estre suspert misol dadis

3625 3860 2385 102 de gurison et les attaquer aultre fois, ou si vous lsne trouve pas bien sace

3643 3949 2305 104 vous are les faires, mettre entre les maisons de mons herrebout

3642 3998 2323 119 mon facteur qui apres preudra bien soing denous les envoyer t

3661 4087 2344 89 ce que vous plaira faire fait avet intervintion demons vaneplep

3657 4109 2381 114 ea mis et le mair de place selon que vous tronvera da faire car zevous

3638 4183 2244 92 asseure que mons vanesplegin et leplus propme diemonde jour une

3639 4251 2246 107 aitaine les bonne donne de les pouvoir tours receauor piuas
