7996 4595
3275 189 941 119 London George Balderston

5197 217 726 119 In Antwarp 15 fob

4180 252 71 78 th

5838 283 78 64 20

3550 251 2388 156 Sr. yd of 8 xb & 24: past I have well recd. also the hose which I finde extican

3541 388 2375 123 ly small & narrow formens huitt hose really Idid exspect some thing

3550 438 2363 120 better: whoever I have gven mr. maynard the 4: curitt order to pay you

3541 523 2301 134 to better content you may present the in closed note & geve up on

3555 584 1308 136 recept yd accquittante & so remaine

4990 602 921 149 the hose are butt for royes

3549 646 1100 165 & not fitt for a stout or bigg hegg

5066 705 842 144 In Antwrp 15 feb 1681

3264 712 782 173 London Lucy knightley

3528 851 2402 124 S. of late non from you, so this cheefly: for covert to the inclosed bill

3529 909 2355 155 of £70: ft off this day 2 uso on Pieter de cockre I anior which please

3549 998 2325 144 to gett accepted & pass to my acctt. fuither desire you please to buy for

3540 1093 2354 146 mee 4 whole reds of £9: 2 of £8: & 2 p of £10 a p with 2 auroras

3532 1165 2355 149 or a kinde of scarlett of £11:10 a £12 t apeeces to be so dubble redd

3542 1258 2390 137 in one bale wrapped with 4 white manchester hayes of about 42

3519 1329 2405 129 & to be sent p. very first opportunitie for brugges: desire yd expediates

3532 1415 2372 134 p very first & advise of what passes, as also, what news you heare

3535 1485 1069 132 of John nelson & so remaine

3880 1573 689 108 the pack I desire is

4053 1614 1085 111 2 duble reds offs or the reabout

4068 1700 588 133 4 ditto of 19:

4049 1771 743 116 2 ditto of „50:-

4053 1808 947 151 L auroras of „11:10 a £12:

4051 1898 1085 138 so as best yon finde a penny wort

3220 1954 1280 179 Brussel lebastiaen van Homborght

4978 1988 884 155 In Antwerpen 15 ƒeb62:

3524 2079 2299 157 mons. in antwoort vanden ul van 11 deser hebbe o bonne croy niet

3530 2164 2316 116 konnen uytstellen, oversulx hebbe die weirde gisteren op ul getrocken

3519 2271 2345 122 te betaelen aen monsr. inncolaus cristoss van thienen te weten veertigh

3520 2341 2286 133 pour vlaems voorde weirde alhier ontf van monsr Jacomo Bouwens

3527 2442 2287 119 oversulx versoeck de goetheyt te hebben den selve prompt te voldoen &

3527 2553 2345 92 met qiutantie in te treeken beneffens dese twee medegaende quitantie

3518 2591 2381 137 van hem te doen teeken & aen mij terugge te senden & soo den selven

3510 2702 2394 135 van thienen daer over refus maeckt hem geenepennigh te betaelen

3502 2747 2373 166 dit doende geschiet mij vrindtschap ul asseurende de w om ul dinst

3516 2822 996 128 te doen ter wijlen blijve

3220 2871 934 161 Menwporte michhel vallego

5088 2865 795 178 In Antwerp: 27 b

3524 3002 2333 157 Mons. 14 deser was aen ul mijnen lesten met een packete

3526 3092 2352 121 canten AAV.N.10 tselve hope voor nu al is geworden desen om te

3508 3189 2378 142 accompanie noch een ditto packe N.11, de welck op de se gorste manier

3507 3221 2390 195 over dovere wae London gelieft voort ganck tegeven aen mons

3484 3369 2378 149 Abram vivian vant gepasseerde verneme geirne een wort advies

5709 3475 105 92 2

3504 3462 1221 144 terwijlen nae groetblijve

4955 3490 929 176 In Antwerpen 17 feb 1681

3224 3499 1194 151 Brugge Raphael coots  m

3524 3565 2310 160 mijn ho 10 deser heb ul p bode crat missane toegesonden een packie

3508 3694 2301 135 goudt van grooter weird den 12 ditto p advies geconfirmeert 14 ditto

3488 3724 2396 137 andermael daer aen gereferrert al hoewel tot mijn leet wesen daer over

3511 3840 2372 131 geen antwoort hebbe becomen, nochtans hope het selve ul wel is behaudig

3479 3919 2357 110 waer voor eenigh foute is daer ul de goede sooge recommandeeren het

3491 4007 2372 129 pack HC N36 beneffens de twee stoff packen verwaght p wagens met

3506 4095 2290 125 alle spoet, oock de pack AIV. N 21 & £2 de welke tweeleest niet liene

3482 4188 2378 100 dobbelaer mogen copen, alsoock N. 36 iet tweestoffe pack bij aldie

3488 4256 2375 124 de selve voor nu met sijn versonden p geseyde dobbelaer sende heden aen

3491 4342 2256 96 ul een pagkie AIN17 ontscluote bewaeren voorde eerst
