<?xml version="1.0" encoding="UTF-8"?>
<alto xmlns:xsi="http://www.w3.org/2001/XMLSchema-instance"
      xmlns="http://www.loc.gov/standards/alto/ns-v4#"
      xmlns:page="http://schema.primaresearch.org/PAGE/gts/pagecontent/2013-07-15"
      xsi:schemaLocation="http://www.loc.gov/standards/alto/ns-v4# https://www.loc.gov/standards/alto/v4/alto.xsd">
   <Description>
      <MeasurementUnit>pixel</MeasurementUnit>
      <OCRProcessing ID="IdOcr">
         <ocrProcessingStep>
            <processingDateTime>2022-02-04T12:08:03.551+01:00</processingDateTime>
            <processingSoftware>
               <softwareCreator>READ COOP</softwareCreator>
               <softwareName>Transkribus</softwareName>
            </processingSoftware>
         </ocrProcessingStep>
      </OCRProcessing>
   </Description>
   <Layout>
      <Page ID="Page1" PHYSICAL_IMG_NR="1" HEIGHT="4634" WIDTH="8286">
         <TopMargin HEIGHT="0" WIDTH="8286" VPOS="0" HPOS="0"/>
         <LeftMargin HEIGHT="4634" WIDTH="0" VPOS="0" HPOS="0"/>
         <RightMargin HEIGHT="4634" WIDTH="0" VPOS="0" HPOS="8286"/>
         <BottomMargin HEIGHT="0" WIDTH="8286" VPOS="4634" HPOS="0"/>
         <PrintSpace HEIGHT="4634" WIDTH="8286" VPOS="0" HPOS="0">
            <TextBlock ID="region_1638960602613_7301"
                       HEIGHT="4020"
                       WIDTH="2761"
                       VPOS="109"
                       HPOS="472">
               <Shape>
                  <Polygon POINTS="472,109 3233,109 3233,4129 472,4129"/>
               </Shape>
               <TextLine ID="region_1638960602613_7301l1"
                         BASELINE="2474,266 2499,266 2525,267 2550,266 2576,266 2601,266 2627,264 2652,264 2678,262 2704,262 2729,259 2755,258 2780,258 2806,256 2831,256 2857,256 2882,256 2908,256 2934,256"
                         HEIGHT="167"
                         WIDTH="492"
                         VPOS="168"
                         HPOS="2458">
                  <String ID="string_region_1638960602613_7301l1"
                          HEIGHT="167"
                          WIDTH="492"
                          VPOS="168"
                          HPOS="2458"
                          CONTENT="a 15 8b 1682"/>
               </TextLine>
               <TextLine ID="region_1638960602613_7301l2"
                         BASELINE="588,332 631,325 675,320 718,317 762,313 805,310 849,308 892,307 936,306 979,305 1023,304 1066,304 1110,304 1153,302 1197,302 1240,302 1284,301 1327,300 1371,298 1414,296 1458,294"
                         HEIGHT="148"
                         WIDTH="905"
                         VPOS="217"
                         HPOS="569">
                  <String ID="string_region_1638960602613_7301l2"
                          HEIGHT="148"
                          WIDTH="905"
                          VPOS="217"
                          HPOS="569"
                          CONTENT="Rotterdam Jan van de Heule "/>
               </TextLine>
               <TextLine ID="region_1638960602613_7301l3"
                         BASELINE="758,418 881,420 1004,422 1127,420 1250,420 1373,418 1496,415 1619,412 1742,410 1865,406 1989,402 2112,399 2235,396 2358,394 2481,391 2604,390 2727,390 2850,390 2973,391 3096,394 3220,398"
                         HEIGHT="157"
                         WIDTH="2493"
                         VPOS="303"
                         HPOS="742">
                  <String ID="string_region_1638960602613_7301l3"
                          HEIGHT="157"
                          WIDTH="2493"
                          VPOS="303"
                          HPOS="742"
                          CONTENT="In antw. aen den ul van 13 deser, sien de gecogl te 2 balen wolle te gemoet ae mede de"/>
               </TextLine>
               <TextLine ID="region_1638960602613_7301l4"
                         BASELINE="762,506 885,508 1008,506 1131,506 1254,504 1377,502 1500,500 1623,497 1746,494 1869,491 1992,488 2115,484 2238,482 2361,480 2484,477 2607,476 2730,474 2853,474 2976,474 3099,474 3222,476"
                         HEIGHT="129"
                         WIDTH="2494"
                         VPOS="413"
                         HPOS="744">
                  <String ID="string_region_1638960602613_7301l4"
                          HEIGHT="129"
                          WIDTH="2494"
                          VPOS="413"
                          HPOS="744"
                          CONTENT="zeep van de selve. '&amp; is wel dat smits gearriv is met het pacq A.V N°30 't welck"/>
               </TextLine>
               <TextLine ID="region_1638960602613_7301l5"
                         BASELINE="758,602 881,599 1004,594 1127,591 1250,588 1374,584 1497,582 1620,580 1743,576 1866,575 1990,573 2113,572 2236,570 2359,568 2482,568 2606,567 2729,566 2852,566 2975,566 3098,566 3222,566"
                         HEIGHT="113"
                         WIDTH="2496"
                         VPOS="529"
                         HPOS="741">
                  <String ID="string_region_1638960602613_7301l5"
                          HEIGHT="113"
                          WIDTH="2496"
                          VPOS="529"
                          HPOS="741"
                          CONTENT="beneffens de wolle, verwaghte, het is de neghgenie van mijn facteur tot stull, dat d'ander"/>
               </TextLine>
               <TextLine ID="region_1638960602613_7301l6"
                         BASELINE="762,700 884,694 1007,688 1129,684 1252,680 1375,676 1497,674 1620,670 1742,668 1865,666 1988,664 2110,662 2233,660 2355,660 2478,658 2601,658 2723,658 2846,656 2968,656 3091,656 3214,656"
                         HEIGHT="148"
                         WIDTH="2481"
                         VPOS="579"
                         HPOS="747">
                  <String ID="string_region_1638960602613_7301l6"
                          HEIGHT="148"
                          WIDTH="2481"
                          VPOS="579"
                          HPOS="747"
                          CONTENT="2 packen sijn aghter gebleeven, volgens van dem des verstaen, gelieft van de smish te sabon"/>
               </TextLine>
               <TextLine ID="region_1638960602613_7301l7"
                         BASELINE="778,778 900,778 1022,776 1144,774 1266,772 1388,770 1510,766 1632,764 1754,760 1876,758 1998,755 2120,752 2242,750 2364,748 2486,746 2608,746 2730,744 2852,746 2974,746 3096,748 3218,752"
                         HEIGHT="155"
                         WIDTH="2470"
                         VPOS="680"
                         HPOS="763">
                  <String ID="string_region_1638960602613_7301l7"
                          HEIGHT="155"
                          WIDTH="2470"
                          VPOS="680"
                          HPOS="763"
                          CONTENT="we hem in laedinge tot sHull &amp; cost oft dat is gevolget, &amp; toe lange wel sal vand"/>
               </TextLine>
               <TextLine ID="region_1638960602613_7301l8"
                         BASELINE="782,874 837,874 893,874 949,872 1005,872 1061,871 1117,870 1173,868 1229,866 1285,866 1341,864 1396,864 1452,862 1508,861 1564,860 1620,860 1676,860 1732,860 1788,860 1844,862 1900,862"
                         HEIGHT="140"
                         WIDTH="1148"
                         VPOS="785"
                         HPOS="767">
                  <String ID="string_region_1638960602613_7301l8"
                          HEIGHT="140"
                          WIDTH="1148"
                          VPOS="785"
                          HPOS="767"
                          CONTENT="am mijn nmesures vervolgens ten nemen"/>
               </TextLine>
               <TextLine ID="region_1638960602613_7301l9"
                         BASELINE="2660,938 2685,938 2710,938 2736,937 2761,936 2787,933 2812,930 2838,927 2863,925 2889,924 2914,922 2940,924"
                         HEIGHT="182"
                         WIDTH="319"
                         VPOS="787"
                         HPOS="2637">
                  <String ID="string_region_1638960602613_7301l9"
                          HEIGHT="182"
                          WIDTH="319"
                          VPOS="787"
                          HPOS="2637"
                          CONTENT="C 15d."/>
               </TextLine>
               <TextLine ID="region_1638960602613_7301l10"
                         BASELINE="596,1006 624,1000 653,994 682,989 711,986 740,981 769,979 798,978 827,976 856,974 885,974 913,974 942,972 971,972 1000,972 1029,972 1058,972 1087,972 1116,972 1145,970 1174,970"
                         HEIGHT="161"
                         WIDTH="613"
                         VPOS="881"
                         HPOS="579">
                  <String ID="string_region_1638960602613_7301l10"
                          HEIGHT="161"
                          WIDTH="613"
                          VPOS="881"
                          HPOS="579"
                          CONTENT="am. Damil Juclery"/>
               </TextLine>
               <TextLine ID="region_1638960602613_7301l11"
                         BASELINE="766,1076 888,1068 1010,1061 1132,1056 1254,1052 1376,1048 1498,1044 1620,1042 1742,1040 1864,1040 1987,1038 2109,1037 2231,1036 2353,1036 2475,1034 2597,1032 2719,1032 2841,1029 2963,1026 3085,1022 3208,1018"
                         HEIGHT="135"
                         WIDTH="2474"
                         VPOS="954"
                         HPOS="748">
                  <String ID="string_region_1638960602613_7301l11"
                          HEIGHT="135"
                          WIDTH="2474"
                          VPOS="954"
                          HPOS="748"
                          CONTENT="sende ul g poste 't cleyn packelien met adves aen ul. daer mede te volgen d'ord. van mt"/>
               </TextLine>
               <TextLine ID="region_1638960602613_7301l12"
                         BASELINE="788,1166 874,1160 960,1156 1046,1151 1132,1148 1218,1144 1304,1140 1390,1138 1476,1136 1562,1133 1648,1132 1734,1130 1820,1128 1906,1128 1992,1127 2078,1126 2164,1126 2250,1126 2336,1124 2422,1124 2508,1124"
                         HEIGHT="135"
                         WIDTH="1754"
                         VPOS="1047"
                         HPOS="771">
                  <String ID="string_region_1638960602613_7301l12"
                          HEIGHT="135"
                          WIDTH="1754"
                          VPOS="1047"
                          HPOS="771"
                          CONTENT="ant Rousseau van Brussel, 't welcke ul diene tot advijs"/>
               </TextLine>
               <TextLine ID="region_1638960602613_7301l13"
                         BASELINE="2690,1250 2716,1248 2743,1247 2770,1245 2797,1243 2824,1241 2851,1240 2878,1237 2905,1236 2932,1234"
                         HEIGHT="158"
                         WIDTH="277"
                         VPOS="1141"
                         HPOS="2671">
                  <String ID="string_region_1638960602613_7301l13"
                          HEIGHT="158"
                          WIDTH="277"
                          VPOS="1141"
                          HPOS="2671"
                          CONTENT="a 15d"/>
               </TextLine>
               <TextLine ID="region_1638960602613_7301l14"
                         BASELINE="580,1270 612,1267 644,1264 677,1263 709,1262 742,1261 774,1260 806,1261 839,1262 871,1262 904,1263 936,1264 968,1264 1001,1266 1033,1266 1066,1266 1098,1264 1130,1264 1163,1262 1195,1259 1228,1256"
                         HEIGHT="155"
                         WIDTH="678"
                         VPOS="1182"
                         HPOS="565">
                  <String ID="string_region_1638960602613_7301l14"
                          HEIGHT="155"
                          WIDTH="678"
                          VPOS="1182"
                          HPOS="565"
                          CONTENT="Dermonde Malliart ofte"/>
               </TextLine>
               <TextLine ID="region_1638960602613_7301l15"
                         BASELINE="778,1368 900,1370 1022,1370 1144,1368 1266,1368 1389,1368 1511,1366 1633,1366 1755,1364 1877,1363 2000,1362 2122,1361 2244,1360 2366,1358 2488,1358 2611,1358 2733,1358 2855,1358 2977,1358 3099,1358 3222,1360"
                         HEIGHT="165"
                         WIDTH="2475"
                         VPOS="1260"
                         HPOS="763">
                  <String ID="string_region_1638960602613_7301l15"
                          HEIGHT="165"
                          WIDTH="2475"
                          VPOS="1260"
                          HPOS="763"
                          CONTENT="In antw. aen den ul van gisteren hebbe de ƒ100- ontff. &amp; seijnde aen ul stel ord. 2 roij carsijen"/>
               </TextLine>
               <TextLine ID="region_1638960602613_7301l16"
                         BASELINE="774,1462 896,1462 1019,1462 1142,1462 1265,1462 1388,1460 1510,1459 1633,1458 1756,1456 1879,1454 2002,1454 2124,1452 2247,1450 2370,1450 2493,1450 2616,1448 2738,1450 2861,1450 2984,1452 3107,1454 3230,1456"
                         HEIGHT="98"
                         WIDTH="2490"
                         VPOS="1408"
                         HPOS="757">
                  <String ID="string_region_1638960602613_7301l16"
                          HEIGHT="98"
                          WIDTH="2490"
                          VPOS="1408"
                          HPOS="757"
                          CONTENT="waer van tet eenen is voor sorde van staenbeck, waer voor ul nogh ƒ1- gelieft te ontfe"/>
               </TextLine>
               <TextLine ID="region_1638960602613_7301l17"
                         BASELINE="788,1564 908,1560 1029,1557 1150,1554 1270,1552 1391,1552 1512,1550 1632,1550 1753,1550 1874,1550 1995,1548 2115,1548 2236,1548 2357,1548 2477,1548 2598,1546 2719,1546 2839,1544 2960,1542 3081,1540 3202,1536"
                         HEIGHT="151"
                         WIDTH="2444"
                         VPOS="1473"
                         HPOS="772">
                  <String ID="string_region_1638960602613_7301l17"
                          HEIGHT="151"
                          WIDTH="2444"
                          VPOS="1473"
                          HPOS="772"
                          CONTENT="alsoo tet selve niet minder als ƒ25- can geeven, &amp; sij aen mij maet tegens ƒ 24 leese"/>
               </TextLine>
               <TextLine ID="region_1638960602613_7301l18"
                         BASELINE="790,1670 911,1665 1032,1661 1153,1658 1274,1656 1395,1654 1516,1652 1637,1652 1758,1650 1879,1650 2000,1650 2121,1650 2242,1650 2363,1650 2484,1650 2605,1650 2726,1650 2847,1650 2968,1650 3089,1648 3210,1646"
                         HEIGHT="156"
                         WIDTH="2453"
                         VPOS="1574"
                         HPOS="774">
                  <String ID="string_region_1638960602613_7301l18"
                          HEIGHT="156"
                          WIDTH="2453"
                          VPOS="1574"
                          HPOS="774"
                          CONTENT="gesonden., ick sejnde ul boven dien t bruijn ros drape a ƒ33- scken hebbe geen"/>
               </TextLine>
               <TextLine ID="region_1638960602613_7301l19"
                         BASELINE="786,1770 906,1770 1027,1768 1147,1766 1268,1764 1389,1762 1509,1760 1630,1760 1750,1758 1871,1758 1992,1756 2112,1756 2233,1756 2353,1756 2474,1756 2595,1758 2715,1758 2836,1760 2956,1764 3077,1766 3198,1770"
                         HEIGHT="120"
                         WIDTH="2440"
                         VPOS="1681"
                         HPOS="772">
                  <String ID="string_region_1638960602613_7301l19"
                          HEIGHT="120"
                          WIDTH="2440"
                          VPOS="1681"
                          HPOS="772"
                          CONTENT="witte bayen maer in 8 a  sal den hebben as mede verse stoffen van alle sortimentenr"/>
               </TextLine>
               <TextLine ID="region_1638960602613_7301l20"
                         BASELINE="802,1868 923,1868 1044,1870 1166,1870 1287,1870 1409,1868 1530,1868 1651,1867 1773,1866 1894,1864 2016,1864 2137,1862 2258,1862 2380,1860 2501,1860 2623,1860 2744,1860 2865,1861 2987,1862 3108,1864 3230,1868"
                         HEIGHT="112"
                         WIDTH="2459"
                         VPOS="1799"
                         HPOS="787">
                  <String ID="string_region_1638960602613_7301l20"
                          HEIGHT="112"
                          WIDTH="2459"
                          VPOS="1799"
                          HPOS="787"
                          CONTENT="hebbe oocq gefriseerde Eng wilde pennestens, volgens mede gaende stael, waer i ul"/>
               </TextLine>
               <TextLine ID="region_1638960602613_7301l21"
                         BASELINE="808,1982 928,1977 1048,1972 1168,1970 1289,1968 1409,1966 1529,1964 1650,1964 1770,1964 1890,1964 2011,1966 2131,1966 2251,1968 2371,1969 2492,1970 2612,1972 2732,1973 2853,1974 2973,1976 3093,1976 3214,1976"
                         HEIGHT="142"
                         WIDTH="2437"
                         VPOS="1909"
                         HPOS="792">
                  <String ID="string_region_1638960602613_7301l21"
                          HEIGHT="142"
                          WIDTH="2437"
                          VPOS="1909"
                          HPOS="792"
                          CONTENT="can dienen gelieft te comand, hoe meer gelt ul aen mij sejnt toe aergenamen het"/>
               </TextLine>
               <TextLine ID="region_1638960602613_7301l22"
                         BASELINE="792,2080 844,2079 897,2078 950,2076 1003,2076 1056,2074 1109,2074 1162,2074 1215,2074 1268,2074 1321,2072 1373,2072 1426,2072 1479,2072 1532,2070 1585,2070 1638,2068 1691,2068 1744,2066 1797,2064 1850,2062"
                         HEIGHT="163"
                         WIDTH="1088"
                         VPOS="1973"
                         HPOS="776">
                  <String ID="string_region_1638960602613_7301l22"
                          HEIGHT="163"
                          WIDTH="1088"
                          VPOS="1973"
                          HPOS="776"
                          CONTENT="sal wesen, alsoo seer verlegen ben"/>
               </TextLine>
               <TextLine ID="region_1638960602613_7301l23"
                         BASELINE="2674,2188 2700,2186 2726,2187 2752,2188 2779,2188 2805,2190 2831,2190 2857,2189 2884,2186"
                         HEIGHT="212"
                         WIDTH="243"
                         VPOS="2043"
                         HPOS="2658">
                  <String ID="string_region_1638960602613_7301l23"
                          HEIGHT="212"
                          WIDTH="243"
                          VPOS="2043"
                          HPOS="2658"
                          CONTENT="a14s"/>
               </TextLine>
               <TextLine ID="region_1638960602613_7301l24"
                         BASELINE="600,2220 642,2216 684,2213 727,2210 769,2208 812,2206 854,2205 896,2202 939,2201 981,2200 1024,2199 1066,2198 1108,2198 1151,2198 1193,2196 1236,2196 1278,2196 1320,2196 1363,2194 1405,2194 1448,2192"
                         HEIGHT="174"
                         WIDTH="885"
                         VPOS="2104"
                         HPOS="581">
                  <String ID="string_region_1638960602613_7301l24"
                          HEIGHT="174"
                          WIDTH="885"
                          VPOS="2104"
                          HPOS="581"
                          CONTENT="Brussel Anna m de vos"/>
               </TextLine>
               <TextLine ID="region_1638960602613_7301l25"
                         BASELINE="792,2304 913,2302 1034,2300 1155,2298 1276,2298 1398,2298 1519,2298 1640,2298 1761,2300 1882,2300 2004,2302 2125,2304 2246,2306 2367,2308 2488,2310 2610,2314 2731,2316 2852,2320 2973,2324 3094,2327 3216,2332"
                         HEIGHT="215"
                         WIDTH="2457"
                         VPOS="2184"
                         HPOS="775">
                  <String ID="string_region_1638960602613_7301l25"
                          HEIGHT="215"
                          WIDTH="2457"
                          VPOS="2184"
                          HPOS="775"
                          CONTENT="gisteren heb aen ul ges, den intont van tet pacq voor m. Picaisie van Camerye"/>
               </TextLine>
               <TextLine ID="region_1638960602613_7301l26"
                         BASELINE="792,2398 913,2398 1034,2400 1155,2400 1276,2400 1397,2400 1518,2400 1639,2400 1760,2400 1881,2398 2002,2400 2123,2400 2244,2400 2365,2400 2486,2402 2607,2404 2728,2406 2849,2410 2970,2413 3091,2417 3212,2422"
                         HEIGHT="120"
                         WIDTH="2453"
                         VPOS="2335"
                         HPOS="776">
                  <String ID="string_region_1638960602613_7301l26"
                          HEIGHT="120"
                          WIDTH="2453"
                          VPOS="2335"
                          HPOS="776"
                          CONTENT="heden seynde ul de certificaie daer over, als sijnde altemael in lantse fabricque"/>
               </TextLine>
               <TextLine ID="region_1638960602613_7301l27"
                         BASELINE="800,2498 918,2496 1037,2496 1156,2496 1275,2496 1394,2496 1512,2496 1631,2496 1750,2496 1869,2496 1988,2496 2106,2498 2225,2498 2344,2500 2463,2501 2582,2502 2700,2504 2819,2508 2938,2510 3057,2512 3176,2516"
                         HEIGHT="126"
                         WIDTH="2407"
                         VPOS="2458"
                         HPOS="784">
                  <String ID="string_region_1638960602613_7301l27"
                          HEIGHT="126"
                          WIDTH="2407"
                          VPOS="2458"
                          HPOS="784"
                          CONTENT="soo dat nu dencke alles wel is. t en heb het pacq hier niet laten wegen, soo"/>
               </TextLine>
               <TextLine ID="region_1638960602613_7301l28"
                         BASELINE="798,2600 916,2598 1035,2596 1153,2596 1272,2594 1391,2594 1509,2596 1628,2596 1746,2597 1865,2598 1984,2600 2102,2602 2221,2602 2339,2604 2458,2606 2577,2606 2695,2606 2814,2608 2932,2608 3051,2606 3170,2606"
                         HEIGHT="172"
                         WIDTH="2404"
                         VPOS="2500"
                         HPOS="782">
                  <String ID="string_region_1638960602613_7301l28"
                          HEIGHT="172"
                          WIDTH="2404"
                          VPOS="2500"
                          HPOS="782"
                          CONTENT="gelieft ul het selve te doen, &amp; sorge dragen dat het wel voorts bestelt woorde"/>
               </TextLine>
               <TextLine ID="region_1638960602613_7301l29"
                         BASELINE="598,2742 640,2738 683,2737 725,2734 768,2732 811,2731 853,2729 896,2728 938,2727 981,2726 1024,2725 1066,2724 1109,2724 1151,2722 1194,2722 1237,2720 1279,2718 1322,2717 1364,2716 1407,2712 1450,2710"
                         HEIGHT="191"
                         WIDTH="883"
                         VPOS="2604"
                         HPOS="581">
                  <String ID="string_region_1638960602613_7301l29"
                          HEIGHT="191"
                          WIDTH="883"
                          VPOS="2604"
                          HPOS="581"
                          CONTENT="Brussel Andt Artsns"/>
               </TextLine>
               <TextLine ID="region_1638960602613_7301l30"
                         BASELINE="2770,2738 2796,2740 2823,2739 2850,2738 2877,2737 2904,2736 2931,2735 2958,2734 2985,2732 3012,2732"
                         HEIGHT="118"
                         WIDTH="273"
                         VPOS="2658"
                         HPOS="2754">
                  <String ID="string_region_1638960602613_7301l30"
                          HEIGHT="118"
                          WIDTH="273"
                          VPOS="2658"
                          HPOS="2754"
                          CONTENT="C 15d"/>
               </TextLine>
               <TextLine ID="region_1638960602613_7301l31"
                         BASELINE="812,2826 931,2822 1050,2820 1170,2818 1289,2816 1409,2814 1528,2814 1647,2814 1767,2814 1886,2814 2006,2815 2125,2816 2244,2818 2364,2820 2483,2822 2603,2826 2722,2828 2841,2831 2961,2834 3080,2838 3200,2842"
                         HEIGHT="168"
                         WIDTH="2419"
                         VPOS="2730"
                         HPOS="798">
                  <String ID="string_region_1638960602613_7301l31"
                          HEIGHT="168"
                          WIDTH="2419"
                          VPOS="2730"
                          HPOS="798"
                          CONTENT="volgens ul ord. van gisteren hebbe heden ul toe gesonden p beurtschip het grijs laken"/>
               </TextLine>
               <TextLine ID="region_1638960602613_7301l32"
                         BASELINE="812,2928 902,2922 992,2918 1082,2914 1172,2910 1262,2908 1352,2906 1442,2904 1532,2904 1622,2904 1712,2904 1802,2904 1892,2904 1982,2906 2072,2906 2162,2908 2252,2910 2342,2912 2432,2914 2522,2916 2612,2918"
                         HEIGHT="162"
                         WIDTH="1830"
                         VPOS="2827"
                         HPOS="796">
                  <String ID="string_region_1638960602613_7301l32"
                          HEIGHT="162"
                          WIDTH="1830"
                          VPOS="2827"
                          HPOS="796"
                          CONTENT="n. 230 waer van het stael hier beneven terugge sejnde"/>
               </TextLine>
               <TextLine ID="region_1638960602613_7301l33"
                         BASELINE="608,3032 646,3028 685,3024 723,3023 762,3022 800,3020 839,3020 877,3020 916,3020 954,3020 993,3022 1031,3022 1070,3022 1108,3024 1147,3024 1185,3024 1224,3026 1262,3026 1301,3024 1339,3024 1378,3022"
                         HEIGHT="164"
                         WIDTH="801"
                         VPOS="2918"
                         HPOS="593">
                  <String ID="string_region_1638960602613_7301l33"
                          HEIGHT="164"
                          WIDTH="801"
                          VPOS="2918"
                          HPOS="593"
                          CONTENT="Brussel Jan B Baudier"/>
               </TextLine>
               <TextLine ID="region_1638960602613_7301l34"
                         BASELINE="2804,3026 2829,3026 2854,3026 2880,3026 2905,3026 2930,3026 2956,3026"
                         HEIGHT="123"
                         WIDTH="181"
                         VPOS="2964"
                         HPOS="2789">
                  <String ID="string_region_1638960602613_7301l34"
                          HEIGHT="123"
                          WIDTH="181"
                          VPOS="2964"
                          HPOS="2789"
                          CONTENT="15d"/>
               </TextLine>
               <TextLine ID="region_1638960602613_7301l35"
                         BASELINE="826,3134 945,3130 1065,3128 1185,3124 1305,3124 1425,3122 1544,3122 1664,3122 1784,3122 1904,3124 2024,3126 2143,3128 2263,3130 2383,3132 2503,3134 2623,3138 2742,3140 2862,3142 2982,3146 3102,3148 3222,3150"
                         HEIGHT="116"
                         WIDTH="2429"
                         VPOS="3062"
                         HPOS="810">
                  <String ID="string_region_1638960602613_7301l35"
                          HEIGHT="116"
                          WIDTH="2429"
                          VPOS="3062"
                          HPOS="810"
                          CONTENT="den ul van 13 deser ontf. as mede het packeen n. 22 waer mede d'ord. van Henrij"/>
               </TextLine>
               <TextLine ID="region_1638960602613_7301l36"
                         BASELINE="824,3236 943,3234 1063,3234 1182,3232 1302,3232 1421,3230 1541,3230 1660,3230 1780,3228 1899,3228 2019,3228 2138,3228 2258,3230 2377,3230 2497,3230 2616,3232 2736,3234 2855,3236 2975,3238 3094,3242 3214,3244"
                         HEIGHT="155"
                         WIDTH="2422"
                         VPOS="3145"
                         HPOS="808">
                  <String ID="string_region_1638960602613_7301l36"
                          HEIGHT="155"
                          WIDTH="2422"
                          VPOS="3145"
                          HPOS="808"
                          CONTENT="Maynard woort gevolght. Ingesloten den wisseld. op H. van Aornberke met accep"/>
               </TextLine>
               <TextLine ID="region_1638960602613_7301l37"
                         BASELINE="794,3350 915,3348 1036,3346 1157,3342 1278,3340 1399,3338 1520,3335 1641,3333 1762,3332 1883,3330 2005,3330 2126,3328 2247,3328 2368,3330 2489,3330 2610,3332 2731,3334 2852,3336 2973,3339 3094,3342 3216,3348"
                         HEIGHT="157"
                         WIDTH="2453"
                         VPOS="3236"
                         HPOS="778">
                  <String ID="string_region_1638960602613_7301l37"
                          HEIGHT="157"
                          WIDTH="2453"
                          VPOS="3236"
                          HPOS="778"
                          CONTENT="terugge, wat behoeft ul te disput., de sustitientie den accepteteten, ter wijlen dat ul den "/>
               </TextLine>
               <TextLine ID="region_1638960602613_7301l38"
                         BASELINE="3012,3376 3056,3376"
                         HEIGHT="56"
                         WIDTH="74"
                         VPOS="3343"
                         HPOS="2998">
                  <String ID="string_region_1638960602613_7301l38"
                          HEIGHT="56"
                          WIDTH="74"
                          VPOS="3343"
                          HPOS="2998"
                          CONTENT="ick"/>
               </TextLine>
               <TextLine ID="region_1638960602613_7301l39"
                         BASELINE="810,3456 930,3454 1050,3452 1171,3448 1291,3446 1412,3444 1532,3442 1652,3440 1773,3438 1893,3436 2014,3434 2134,3434 2254,3432 2375,3432 2495,3432 2616,3432 2736,3434 2856,3435 2977,3436 3097,3440 3218,3442"
                         HEIGHT="112"
                         WIDTH="2440"
                         VPOS="3386"
                         HPOS="794">
                  <String ID="string_region_1638960602613_7301l39"
                          HEIGHT="112"
                          WIDTH="2440"
                          VPOS="3386"
                          HPOS="794"
                          CONTENT="remitteerder moet cred., noghtans is voors van Horerbake, een seer treftelijck seer"/>
               </TextLine>
               <TextLine ID="region_1638960602613_7301l40"
                         BASELINE="820,3560 847,3558 875,3557 902,3556 930,3556 958,3556 985,3554 1013,3554 1040,3554 1068,3554 1096,3553 1123,3552 1151,3552 1178,3552 1206,3550 1234,3550 1261,3548 1289,3545 1316,3544 1344,3542 1372,3540"
                         HEIGHT="171"
                         WIDTH="585"
                         VPOS="3459"
                         HPOS="804">
                  <String ID="string_region_1638960602613_7301l40"
                          HEIGHT="171"
                          WIDTH="585"
                          VPOS="3459"
                          HPOS="804"
                          CONTENT="susf gent man"/>
               </TextLine>
               <TextLine ID="region_1638960602613_7301l41"
                         BASELINE="2836,3614 2865,3616 2895,3614 2924,3611 2954,3611 2984,3614"
                         HEIGHT="124"
                         WIDTH="181"
                         VPOS="3542"
                         HPOS="2819">
                  <String ID="string_region_1638960602613_7301l41"
                          HEIGHT="124"
                          WIDTH="181"
                          VPOS="3542"
                          HPOS="2819"
                          CONTENT="15d."/>
               </TextLine>
               <TextLine ID="region_1638960602613_7301l42"
                         BASELINE="620,3696 660,3694 701,3692 742,3689 782,3687 823,3685 864,3683 904,3682 945,3680 986,3678 1027,3676 1067,3674 1108,3673 1149,3672 1189,3670 1230,3668 1271,3668 1311,3666 1352,3665 1393,3664 1434,3662"
                         HEIGHT="176"
                         WIDTH="846"
                         VPOS="3584"
                         HPOS="603">
                  <String ID="string_region_1638960602613_7301l42"
                          HEIGHT="176"
                          WIDTH="846"
                          VPOS="3584"
                          HPOS="603"
                          CONTENT="Brussel Govert ververs"/>
               </TextLine>
               <TextLine ID="region_1638960602613_7301l43"
                         BASELINE="778,3810 899,3805 1021,3800 1143,3794 1265,3792 1387,3790 1509,3786 1631,3786 1753,3784 1875,3784 1997,3784 2118,3784 2240,3784 2362,3786 2484,3786 2606,3786 2728,3786 2850,3786 2972,3786 3094,3786 3216,3784"
                         HEIGHT="166"
                         WIDTH="2469"
                         VPOS="3662"
                         HPOS="763">
                  <String ID="string_region_1638960602613_7301l43"
                          HEIGHT="166"
                          WIDTH="2469"
                          VPOS="3662"
                          HPOS="763"
                          CONTENT="In antw. aen den ul van 13 deser, sal mijn twager heden aen ul seynden st pijn"/>
               </TextLine>
               <TextLine ID="region_1638960602613_7301l44"
                         BASELINE="804,3920 925,3913 1046,3905 1167,3900 1288,3896 1410,3892 1531,3890 1652,3888 1773,3886 1894,3886 2016,3886 2137,3884 2258,3886 2379,3886 2500,3886 2622,3886 2743,3886 2864,3886 2985,3886 3106,3886 3228,3884"
                         HEIGHT="178"
                         WIDTH="2454"
                         VPOS="3802"
                         HPOS="789">
                  <String ID="string_region_1638960602613_7301l44"
                          HEIGHT="178"
                          WIDTH="2454"
                          VPOS="3802"
                          HPOS="789"
                          CONTENT="uyt een gestel vers pacq van de alderbeste soorte, waer van bij ul wesende voorden sal"/>
               </TextLine>
               <TextLine ID="region_1638960602613_7301l45"
                         BASELINE="792,4020 818,4020 845,4020 872,4020 899,4020 925,4018 952,4018 979,4018 1006,4017 1032,4014 1059,4014 1086,4011 1113,4010 1140,4008"
                         HEIGHT="156"
                         WIDTH="382"
                         VPOS="3933"
                         HPOS="776">
                  <String ID="string_region_1638960602613_7301l45"
                          HEIGHT="156"
                          WIDTH="382"
                          VPOS="3933"
                          HPOS="776"
                          CONTENT="sprecken"/>
               </TextLine>
            </TextBlock>
            <TextBlock ID="region_1638960605669_7304"
                       HEIGHT="4220"
                       WIDTH="2732"
                       VPOS="59"
                       HPOS="3297">
               <Shape>
                  <Polygon POINTS="3297,59 6029,59 6029,4279 3297,4279"/>
               </Shape>
               <TextLine ID="region_1638960605669_7304l1"
                         BASELINE="3368,282 3420,282 3473,284 3525,284 3578,284 3631,286 3683,286 3736,288 3788,288 3841,289 3894,290 3946,290 3999,291 4051,292 4104,292 4157,292 4209,293 4262,294 4314,294 4367,294 4420,294"
                         HEIGHT="149"
                         WIDTH="1085"
                         VPOS="210"
                         HPOS="3352">
                  <String ID="string_region_1638960605669_7304l1"
                          HEIGHT="149"
                          WIDTH="1085"
                          VPOS="210"
                          HPOS="3352"
                          CONTENT="Mechelen Cnnelis van Aken de Jonge"/>
               </TextLine>
               <TextLine ID="region_1638960605669_7304l2"
                         BASELINE="5876,300 5903,300 5930,300 5957,300 5984,300"
                         HEIGHT="130"
                         WIDTH="138"
                         VPOS="237"
                         HPOS="5861">
                  <String ID="string_region_1638960605669_7304l2"
                          HEIGHT="130"
                          WIDTH="138"
                          VPOS="237"
                          HPOS="5861"
                          CONTENT="23d"/>
               </TextLine>
               <TextLine ID="region_1638960605669_7304l3"
                         BASELINE="5266,312 5292,310 5318,310 5344,309 5370,308 5397,308 5423,308 5449,308 5475,308 5501,308 5528,308 5554,309 5580,310 5606,312 5632,312 5659,314 5685,316 5711,318 5737,320 5764,322"
                         HEIGHT="158"
                         WIDTH="529"
                         VPOS="222"
                         HPOS="5250">
                  <String ID="string_region_1638960605669_7304l3"
                          HEIGHT="158"
                          WIDTH="529"
                          VPOS="222"
                          HPOS="5250"
                          CONTENT="a 16 b 1682"/>
               </TextLine>
               <TextLine ID="region_1638960605669_7304l4"
                         BASELINE="3572,390 3691,396 3811,400 3931,404 4050,408 4170,412 4290,414 4409,416 4529,418 4649,420 4769,422 4888,425 5008,428 5128,430 5247,434 5367,438 5487,442 5606,446 5726,452 5846,458 5966,466"
                         HEIGHT="165"
                         WIDTH="2430"
                         VPOS="338"
                         HPOS="3555">
                  <String ID="string_region_1638960605669_7304l4"
                          HEIGHT="165"
                          WIDTH="2430"
                          VPOS="338"
                          HPOS="3555"
                          CONTENT="den ul van gisteren te laet gecomen sijnde, hebbe het laecken eerst heden desen morgen comen"/>
               </TextLine>
               <TextLine ID="region_1638960605669_7304l5"
                         BASELINE="3564,484 3682,490 3801,494 3919,498 4038,502 4157,506 4275,508 4394,510 4512,512 4631,514 4750,516 4868,518 4987,522 5105,524 5224,526 5343,530 5461,533 5580,537 5698,542 5817,547 5936,554"
                         HEIGHT="177"
                         WIDTH="2403"
                         VPOS="411"
                         HPOS="3548">
                  <String ID="string_region_1638960605669_7304l5"
                          HEIGHT="177"
                          WIDTH="2403"
                          VPOS="411"
                          HPOS="3548"
                          CONTENT="depecheren, gelijck is geschiet p den noeghwagen, soude n 1211: 42 ½ a 564 a 56 ƒ 157:10"/>
               </TextLine>
               <TextLine ID="region_1638960605669_7304l6"
                         BASELINE="3560,576 3658,578 3757,582 3855,584 3954,588 4053,590 4151,593 4250,596 4348,598 4447,600 4546,602 4644,605 4743,607 4841,609 4940,610 5039,612 5137,614 5236,616 5334,616 5433,618 5532,618"
                         HEIGHT="106"
                         WIDTH="2003"
                         VPOS="541"
                         HPOS="3543">
                  <String ID="string_region_1638960605669_7304l6"
                          HEIGHT="106"
                          WIDTH="2003"
                          VPOS="541"
                          HPOS="3543"
                          CONTENT="wil niet twijffelen ofte sal totel contem. wesen, den prys staet ten emilste"/>
               </TextLine>
               <TextLine ID="region_1638960605669_7304l7"
                         BASELINE="3364,690 3409,692 3454,692 3499,693 3544,694 3589,694 3634,696 3679,696 3724,698 3769,698 3815,700 3860,700 3905,702 3950,702 3995,704 4040,706 4085,708 4130,710 4175,712 4220,713 4266,716"
                         HEIGHT="184"
                         WIDTH="935"
                         VPOS="587"
                         HPOS="3347">
                  <String ID="string_region_1638960605669_7304l7"
                          HEIGHT="184"
                          WIDTH="935"
                          VPOS="587"
                          HPOS="3347"
                          CONTENT="Nienfoorte mietel de valleg"/>
               </TextLine>
               <TextLine ID="region_1638960605669_7304l8"
                         BASELINE="5372,760 5399,758 5427,757 5454,756 5482,754 5509,753 5537,752 5564,752 5592,750 5620,748"
                         HEIGHT="145"
                         WIDTH="283"
                         VPOS="642"
                         HPOS="5354">
                  <String ID="string_region_1638960605669_7304l8"
                          HEIGHT="145"
                          WIDTH="283"
                          VPOS="642"
                          HPOS="5354"
                          CONTENT="a 16d"/>
               </TextLine>
               <TextLine ID="region_1638960605669_7304l9"
                         BASELINE="3570,830 3687,832 3804,832 3921,832 4038,832 4155,834 4272,834 4389,836 4506,836 4623,836 4740,838 4857,838 4974,840 5091,840 5208,842 5325,842 5442,844 5559,844 5676,846 5793,846 5910,846"
                         HEIGHT="178"
                         WIDTH="2370"
                         VPOS="702"
                         HPOS="3556">
                  <String ID="string_region_1638960605669_7304l9"
                          HEIGHT="178"
                          WIDTH="2370"
                          VPOS="702"
                          HPOS="3556"
                          CONTENT="Heden seynde ul p bode sug van Erdenborgen, 1 dobbel packenen MD.V &amp; 1d"/>
               </TextLine>
               <TextLine ID="region_1638960605669_7304l10"
                         BASELINE="3562,928 3681,928 3800,928 3919,928 4039,930 4158,931 4277,932 4397,934 4516,936 4635,938 4755,940 4874,940 4993,942 5112,942 5232,944 5351,943 5470,942 5590,940 5709,938 5828,936 5948,932"
                         HEIGHT="122"
                         WIDTH="2416"
                         VPOS="861"
                         HPOS="3547">
                  <String ID="string_region_1638960605669_7304l10"
                          HEIGHT="122"
                          WIDTH="2416"
                          VPOS="861"
                          HPOS="3547"
                          CONTENT="Enckel M.V. n3 daer mede te volgen d'ord. van Lesch Sabbarton van drnssel"/>
               </TextLine>
               <TextLine ID="region_1638960605669_7304l11"
                         BASELINE="3558,1024 3676,1028 3795,1030 3913,1032 4032,1034 4150,1036 4269,1038 4387,1040 4506,1040 4624,1041 4743,1042 4861,1042 4980,1042 5098,1042 5217,1044 5335,1044 5454,1044 5572,1044 5691,1044 5809,1044 5928,1044"
                         HEIGHT="135"
                         WIDTH="2401"
                         VPOS="962"
                         HPOS="3542">
                  <String ID="string_region_1638960605669_7304l11"
                          HEIGHT="135"
                          WIDTH="2401"
                          VPOS="962"
                          HPOS="3542"
                          CONTENT="de selve sijnde francq, stem 4 n. 22  oocq fancq te seijnden naer londen"/>
               </TextLine>
               <TextLine ID="region_1638960605669_7304l12"
                         BASELINE="3546,1128 3661,1130 3776,1132 3891,1134 4007,1136 4122,1138 4237,1140 4353,1142 4468,1144 4583,1146 4699,1147 4814,1148 4929,1148 5044,1150 5160,1150 5275,1148 5390,1147 5506,1146 5621,1142 5736,1139 5852,1134"
                         HEIGHT="104"
                         WIDTH="2336"
                         VPOS="1056"
                         HPOS="3530">
                  <String ID="string_region_1638960605669_7304l12"
                          HEIGHT="104"
                          WIDTH="2336"
                          VPOS="1056"
                          HPOS="3530"
                          CONTENT="an m. p. Maynaed, sien t packenen niet adres aen ul waer voor het port"/>
               </TextLine>
               <TextLine ID="region_1638960605669_7304l13"
                         BASELINE="3548,1242 3643,1240 3738,1240 3834,1238 3929,1238 4025,1238 4120,1238 4215,1240 4311,1240 4406,1242 4502,1242 4597,1244 4692,1244 4788,1246 4883,1247 4979,1248 5074,1250 5169,1250 5265,1250 5360,1250 5456,1250"
                         HEIGHT="144"
                         WIDTH="1942"
                         VPOS="1150"
                         HPOS="3531">
                  <String ID="string_region_1638960605669_7304l13"
                          HEIGHT="144"
                          WIDTH="1942"
                          VPOS="1150"
                          HPOS="3531"
                          CONTENT="gelieft te bet &amp; d'ar volgen van ant Rousseau van Brussel"/>
               </TextLine>
               <TextLine ID="region_1638960605669_7304l14"
                         BASELINE="3310,1346 3346,1344 3383,1344 3420,1342 3456,1342 3493,1341 3530,1340 3566,1338 3603,1338 3640,1336 3677,1336 3713,1334 3750,1334 3787,1334 3823,1332 3860,1332 3897,1332 3933,1332 3970,1332 4007,1332 4044,1332"
                         HEIGHT="181"
                         WIDTH="767"
                         VPOS="1222"
                         HPOS="3293">
                  <String ID="string_region_1638960605669_7304l14"
                          HEIGHT="181"
                          WIDTH="767"
                          VPOS="1222"
                          HPOS="3293"
                          CONTENT="BBrugge Raph. coots"/>
               </TextLine>
               <TextLine ID="region_1638960605669_7304l15"
                         BASELINE="5294,1342 5325,1339 5356,1338 5387,1336 5418,1336 5449,1336 5480,1337 5511,1338 5542,1339 5573,1341 5605,1343 5636,1345 5667,1346 5698,1347 5729,1350 5760,1351 5791,1352 5822,1354 5853,1356 5884,1356 5916,1356"
                         HEIGHT="142"
                         WIDTH="658"
                         VPOS="1263"
                         HPOS="5277">
                  <String ID="string_region_1638960605669_7304l15"
                          HEIGHT="142"
                          WIDTH="658"
                          VPOS="1263"
                          HPOS="5277"
                          CONTENT="1986 1682"/>
               </TextLine>
               <TextLine ID="region_1638960605669_7304l16"
                         BASELINE="3544,1426 3661,1428 3778,1430 3896,1432 4013,1434 4131,1434 4248,1436 4365,1438 4483,1438 4600,1440 4718,1442 4835,1442 4952,1444 5070,1446 5187,1450 5305,1452 5422,1456 5539,1460 5657,1464 5774,1469 5892,1474"
                         HEIGHT="150"
                         WIDTH="2380"
                         VPOS="1354"
                         HPOS="3527">
                  <String ID="string_region_1638960605669_7304l16"
                          HEIGHT="150"
                          WIDTH="2380"
                          VPOS="1354"
                          HPOS="3527"
                          CONTENT="mons. de ue van 14 en 15 en 18 deser i ny wel geworden"/>
               </TextLine>
               <TextLine ID="region_1638960605669_7304l17"
                         BASELINE="3556,1522 3656,1518 3756,1514 3857,1510 3957,1508 4058,1508 4158,1508 4258,1508 4359,1508 4459,1510 4560,1512 4660,1514 4760,1516 4861,1518 4961,1520 5062,1523 5162,1525 5262,1526 5363,1528 5463,1528 5564,1528"
                         HEIGHT="154"
                         WIDTH="2038"
                         VPOS="1432"
                         HPOS="3541">
                  <String ID="string_region_1638960605669_7304l17"
                          HEIGHT="154"
                          WIDTH="2038"
                          VPOS="1432"
                          HPOS="3541"
                          CONTENT="geirne gesien date ledonen will syn gearrieeen"/>
               </TextLine>
               <TextLine ID="region_1638960605669_7304l18"
                         BASELINE="3584,1602 3679,1598 3775,1596 3870,1594 3966,1592 4062,1592 4157,1592 4253,1592 4348,1592 4444,1594 4540,1595 4635,1596 4731,1598 4826,1599 4922,1600 5018,1602 5113,1604 5209,1606 5304,1606 5400,1606 5496,1608"
                         HEIGHT="127"
                         WIDTH="1942"
                         VPOS="1557"
                         HPOS="3569">
                  <String ID="string_region_1638960605669_7304l18"
                          HEIGHT="127"
                          WIDTH="1942"
                          VPOS="1557"
                          HPOS="3569"
                          CONTENT="de packen sien te genmoet en naer groo blijv"/>
               </TextLine>
               <TextLine ID="region_1638960605669_7304l19"
                         BASELINE="3316,1734 3366,1729 3417,1724 3468,1719 3519,1716 3570,1712 3621,1710 3672,1708 3723,1706 3774,1704 3825,1702 3875,1702 3926,1700 3977,1700 4028,1700 4079,1700 4130,1702 4181,1702 4232,1703 4283,1704 4334,1706"
                         HEIGHT="191"
                         WIDTH="1054"
                         VPOS="1605"
                         HPOS="3296">
                  <String ID="string_region_1638960605669_7304l19"
                          HEIGHT="191"
                          WIDTH="1054"
                          VPOS="1605"
                          HPOS="3296"
                          CONTENT="Meggelen Bonnees van Aken"/>
               </TextLine>
               <TextLine ID="region_1638960605669_7304l20"
                         BASELINE="5216,1702 5250,1704 5285,1705 5319,1706 5354,1708 5389,1709 5423,1711 5458,1713 5492,1714 5527,1716 5562,1718 5596,1719 5631,1720 5665,1721 5700,1724 5735,1724 5769,1726 5804,1726 5838,1728 5873,1729 5908,1730"
                         HEIGHT="159"
                         WIDTH="726"
                         VPOS="1611"
                         HPOS="5199">
                  <String ID="string_region_1638960605669_7304l20"
                          HEIGHT="159"
                          WIDTH="726"
                          VPOS="1611"
                          HPOS="5199"
                          CONTENT="19 8bt 1682"/>
               </TextLine>
               <TextLine ID="region_1638960605669_7304l21"
                         BASELINE="3532,1806 3652,1802 3773,1802 3893,1800 4014,1800 4135,1802 4255,1804 4376,1806 4496,1808 4617,1812 4738,1816 4858,1819 4979,1823 5099,1827 5220,1832 5341,1836 5461,1840 5582,1844 5702,1846 5823,1850 5944,1852"
                         HEIGHT="182"
                         WIDTH="2445"
                         VPOS="1706"
                         HPOS="3516">
                  <String ID="string_region_1638960605669_7304l21"
                          HEIGHT="182"
                          WIDTH="2445"
                          VPOS="1706"
                          HPOS="3516"
                          CONTENT="mons soo aenstonts van Brussel gekomen en vinde uen van"/>
               </TextLine>
               <TextLine ID="region_1638960605669_7304l22"
                         BASELINE="3580,1888 3656,1881 3733,1876 3810,1874 3886,1872 3963,1870 4040,1870 4116,1870 4193,1872 4270,1874 4347,1876 4423,1878 4500,1880 4577,1882 4653,1884 4730,1886 4807,1888 4883,1888 4960,1888 5037,1888 5114,1886"
                         HEIGHT="148"
                         WIDTH="1566"
                         VPOS="1816"
                         HPOS="3564">
                  <String ID="string_region_1638960605669_7304l22"
                          HEIGHT="148"
                          WIDTH="1566"
                          VPOS="1816"
                          HPOS="3564"
                          CONTENT="17 deser. heb ue geen rwjnder groen gesordde"/>
               </TextLine>
               <TextLine ID="region_1638960605669_7304l23"
                         BASELINE="3316,1982 3360,1980 3404,1976 3449,1974 3493,1972 3538,1970 3582,1970 3626,1968 3671,1966 3715,1966 3760,1964 3804,1964 3848,1964 3893,1964 3937,1964 3982,1964 4026,1964 4070,1966 4115,1966 4159,1968 4204,1968"
                         HEIGHT="193"
                         WIDTH="920"
                         VPOS="1839"
                         HPOS="3300">
                  <String ID="string_region_1638960605669_7304l23"
                          HEIGHT="193"
                          WIDTH="920"
                          VPOS="1839"
                          HPOS="3300"
                          CONTENT="Amst famuil de hulter"/>
               </TextLine>
               <TextLine ID="region_1638960605669_7304l24"
                         BASELINE="5268,1978 5293,1980 5319,1981 5344,1982 5370,1983 5396,1984 5421,1985 5447,1986 5472,1987 5498,1988 5524,1989 5549,1990 5575,1990 5600,1992 5626,1992 5652,1994 5677,1994 5703,1995 5728,1996 5754,1998 5780,1998"
                         HEIGHT="141"
                         WIDTH="546"
                         VPOS="1902"
                         HPOS="5252">
                  <String ID="string_region_1638960605669_7304l24"
                          HEIGHT="141"
                          WIDTH="546"
                          VPOS="1902"
                          HPOS="5252"
                          CONTENT="19 &amp;b 1682"/>
               </TextLine>
               <TextLine ID="region_1638960605669_7304l25"
                         BASELINE="3526,2056 3647,2051 3768,2046 3889,2044 4011,2042 4132,2042 4253,2042 4375,2045 4496,2048 4617,2052 4739,2056 4860,2060 4981,2066 5102,2072 5224,2077 5345,2084 5466,2090 5588,2097 5709,2103 5830,2109 5952,2114"
                         HEIGHT="189"
                         WIDTH="2457"
                         VPOS="1957"
                         HPOS="3512">
                  <String ID="string_region_1638960605669_7304l25"
                          HEIGHT="189"
                          WIDTH="2457"
                          VPOS="1957"
                          HPOS="3512"
                          CONTENT="mins in cintwoort aenden ue van il deser sien de 2 baly"/>
               </TextLine>
               <TextLine ID="region_1638960605669_7304l26"
                         BASELINE="3492,2146 3614,2138 3737,2132 3860,2128 3983,2124 4106,2122 4229,2122 4352,2122 4475,2122 4598,2126 4721,2128 4843,2134 4966,2138 5089,2143 5212,2148 5335,2155 5458,2162 5581,2169 5704,2176 5827,2183 5950,2190"
                         HEIGHT="133"
                         WIDTH="2490"
                         VPOS="2070"
                         HPOS="3476">
                  <String ID="string_region_1638960605669_7304l26"
                          HEIGHT="133"
                          WIDTH="2490"
                          VPOS="2070"
                          HPOS="3476"
                          CONTENT="sper fijn pte gevrste vol te gemoet, doch tit mij seerleet "/>
               </TextLine>
               <TextLine ID="region_1638960605669_7304l27"
                         BASELINE="3530,2228 3651,2220 3773,2214 3894,2210 4016,2206 4137,2204 4259,2204 4380,2204 4502,2204 4623,2208 4745,2210 4866,2213 4988,2218 5109,2222 5231,2228 5352,2233 5474,2240 5595,2246 5717,2251 5838,2258 5960,2264"
                         HEIGHT="130"
                         WIDTH="2459"
                         VPOS="2168"
                         HPOS="3516">
                  <String ID="string_region_1638960605669_7304l27"
                          HEIGHT="130"
                          WIDTH="2459"
                          VPOS="2168"
                          HPOS="3516"
                          CONTENT="dat ue heeft gemest de sorie segovimerte hooge waer van"/>
               </TextLine>
               <TextLine ID="region_1638960605669_7304l28"
                         BASELINE="3532,2296 3654,2292 3776,2288 3898,2285 4020,2282 4143,2282 4265,2282 4387,2282 4509,2284 4631,2286 4754,2288 4876,2292 4998,2296 5120,2300 5242,2306 5365,2312 5487,2318 5609,2324 5731,2331 5853,2337 5976,2346"
                         HEIGHT="168"
                         WIDTH="2476"
                         VPOS="2193"
                         HPOS="3517">
                  <String ID="string_region_1638960605669_7304l28"
                          HEIGHT="168"
                          WIDTH="2476"
                          VPOS="2193"
                          HPOS="3517"
                          CONTENT="sier het monyter uls bejeve is de  gearriveerde"/>
               </TextLine>
               <TextLine ID="region_1638960605669_7304l29"
                         BASELINE="3548,2362 3667,2358 3786,2354 3905,2352 4024,2350 4144,2350 4263,2350 4382,2352 4501,2354 4620,2358 4740,2361 4859,2366 4978,2370 5097,2375 5216,2381 5336,2386 5455,2392 5574,2397 5693,2402 5812,2408 5932,2414"
                         HEIGHT="121"
                         WIDTH="2417"
                         VPOS="2314"
                         HPOS="3532">
                  <String ID="string_region_1638960605669_7304l29"
                          HEIGHT="121"
                          WIDTH="2417"
                          VPOS="2314"
                          HPOS="3532"
                          CONTENT="de selve i ort soo bevenden geloft daer 6 aes balenvan"/>
               </TextLine>
               <TextLine ID="region_1638960605669_7304l30"
                         BASELINE="3556,2436 3677,2432 3798,2429 3919,2428 4040,2426 4161,2426 4282,2428 4403,2429 4524,2430 4645,2434 4766,2438 4887,2440 5008,2445 5129,2450 5250,2454 5371,2460 5492,2466 5613,2471 5734,2477 5855,2484 5976,2490"
                         HEIGHT="164"
                         WIDTH="2451"
                         VPOS="2381"
                         HPOS="3541">
                  <String ID="string_region_1638960605669_7304l30"
                          HEIGHT="164"
                          WIDTH="2451"
                          VPOS="2381"
                          HPOS="3541"
                          CONTENT="te koomen ten aee mogelijk want ick mach niet langen"/>
               </TextLine>
               <TextLine ID="region_1638960605669_7304l31"
                         BASELINE="3548,2516 3660,2512 3773,2510 3886,2508 3998,2508 4111,2506 4224,2506 4336,2506 4449,2508 4562,2509 4675,2511 4787,2513 4900,2516 5013,2519 5125,2523 5238,2528 5351,2532 5463,2538 5576,2543 5689,2550 5802,2556"
                         HEIGHT="109"
                         WIDTH="2287"
                         VPOS="2467"
                         HPOS="3531">
                  <String ID="string_region_1638960605669_7304l31"
                          HEIGHT="109"
                          WIDTH="2287"
                          VPOS="2467"
                          HPOS="3531"
                          CONTENT="treynen ien wene nocubetier te gemode ge siente t"/>
               </TextLine>
               <TextLine ID="region_1638960605669_7304l32"
                         BASELINE="3564,2600 3682,2596 3801,2594 3920,2592 4039,2592 4158,2592 4276,2592 4395,2592 4514,2592 4633,2594 4752,2596 4870,2598 4989,2600 5108,2603 5227,2606 5346,2611 5464,2616 5583,2620 5702,2626 5821,2631 5940,2638"
                         HEIGHT="136"
                         WIDTH="2410"
                         VPOS="2513"
                         HPOS="3547">
                  <String ID="string_region_1638960605669_7304l32"
                          HEIGHT="136"
                          WIDTH="2410"
                          VPOS="2513"
                          HPOS="3547"
                          CONTENT="sser vande verkogt geen onder de heenden van "/>
               </TextLine>
               <TextLine ID="region_1638960605669_7304l33"
                         BASELINE="3544,2682 3664,2680 3785,2678 3906,2676 4026,2674 4147,2674 4268,2674 4388,2674 4509,2674 4630,2674 4751,2676 4871,2678 4992,2680 5113,2684 5233,2688 5354,2692 5475,2697 5595,2704 5716,2710 5837,2718 5958,2726"
                         HEIGHT="146"
                         WIDTH="2447"
                         VPOS="2610"
                         HPOS="3527">
                  <String ID="string_region_1638960605669_7304l33"
                          HEIGHT="146"
                          WIDTH="2447"
                          VPOS="2610"
                          HPOS="3527"
                          CONTENT="makeluers die drseeree  sondewillen"/>
               </TextLine>
               <TextLine ID="region_1638960605669_7304l34"
                         BASELINE="3532,2758 3650,2758 3768,2756 3886,2756 4004,2756 4122,2756 4240,2756 4358,2756 4476,2758 4594,2760 4712,2761 4830,2764 4948,2766 5066,2771 5184,2776 5302,2780 5420,2787 5538,2795 5656,2803 5774,2811 5892,2822"
                         HEIGHT="134"
                         WIDTH="2395"
                         VPOS="2692"
                         HPOS="3515">
                  <String ID="string_region_1638960605669_7304l34"
                          HEIGHT="134"
                          WIDTH="2395"
                          VPOS="2692"
                          HPOS="3515"
                          CONTENT="over lal, doch dite is genreege oft gee iet dat dese"/>
               </TextLine>
               <TextLine ID="region_1638960605669_7304l35"
                         BASELINE="3534,2862 3655,2853 3776,2846 3897,2842 4018,2838 4139,2836 4260,2834 4381,2834 4502,2836 4623,2838 4744,2840 4865,2845 4986,2849 5107,2854 5228,2860 5349,2867 5470,2873 5591,2880 5712,2887 5833,2893 5954,2902"
                         HEIGHT="191"
                         WIDTH="2454"
                         VPOS="2762"
                         HPOS="3517">
                  <String ID="string_region_1638960605669_7304l35"
                          HEIGHT="191"
                          WIDTH="2454"
                          VPOS="2762"
                          HPOS="3517"
                          CONTENT="dewell gelose nemt de selve port niet isvades ingeslote een "/>
               </TextLine>
               <TextLine ID="region_1638960605669_7304l36"
                         BASELINE="3538,2936 3658,2932 3779,2926 3900,2923 4021,2920 4142,2918 4262,2916 4383,2916 4504,2916 4625,2918 4746,2920 4866,2922 4987,2927 5108,2933 5229,2938 5350,2945 5470,2953 5591,2961 5712,2971 5833,2982 5954,2994"
                         HEIGHT="151"
                         WIDTH="2447"
                         VPOS="2871"
                         HPOS="3523">
                  <String ID="string_region_1638960605669_7304l36"
                          HEIGHT="151"
                          WIDTH="2447"
                          VPOS="2871"
                          HPOS="3523"
                          CONTENT="wussel brief op lansens dosgruer voor 500 croomen a 99 &amp; in banco"/>
               </TextLine>
               <TextLine ID="region_1638960605669_7304l37"
                         BASELINE="3532,3026 3649,3024 3767,3022 3885,3019 4003,3017 4121,3016 4239,3014 4357,3012 4475,3012 4593,3012 4711,3012 4828,3014 4946,3016 5064,3018 5182,3022 5300,3026 5418,3031 5536,3037 5654,3044 5772,3054 5890,3064"
                         HEIGHT="125"
                         WIDTH="2388"
                         VPOS="2932"
                         HPOS="3516">
                  <String ID="string_region_1638960605669_7304l37"
                          HEIGHT="125"
                          WIDTH="2388"
                          VPOS="2932"
                          HPOS="3516"
                          CONTENT="ingen des leste daghsend soo geleest uiett versuyn"/>
               </TextLine>
               <TextLine ID="region_1638960605669_7304l38"
                         BASELINE="3540,3110 3659,3108 3779,3108 3898,3106 4018,3104 4137,3104 4257,3102 4376,3102 4496,3102 4615,3100 4735,3102 4854,3102 4974,3104 5093,3106 5213,3108 5332,3112 5452,3116 5571,3120 5691,3127 5810,3133 5930,3142"
                         HEIGHT="137"
                         WIDTH="2419"
                         VPOS="3018"
                         HPOS="3525">
                  <String ID="string_region_1638960605669_7304l38"
                          HEIGHT="137"
                          WIDTH="2419"
                          VPOS="3018"
                          HPOS="3525"
                          CONTENT="daerhin, ende fauteean belirge te proufte en sender fat"/>
               </TextLine>
               <TextLine ID="region_1638960605669_7304l39"
                         BASELINE="5284,3160 5310,3162 5336,3163 5362,3164 5389,3163 5415,3162 5441,3162 5468,3164"
                         HEIGHT="80"
                         WIDTH="216"
                         VPOS="3104"
                         HPOS="5269">
                  <String ID="string_region_1638960605669_7304l39"
                          HEIGHT="80"
                          WIDTH="216"
                          VPOS="3104"
                          HPOS="5269"
                          CONTENT="alhier"/>
               </TextLine>
               <TextLine ID="region_1638960605669_7304l40"
                         BASELINE="3538,3200 3657,3196 3777,3192 3897,3188 4017,3186 4137,3184 4257,3183 4377,3182 4497,3182 4617,3183 4737,3184 4856,3186 4976,3188 5096,3190 5216,3194 5336,3198 5456,3202 5576,3207 5696,3213 5816,3218 5936,3224"
                         HEIGHT="139"
                         WIDTH="2432"
                         VPOS="3126"
                         HPOS="3521">
                  <String ID="string_region_1638960605669_7304l40"
                          HEIGHT="139"
                          WIDTH="2432"
                          VPOS="3126"
                          HPOS="3521"
                          CONTENT="donder dagh mij advise, &amp; sou digbeirde on betaele sal"/>
               </TextLine>
               <TextLine ID="region_1638960605669_7304l41"
                         BASELINE="3534,3278 3632,3276 3730,3274 3828,3272 3926,3270 4024,3268 4122,3266 4220,3264 4318,3264 4416,3264 4515,3262 4613,3263 4711,3264 4809,3264 4907,3266 5005,3266 5103,3268 5201,3270 5299,3273 5397,3276 5496,3280"
                         HEIGHT="131"
                         WIDTH="1994"
                         VPOS="3180"
                         HPOS="3517">
                  <String ID="string_region_1638960605669_7304l41"
                          HEIGHT="131"
                          WIDTH="1994"
                          VPOS="3180"
                          HPOS="3517"
                          CONTENT="blijven iet sealier dach dat ue advies jan hebben "/>
               </TextLine>
               <TextLine ID="region_1638960605669_7304l42"
                         BASELINE="5306,3336 5333,3336 5361,3338 5388,3338 5416,3340 5443,3343 5471,3344 5498,3346 5526,3347 5554,3348"
                         HEIGHT="118"
                         WIDTH="286"
                         VPOS="3278"
                         HPOS="5287">
                  <String ID="string_region_1638960605669_7304l42"
                          HEIGHT="118"
                          WIDTH="286"
                          VPOS="3278"
                          HPOS="5287"
                          CONTENT="19 8b"/>
               </TextLine>
               <TextLine ID="region_1638960605669_7304l43"
                         BASELINE="3314,3390 3396,3386 3479,3382 3562,3378 3644,3375 3727,3372 3810,3370 3892,3368 3975,3366 4058,3364 4141,3364 4223,3364 4306,3364 4389,3364 4471,3366 4554,3368 4637,3370 4719,3372 4802,3377 4885,3381 4968,3386"
                         HEIGHT="184"
                         WIDTH="1686"
                         VPOS="3278"
                         HPOS="3298">
                  <String ID="string_region_1638960605669_7304l43"
                          HEIGHT="184"
                          WIDTH="1686"
                          VPOS="3278"
                          HPOS="3298"
                          CONTENT="mst Rotterdm Janander moulen"/>
               </TextLine>
               <TextLine ID="region_1638960605669_7304l44"
                         BASELINE="3538,3512 3657,3501 3776,3492 3895,3486 4015,3480 4134,3478 4253,3476 4373,3476 4492,3476 4611,3478 4731,3482 4850,3485 4969,3488 5088,3494 5208,3498 5327,3502 5446,3508 5566,3512 5685,3516 5804,3520 5924,3522"
                         HEIGHT="147"
                         WIDTH="2421"
                         VPOS="3401"
                         HPOS="3521">
                  <String ID="string_region_1638960605669_7304l44"
                          HEIGHT="147"
                          WIDTH="2421"
                          VPOS="3401"
                          HPOS="3521"
                          CONTENT="in antwoort aen u van 16 deser t dewellen pekte ae "/>
               </TextLine>
               <TextLine ID="region_1638960605669_7304l45"
                         BASELINE="3560,3588 3677,3581 3795,3576 3913,3573 4031,3570 4149,3568 4266,3568 4384,3568 4502,3570 4620,3572 4738,3575 4855,3579 4973,3583 5091,3588 5209,3594 5327,3599 5444,3605 5562,3613 5680,3619 5798,3627 5916,3634"
                         HEIGHT="201"
                         WIDTH="2391"
                         VPOS="3476"
                         HPOS="3543">
                  <String ID="string_region_1638960605669_7304l45"
                          HEIGHT="201"
                          WIDTH="2391"
                          VPOS="3476"
                          HPOS="3543"
                          CONTENT="nack noch niet aenhomen nte het sal wedersoo daer"/>
               </TextLine>
               <TextLine ID="region_1638960605669_7304l46"
                         BASELINE="3548,3668 3621,3664 3694,3660 3767,3658 3840,3656 3913,3654 3986,3652 4059,3652 4132,3652 4205,3650 4279,3652 4352,3652 4425,3652 4498,3652 4571,3654 4644,3654 4717,3655 4790,3656 4863,3656 4936,3658 5010,3658"
                         HEIGHT="102"
                         WIDTH="1491"
                         VPOS="3585"
                         HPOS="3533">
                  <String ID="string_region_1638960605669_7304l46"
                          HEIGHT="102"
                          WIDTH="1491"
                          VPOS="3585"
                          HPOS="3533"
                          CONTENT="den kan niet breedorsergoenn"/>
               </TextLine>
               <TextLine ID="region_1638960605669_7304l47"
                         BASELINE="3536,3752 3655,3746 3775,3744 3894,3740 4014,3737 4133,3735 4253,3734 4372,3732 4492,3732 4611,3732 4731,3732 4850,3734 4970,3736 5089,3738 5209,3740 5328,3744 5448,3748 5567,3753 5687,3759 5806,3764 5926,3772"
                         HEIGHT="147"
                         WIDTH="2422"
                         VPOS="3689"
                         HPOS="3520">
                  <String ID="string_region_1638960605669_7304l47"
                          HEIGHT="147"
                          WIDTH="2422"
                          VPOS="3689"
                          HPOS="3520"
                          CONTENT="laet detvrgelijk sjn wolverkoopen alsoo onsome"/>
               </TextLine>
               <TextLine ID="region_1638960605669_7304l48"
                         BASELINE="3512,3826 3629,3824 3747,3822 3865,3820 3982,3818 4100,3818 4218,3818 4335,3818 4453,3818 4571,3820 4689,3822 4806,3825 4924,3829 5042,3833 5159,3838 5277,3843 5395,3849 5512,3856 5630,3863 5748,3871 5866,3882"
                         HEIGHT="154"
                         WIDTH="2388"
                         VPOS="3764"
                         HPOS="3495">
                  <String ID="string_region_1638960605669_7304l48"
                          HEIGHT="154"
                          WIDTH="2388"
                          VPOS="3764"
                          HPOS="3495"
                          CONTENT="een groot havard bevinde ingeslote yoe: os"/>
               </TextLine>
               <TextLine ID="region_1638960605669_7304l49"
                         BASELINE="3520,3912 3636,3910 3753,3910 3870,3908 3986,3908 4103,3908 4220,3908 4336,3910 4453,3910 4570,3912 4687,3915 4803,3918 4920,3920 5037,3924 5153,3929 5270,3932 5387,3937 5503,3944 5620,3949 5737,3956 5854,3964"
                         HEIGHT="188"
                         WIDTH="2368"
                         VPOS="3825"
                         HPOS="3502">
                  <String ID="string_region_1638960605669_7304l49"
                          HEIGHT="188"
                          WIDTH="2368"
                          VPOS="3825"
                          HPOS="3502"
                          CONTENT="uen laeste hendr Janse in Rott a 2 di sicht ve"/>
               </TextLine>
               <TextLine ID="region_1638960605669_7304l50"
                         BASELINE="3534,4016 3651,4014 3769,4011 3886,4008 4004,4008 4122,4006 4239,4006 4357,4006 4474,4006 4592,4008 4710,4010 4827,4012 4945,4015 5062,4018 5180,4023 5298,4028 5415,4033 5533,4039 5650,4046 5768,4054 5886,4062"
                         HEIGHT="129"
                         WIDTH="2385"
                         VPOS="3932"
                         HPOS="3518">
                  <String ID="string_region_1638960605669_7304l50"
                          HEIGHT="129"
                          WIDTH="2385"
                          VPOS="3932"
                          HPOS="3518"
                          CONTENT="veve het meedich gelieft te besorgen ende soorde"/>
               </TextLine>
               <TextLine ID="region_1638960605669_7304l51"
                         BASELINE="3504,4098 3594,4098 3685,4096 3776,4096 3866,4094 3957,4094 4048,4092 4138,4092 4229,4092 4320,4092 4411,4090 4501,4092 4592,4092 4683,4092 4773,4094 4864,4096 4955,4098 5045,4100 5136,4104 5227,4108 5318,4112"
                         HEIGHT="163"
                         WIDTH="1844"
                         VPOS="4012"
                         HPOS="3489">
                  <String ID="string_region_1638960605669_7304l51"
                          HEIGHT="163"
                          WIDTH="1844"
                          VPOS="4012"
                          HPOS="3489"
                          CONTENT="damd vandene inboia mij ndt"/>
               </TextLine>
            </TextBlock>
         </PrintSpace>
      </Page>
   </Layout>
</alto>
