7921 4601
2706 3216 133 138 83

2355 3242 294 172 ƒ 2327

4676 491 808 108 Anvers Le 30 abre 1681

3315 498 475 120 Mons Rousseau

3521 567 2082 139 Mons hier estoint aere grace de ue de les miemes, du dupuis i'ay

3548 684 2090 96 reccu la vre du mesme mostant, par la quille ie vous ce qui vous

3551 727 2113 115 ditto d'avoir perceu de mons Ballegos: ie crois qui vous avez oblie

3568 827 2117 106 ce qui ie vous ey dit estant chez vous le 14 courant, que i'avois

3573 930 2091 77 attendu au dernier moment apnes vres pacquette, qui dou rent

3909 969 137 94 me

4027 960 1679 140 son vre advies d 10 a la quille ie n'ey pente pas qu'il

3552 980 377 117 venir le 12

3766 1028 254 91 nieuw,

3558 1042 2061 121 auroit este faulte, et pour cela ay ait un aultre single pour

3537 1142 2157 118 depeschev, sesriva ma lettre preste comme si les vres aurient este

3560 1215 2127 112 avcc, les quilles ne vennent pas, iay seulement nettoye dans

3569 1320 2084 124 la superfitisosion, comme la lettre est oit addvesse a monsieur

3557 1420 2118 101 Michel de Gallego M. deposte a niiiports avc un pacquett

3566 1473 2061 164 marqii CWN.8 et encor un quadrusole, et comme lessvres

3591 1549 2091 156 ne venient pas, i'ay seulement nettoye en la super seripsion

3594 1652 2112 122 ces mots de quadriple, estant au coste de la riviere fet payande

3597 1728 2121 152 pat du temp pour serire un aultre lettre, pensent qui mons valleg

3583 1797 2124 131 consider ort bien eu ils le pacquit est oit versrop tard, ou ne

3273 1882 2431 125 drcomm iordonna viendroit pas cettr ftois, acaiuse qu'il e& toit nettrye en la suver

3897 1970 1673 65 sulbres ent sauo bien donrelavies contreit pr la potte dangelettern

3289 1983 2424 114 ipostillion e yisiou le lunde apres qpiand ie suis veu dt retour de Buissee

3296 2044 2418 161 fair  tonne 1 escriva a mons & allego disent qui les pacquit estant venu

3287 2178 2385 90 mons vallego trop tord, le vindredy precedente, ie envoy as avec l'ordinaire

5144 2195 580 117 quil ne sont pas depesche

3278 2233 2319 131 vous ey dit du lundye, dont i'ay encor la copie et oviginale & acanse

3620 2325 114 60 mus

3592 2306 2082 126 venent moy mesine avec lepacquet chez eux d'office, mont

3591 2393 2121 143 ditto qu'il le messagier nroit pas luy mesme, me qu'il envoye

3599 2470 2082 144 croit les lettres avec ceux du gand, et si ie voudrois envoyer

3608 2559 2023 141 cette package avec, qu'il faudroit passer la ville de gand

3608 2652 2069 125 car il envoyeroit p les chariots, et telle occasions nous avons

3600 2766 2085 86 tous les tours dici a gand, tellement qi ie me n'estonne pas

3593 2789 2128 175 qi mons vallege auroit reccu quil qui paiguage p. cette voye

3573 2929 2145 82 la mais tous mes correspondentes ont bien ditfendu d'envoyer

3598 2982 2079 116 acunes packettes pour passer la ville, et ce qu'il est aussi la

3592 3092 2058 66 raison qui vous avez pris nre chemin aultre di cela quand nons

3606 3133 2010 113 envoyons p. sette voy la, nous courrons  e is

3591 3227 2079 87 desfre confisqu, primierement, en allant i hor de lacile

3585 3287 2115 123 il faudroit pay ee tous les tolles, a gand si on ne dont pas bonne

3601 3357 2097 133 explication, on cort grand usie la destre confisqu aussi ion

4809 3440 181 64 de bruge

3597 3454 2073 120 au contraire la male du messagier, ne dont pas plus qui 7

3619 3550 2099 85 patar, pour tout ce qu'il contient, et omisi past librement, vous m'aven

3611 3634 2118 74 ditt de faire tout comme ie trouvercy a propos, et iay fait pour vous

3602 3689 2100 89 comme pour tous mes auttres amis, et pour moy si, et ie ott bren

3396 3746 2295 84 vous avoyer qui ie suis bien malheureux avec vous, car de pensa cette pasiage

3614 3810 2031 84 si seeure comme dans ma maison mes, auttrement, ie n'auvois pas

3598 3882 2089 99 hanards £1000: en or et davantage a la fors &tela pour plusieur fois

3614 3955 2100 77 il est comme si tous les meaux oureint conspire ensemble pour nous donner

3619 3996 2007 78 cette conp. mais comme vous ditte patienend. ie m'estonee de Mons hersavont

3619 4069 2015 72 puisqu il me doiht davantage et at promis de satisfair promptement

3600 4124 2058 69 aultrement ie vous aurez donine des auttres assiguir iesper de vous voire dans

3608 4147 2124 83 10. ou ie iours avec mes amis de londres qui sont la plut grende oow danu les dentelles

3288 1980 364 69 au missarier de die

3293 2073 355 85 bruges portr pas

3278 2228 383 95 tet commur

3290 2336 313 128 ausse no
