8556 4629
1081 245 2268 115 att 2 uso which please to accept & pass to yd acctt. att 35:4 when I make

1092 333 2264 101 up the invoyce of all shall draw the rest, butt if you please hence forwad

1082 406 2286 93 to take & have all advantages that Gallow tha is when you please to gmy

1093 450 2281 119 orders to remitt att usance orhalf uso, accordingly you finde the opportainee

1088 545 2218 103 which will render you no less then as ½ Pro. butt longer then uso itt

1082 604 2280 112 mught not be because all is brought with ready mony & payd with the

1099 652 2243 129 vere best spetie to make what advantages 3 aan in buying so beleave

1097 753 2258 133 mee ill doall I can to in corridge a fature trade whilst & reman

2693 820 587 138 d 10 ab 1681

804 808 783 153 London George Cole

3091 897 79 54 th

1082 899 2278 114 Sr. & wrott you the 6: curitt what was needfull, sence recd. yd of 25 past yd bill

1073 989 2296 134 for acctt of mr Abro: vivian I shall geve all due honnour as Ihanl wrott you

1101 1047 2229 143 I have order from m. Elnathan mm of Dublen to draw on you about

1091 1106 2250 155 ƒ1500:- which in case you please to accept shall be he toacctt. of m.

1087 1195 2256 129 vivian Deceaeed & then to make anend to that bussynes pray lett

1091 1277 2268 147 mee have alsoemend of the £80:- bill & advise mee what you will

1074 1351 2277 150 allow mee to take they standing out debts to mee & that Iremitt

1049 1434 2266 126 the ballance & acctt of which shall follow rl curitt & so exspectinen

1068 1540 1051 138 to have yd advisse remaine

2728 1553 507 121 10 xb: 1681

812 1631 762 155 London Mchel Peeters

1105 1667 2252 137 referren sij aen mijnen lesten, soo aenstontt bekome scryen

1113 1790 2240 102 van u broeder Antoni dat hytet schel is gearristeet over de

1080 1846 2190 137 sulderije van Mons senies oversulx moetene alle mogelijke

1081 1917 2265 139 de boomen anvanden ondat die mogen herrewatte gesorden

1093 2005 2221 133 worden om aen ditto senies te resitichen, want u broedn

1118 2089 2204 130 lichtelijk naer brusel oft eldes gevangen sonde gebrocht wordenn

1100 2163 2140 118 hebbe van ntflanghter noch geen antvoort ie volle

1115 2263 1296 115 discharge verwaght en blijve

2715 2243 452 158 @ 10 xb 1681

826 2308 769 154 Brugge Raphael Coots

1099 2389 2216 130 mijnsr. in antwoort aenden ul van 7 deser sien de 3 gearriveerde packen ten

1103 2480 2215 154 gemoet, van Exon pr thomas Elsdon verwaghte A N. 23 met 25 serges

1098 2585 2236 120 en N. 24 met 30 ditto, die ten arrivemente neffers andere gelieft voor te senden

1108 2631 2173 129 het packtijken gelieft tot naerder ordre te bevaerem als wanneer

1105 2703 2204 163 certificatie senden sal mant voor deser gelieft gelieft mij te leten

1096 2781 2094 162 weten wat occasie pr Dublin in gerland costy oft tot offendu

1120 2817 2235 189 vaerdich is oft een getroven schipper & wanneer staet maeckt optlanght

2713 2941 520 116 @ 15 xber 1681

1094 2972 495 110 tevertrecken

833 3022 786 132 Dort Robert harteley

1767 3073 120 78 th

1104 3042 2204 139 Sr. in answer to yd of 5: curitt. have rec. the 11 bayes & 5 kersies you sent mee the

1109 3113 2214 167 first & finde extroardimary narrow, so that I shall not be able to seel them for

1098 3189 2231 154 what they cost, in case you will not abate on the price you have noted them

1096 3258 2271 145 att ƒ24:- ap is morethen their price: the kersies I confess are good butt not

1096 3324 2231 134 to do any goods pon them for mee, so can not give more then o21:10 att

1105 3392 2235 144 which prijse in case you please you may send mee the rest, whilst intrim

1095 3461 2185 175 send yd acquittance with some frusty schipper orother for the goods now sent

1078 3543 2226 147 & Ill pay itt in silve or goeden spetie, hopeing you will abate some thing

1094 3623 2221 164 to make mee no looser which wholly referre to yd discretion, & as for the

1107 3683 2201 162 bayes you last receaved will you send them I roubt not butt that we shall

1091 3795 2237 162 aggree butt you must be contended with a small gaure, whilst I shall asoyes

1098 3889 1694 136 provide yd mony ready & so remainedrith kinde saluto

2789 3942 492 117 @ 11 ditto 1681

824 3967 892 106 mons Pherre meurant

2034 3969 133 107 me

1112 4002 2265 122 mons. En hesponce a lavre du 4: courant, je mestonne que vous voulez contradire

1099 4088 2249 117 a la prise deles carisces, puisque ie vous ey asseurez quil estoit impossible pour moy

1104 4157 2261 142 de les donnes moindre, differente de vre ville mondonne ƒ21:10:- et ƒ 22 pour

1097 4225 2282 165 la p. & vous les avez a ƒ21:5 non obstante qu'il les mes constent plus que sp

1124 4340 2230 133 plus que les aultres si vous voulez avoir des advant ages il fautt pui

3507 208 2489 157 lesmoindre donner aultant, vous ne considerez pas qu'ils sont pressne unverge

3520 285 2451 146 plus loing que les aultres, et si vous voulez avoir de draps depie blanc il y a des 28 de

3525 350 2448 138 ƒ30 a de ƒ32: lap. les memens, pour de draps blanchade, ils sont encor patyte coma

3528 416 2467 132 ils sontvennu d'engelestre lest la raison que ie ne vous envoy pas des eschantillions, en

3510 478 2482 151 tous occasions que je vous peu servire ie ne manquerey pas amondebroor, mais il vous fault

3521 562 2211 143 estre content, quand jevous donne au dernier prie que de plu puis que je suis

5197 630 535 120 11 Abr 1685

3447 681 781 137 Mons Jaqius Trivier

4730 684 134 89 d

3533 668 2484 234 Mmns selon vre ordre du 26 passato ild vous envoy

3529 790 2454 165 plavoy de brrussel a mons Jaquis  fransel n ragiest

3543 859 2420 208 niece 2 cause le plus beaugu is iamays tn a ƒ23:  ƒ 44:-

3624 963 2253 136 2 ditto de raigesde 22 vergeen ƒ25:10„ 51

5722 1021 226 131 99

3533 1080 2518 202 le pack est marqiu T. el il ja trois casse raigs dont lim

3546 1202 2483 186 oft pair nons sebast menind a qui vous plaira ed dusse

3560 1309 2450 150 cettte de lestras qul vous plairez on i vou peu

5555 1390 458 150 11 abo 1689

3435 1425 786 187 pmons ƒ6. mechius

4880 1457 162 120 m

3585 1503 2449 165 ie vous envoy dhay le 27 passato  qui vous maux

3567 1604 2452 163 commande ormis te cause rouge la quilei ie vous mo

3546 1687 2281 147 aviond huy dems nn ballotte de mons Jaqis Trivier

3595 1769 1787 165 y a quilynanltte chose areerig

5367 1788 401 137 @ 12 ditto

3430 1883 868 122 gent Ifrancois Hersebout

3550 1855 2447 200 monss. verstaendoorden ul van so deser dat mijn pack N.52 geladen is aenboort sull

4260 1995 200 59 am

3551 1959 2470 139 van vlaenderen denw P. stont te vertreken sonder te segge wat dagh oft tijt, hope

3549 2010 2450 170 den selve nu is vertrocken, alsoo anders daer voor verlegen valle hope het packtijken

3545 2070 2427 140 voor nu bij ul is ende voorts gesonden mijnen tolbrief is bij het selve den geene

3547 2132 2461 177 gelieft af te wagen ende de 2 packen van brugge te komen dar van te bedienen

3556 2244 2367 104 ingesloten is een obligatie van 201 patt. de welk monsr. Jf Soetaert

3558 2228 2432 158 tot gent moet betaelen, ick hebbe die eens op de beurse alhier vernegotieert

3555 2289 2432 188 dan heeft hij niet willen betalen nu dencke hij het sal vol doen, soo geleeft

3563 2367 2368 138 int eerst met goet te versoeke & soo refuscert men sal hem daer soo met

5384 2423 615 121 12 ditto 1681

3551 2463 539 107 drecht deringen

3414 2497 659 141 Brugge Raphael Coots

3566 2526 2417 128 mijn st. ick hope mijnen 2 packen voor nu van costij sijn vertrocken de welke anders

3557 2573 2380 147 mij soude in commodeeren: John gennings van london stont dijnsdagh lestleden te

3571 2671 2342 111 vertrecken den welke hope nu sal sijn gearriveert aen sijn bort sijn voor mij drij

3569 2681 2359 158 paucken een niet bayen, een met witte frisaerden, ende een met gemengelde

3563 2709 2483 181 frisaerde werde als voor desen, doch van d'een ofte dander en wette geen quantiteert

3569 2790 2436 162 niidts geen tijt was de facture te senden ende alsoo omdegemengelde frisaerde

3574 2847 2467 167 mjtterlijk ben verlegen, soo gelieft mijd vrintscheip te doen de selve met alle spoet

3568 2907 2424 168 te lighten ende pr wagens aen mij toe te senden, waerop mij verlate als mede

3560 2935 2498 219 op ul expeditie vandereste, vermidts het sejnt alle onse tijdinge tot een in sall

3535 3089 2150 96 Corlogh hangen wat passeirt verneme geirne & nae groet blijve

5470 3077 460 88 @ 12 ditto 1681

3418 3151 676 119 meup mithiel vallego

3570 3118 2376 170 mons. in antwoort aenden ul van 5 deser ben blijde devoriger gesonden paxkeus ul wel

3582 3198 2440 138 waren geworden als mede dat ul aenm. laton soude scrijven, op dat mijne paxkens niet worden

3576 3249 2430 159 gevrent t geene hope ul sal hebben gedaen, heden sende p bode noch een paxken

3586 3307 2432 175 EAT.NN8 op een ander maniere gemaeckt waer over ul opinie geirie verneme

3596 3374 113 70 6 P

3580 3356 2389 181 ick bidde ul recommandeert hertelijk dat het niet geopent en worde, & vant soude daer

3583 3375 2465 246 groote schade deur leyden het is oock voor mons Rdmund varnier van londen heden wel

3575 3505 2474 185 gaet oock mede een paxken voor monsr. cassear van brussel wat passeirt vernemeglrn

3575 3557 2150 163 mengelooft hier denoorlogh als een insallbel sake, waermede blijve

5497 3600 340 101 @ 12 ditto

4416 3646 142 96 the

3430 3673 765 122 london Edraund warner

3595 3627 2419 197 Sr. my last to you was on the 10: curitt sence the french sury is some what over whilst this-

3584 3704 2420 180 day I have sent to newport the packett CF.NN.8 of which inclosed you have the invoyce

3576 3754 2451 188 which Ican not question butt must prove well for they are picht out of all the best

3585 3850 2400 169 sever had and are made up as V.S. tamp hath his, so I hope itt shall come well

3580 3893 2460 157 to yd handes whilst all the rest of yd ggood order is ready & will follow p. next post

3584 3960 2433 155 made up in 2 severall packetts, so that these last, three packetts will bedon up each

3584 4037 2449 133 un a perticular manner, & then when you recaeve y please to examm each & such way as

3587 4083 2464 183 you like best shall becontinend, that of N.8. Ilook up on the best because the laces are

3598 4163 2416 170 coulded as broad againe as them & sent you for the ir. of thes please to give mee

3581 4269 728 141 eedett & so remanne
