8467 4608
1946 210 891 155 Antwerp 29 aug 1682

791 225 976 146 lond m. Henry Maynard

1030 287 2351 181 6 my last the you was on the 26 courant sence red yd off 14 ditto with

1029 459 2387 116 invoyce for one bale off cottons p bayes for my share in which you have

1010 537 2293 120 creditt: I hope the goods aft stale are shipped aboard smith & that

1025 600 2363 115 have diparted by this time. because you shoud net thick meenet tot

1018 687 2317 99 incline rather to do all with you onely then with sivirall have resolved

1007 773 2333 134 to send the inclosed peist fer 2 bales off cloth kersies from the north

1017 864 2369 102 in which pray lett net in fremon or n'hillbe imployed, butt seert

1036 984 2345 105 a nece freind, as you iudge woald imorridge a large commission, for

1012 1045 2267 139 I want in lesthen bo bales a yeare franthe noith, pindar is ni

1018 1136 2335 103 loading & if these 2 bales coud come with han ift shoud bebest to

1018 1238 2357 118 dispasch the dosens fiest. for the rest of the goods disired from London

1020 1356 2336 80 referre you to my fremans & shall exspert all in corformitie I do

1024 1430 2266 89 muth long fork lack & puch haveing muth need for the goods

1038 1506 2269 112 onther board: ys bill I have accept & past to yd acctt I shall

1038 1567 2245 113 remitt. if possible, whilst I desire yd forbeavence as long as you

1034 1653 2284 128 can off drawing on mee, for I would tame gest out off that way

1031 1747 2305 110 though, I am att present pressy well charged. yett hopeto overcome

1040 1834 2354 111 ist & remitt as fommerby as for the boch keeper off which you speake,

1047 1906 2315 123 Swas aggneed with hun upon condition, that is moessins, the heirees

1050 2040 2336 130 oft de mons shoud not continess the trade for hewas engaged to their

1044 2124 2320 142 pleafare, & non om Jacob de mont brotker tho his deseasest masser

1053 2177 2363 140 reneoos the trade so he is still for boath han & the maison mostuaire

1038 2275 2367 147 & sence the resolse to rencu, could not hinder his stay there othoo wise

1054 2377 2330 151 is hould have had han, whoever besire, I do all endea vous & af much

1058 2458 2312 143 as iff I had him, for I am imployed fran morming till ight

1029 2543 2352 148 & desire no more, primipally when my endeavour may le answered

1061 2651 2324 122 nith areasonable ame to my freinds content for thiers is mine en

1062 2768 2290 125 mal occasions I am desired for a past off the inclosed will sence

1060 2830 2224 156 a pat presty sary off a sna cloth off a boutt, 8 7„6 tis akinde

1058 2936 995 170 oft adall gray ist toke hadde

1360 3019 1185 148 Mencorand nnoto morder

1068 3070 2350 175 20 kersies 2 2yd whis ander 30 s 20 ditto 30 yd red lasts o f 47 a 46

1074 3147 2336 173 te be 40p m axxbale butt the 2yd. must be no lest then 4o suden 3a

1058 3240 2264 155 omchesb goud & the 30 yd alme so a yd white or rother as broad

1080 3341 1775 143 good inb stantiall goods thonghrather ers owol

1043 3362 2367 173 firabal of fine norttrens of inpuses from 4:6 to 5 st ay & nn

1043 3474 2314 126 sale ve5 ayd. fran. tobserve sheip befall of gdeertlurtheast

2274 3535 1119 153 igle dosins or onedub N.1 yalloww

1043 3564 736 142 & hold their measure

1108 3634 618 96 1 as N. 2 silver gray

2293 3652 601 88 IN12 silver gray

1096 3658 815 125 2 asN. 3. brouvne modish

2290 3644 802 177 4 N. 3 brocone modish

1110 3739 732 95 as N4 blevisls gray

2283 3770 715 111 KN4 bleurts graij

1088 3758 923 162 2 as N. 6 danck gray stomish

2300 3840 495 111 2N.5 mist

1149 3864 458 91 as N.7 dou

2270 3895 698 115 DN 6 darck gray

1087 3902 710 116 as N.8 irou gray

2293 3957 496 92 2 N.7 drah

1143 3974 646 101 is N9 darck gray

2288 4010 601 95 2 N.8 icongeay

1087 4042 553 78 1 as N.5 must

2329 4076 612 106 2N. g darck gray

1058 4094 590 123 10 p in onehale

2328 4143 528 109 2 N10 drap

2248 4167 1103 132 24 jingh dosinser 12 duble tobe

2056 4262 1207 155 dan 3: e 3:6 non above 3:6 van

1835 4332 1425 105 carslaens tebe wpudnick £6 ayes

3461 180 838 169 Rotterd franchoy green wood

4614 213 1013 144 Antwerpen desen 31 aug 1681

5949 236 143 113 263

3675 305 2408 179 monsr: in antwoort aen den uwen van 21 deser sende aen ul heden per post een

3673 414 2366 105 packestien aen ul geaddresseert gemerckt E½ N6 inhoudende ontrens

3678 483 2413 146 ƒ 600 weerde canten om de selve te expedieren per eerste oockasie van schepen

3680 586 2418 129 naer doublin aen meester elnatan lomm per naeste post volght noch een

3654 635 2448 126 packettien N7 daer en tussen verneme geerne ul advis van ontfanck deser

3662 718 890 134 en maer groetenisse blijve.

3467 787 996 151 brussel m. G Joseph Sabberton

4634 781 871 186 Antwerp: 21 auy 1682

3668 885 2413 219 & in answer to yd off yasterday, I am a shamed for yd compliments,

3675 1016 2415 159 because finde no reason whuch obliged yon in the least: m. mullar

3659 1087 2418 166 is not yett come from hollant, his wife hath been with yd procurear

3664 1187 2324 147 & beeng with a 6i99 belly prevailed on han, to stay out his returne

3667 1267 2422 168 which the sayes will be nithin 2 a 3 dayes, & sure hee must pay, orbreake

3635 1342 2389 188 soo wee foum good, to delay fint her execusion till his tertume you

3656 1440 2325 127 are charged for the f 1200: rec for my 2 bills 8 I have geven you

3671 1513 2361 152 creditt for the some valeu receaved for you yd which is the nee defull

3671 1604 2307 173 aft present from I'expecto see you a fa tinday, or maidday nece

3480 1678 836 156 endenard Jan franchois bis

4754 1749 977 133 Adij primo septene brys 1682

3661 1837 2442 196 mons. ick hebbe 21 passato, aen ul geschreven sedert geene van ul alleenelij

3657 1910 2369 203 heden van monst odonnart baert verstaen als dat ul den wisselbreff aen hem

3656 2019 2381 167 niet en heeft voldaen waer over mij grootelijx verwondere, hij wilt die

3671 2098 2409 167 weerde wederom hebben soo heb ick hem gebeden te wachten uwe antwoort

3657 2172 2389 158 als wanneer hem beloofden met de selve soude verstaen dat ul den brief

3657 2277 2425 156 betaelt hadde, t gene hope sult hebben gedaen, want anders soude ick

3669 2363 2280 138 daer door groote preiudicie lijden, oversulckx bid ick ul hier in geen

3660 2450 2397 151 langer uytstel te maken, daer en tusschen soo ben ick te voeden aen

3674 2536 2415 145 ul op een nieu te crediteren al was het noch soo veel, ende als ul gelieft

3661 2647 2388 141 over te comen ende een versse partije te coopen dan sullen wij wissel

3655 2714 2412 118 brieven maken van ontrent de £50½ ider, ende dat op differenten tijdt

3644 2794 2409 139 om ul daer mede te beter te accommoderen, ul verscherende van mijn

3663 2897 2346 129 genegentheyt in ul alsoos wel, ende goeden coop te dienen maer dan

3662 3015 2237 118 moet ul voor de betaelinge, promte sorge draegen wachtende ul

3670 3064 580 136 antwoort blijve

4468 3119 1052 168 Antwerp: primo epo 1682

3463 3104 931 198 hill Ritchard Southell

3653 3226 2432 187 mons. answer to 90 oft 27 past Iam forry to many resting cloathes, which

3660 3385 2324 121 indeed & du not enpect, there by ys exente off paying amy thing for

3656 3466 2392 121 my autt: sure I should thinck thort yd yd pay mente are not so badd

3656 3527 2345 121 as ours, & that last yearres acctt naght be cleared by this time, fer

3645 3605 2340 146 I shall not beablese te forbare uisthin a ⅓ to draw on you £100-

3656 3715 2424 137 ett least, att 2 uso which I hope you well accept havemg this month

3639 3775 2406 166 abont £1500 of the pay, so expect yo aprobation as for the mill, for

3639 3891 2381 98 is nott upon mj acctt, he intended to come neitter will I engage for are

3656 3981 2301 129 penrrie for han, orfor his machines yett am I not a litle engayed

3663 4059 2370 159 for yd care & the dondems promise & shall wthe lile occasion regaist

3662 4160 2294 124 mij obligation, inclosed a letter tot my trother, which I opened &

3656 4217 2369 111 for mid the contents, those monkes might have an intention like the

3639 4321 2333 92 fromkman, there fore do not like to meddle with them so if
