8563 4656
1240 201 2150 114 roeck is de retver ende het gepasseerdt tot kent sal den bode gib van

1169 297 2266 95 van herdenborgh ul mondelingh komen releters ul goede handt is noch ne

1147 362 2283 100 aen te honden ende ons te doen adverteren bijtyts allerde eerst &

1151 421 2278 125 vervallen pnyemente sal weder onmigelijt gereght wordenwan

1169 492 2245 150 soo wanneer d'officiers voor dien tijde de kenten oft oldat

1141 570 2251 131 niet en leveren soo hebben sij hurs oblegatie gepasseirt

1126 688 2236 124 medente sijn het ste latenkorten, p boddvoort sende aen ul

1165 770 2206 128 2 paxkens HWN.1:2 waer voor de port gelieft te betalen en

1147 873 2113 144 volgen dordre van mions he mij uilinghton van

1132 972 2241 119 Duynkerqu, men seijft mij van london van seher supper

1165 1041 2247 140 die het seras drayen seer wee verstaen ende soo hast van ul van ue

1174 1115 2227 156 over den sel ve advies soude brijgen als dan i a2: packelien, kan ts senden

1173 1196 2220 193 soude agoverge morgen volght de eerste ficatie van de tijken & mnds

3193 1293 186 111 blijve

850 1255 259 180 neuport

1926 1285 1022 148 michie valeyoe de 8 mij 1682

1101 1328 572 136 Michiel de Vallego

1214 1381 2212 178 Mons op 30 passato was aen ul mijns lests den welcke hope haen ul

1197 1474 2209 184 wel is geworden beneffens de packetiens dweeck geirne verneme heds sende tot

1195 1614 2213 101 n pt bode gilt van erdenborck 4 packetiens te wele 2 MG. V. bestande van

1179 1672 2197 136 2 en hel 3 daer mede te valleys van iosepl salberton 2 W p van

1173 1802 2244 114 brussels ende waer vore de port alhier wert betaet A.V.M. 4. Ncent

1178 1883 2140 132 de selve niet alle mogelijck spoet te gapuiners op dovris met ordre naer

1189 1937 2133 186 Londs voorts te seynden aen mons abrah vivian gevende vande ontfanck

2704 2076 557 137 7 meij 1682

1210 2084 741 138 aen mij advies sal ul

861 2161 921 181 Brussel Joseph Dabberton

1154 2190 2192 181 Inenswer to yds of 6 cur. have red. yd rysuc lwith the pertetts

1152 2350 2177 118 nelbsed whick this du y eire gon ferward for neewpot

1171 2400 2190 113 to mr. mickel vallego te followigr ordeer, the messengen

1156 2510 2214 111 name is quie van erdenborgh to ye governo the ouffenge

1177 2568 2159 150 from brussels hath not elengett ferchiefinighn helvven

1168 2646 2189 144 een antwrrper the port to nport os ordineny 8 s: she

1165 2717 2208 141 nietfanges told meethat ud rj die alevaye puythem

1177 2807 2047 156 fhen so hall enspent yd orden sotede

1166 2890 2186 147 whilst I have vorots them frac. as for Jabookheepe

1158 2982 2214 142 I am aet anmindefull, though c omis ett in mg last

1194 3055 2122 132 I shalleerdean to findeone send meetem laeert

1124 3124 2168 127 bonvende munday fewor mony auoringle the

1166 3215 1145 149 sortment advisedbefire

2659 3218 302 142 8 meij

873 3302 1614 136 Meggelen wineten van Akende Jonge

1177 3347 1913 164 erde ul ploode 2 nem dock cataenen a ƒ9- ƒ 18:

1502 3444 1543 181 6 salemperes geverft aƒ 7:10 -„25

2868 3524 171 83 83

2763 3591 196 116 9d

930 3540 653 179 Areda Laureijs Ka

1177 3617 2193 164 Icq wenschte wel 't huys haer geweest alset hier was om van alles mondeling te

1158 3755 2223 136 sprecken, Icq ben met decken wouten & ul schron vader geaccord. voor de corte leysten & alle

1181 3808 2216 132 andee fanten dat het soude mogen wesen ƒ50-, nu soo maeckt eens mijn reeq waeel nogh

1163 3916 2217 122 comt, van de wolle, & flois sal ul ƒ50- tellen. de 2 balen wol sullen nu al bij ul

1165 4017 2254 110 sijn om te volgen d'oad. van sac Bouwerns, 't welck den naem sal wesen voor het toecomende

1169 4084 2202 130 soo begit voor eerst een 3600 e lejst, soo fijn als het mogelijcq is, & dan weder een baen

1160 4194 2233 119 leijst van de selve soorte, maer neme goot dair tot de leysten, men salfe in gelv. laeten vollen

1176 4249 2223 114 al 't geneop mijnen naem slaet, en magh met dit niet genoegelt woorden, maer daer moet ul

1169 4332 2211 100 een reeg. partierlier van houden, & aen niemant seggen, doet ul devoir, & sal alles welgaes

3734 140 823 152 ee cast den 8 maij 1681

5967 225 94 65 205

3498 228 97 118 ugge

3752 224 2310 127 op gisters hebbe kan ul het noodige gescreven inklnes becomt de certificatie van de tijten

3645 307 2439 147 waer van ul sigh gelieve te dienen. maendagh sal ul eenige packettiens toeseijnden voors verwaght

3648 381 993 143 schip voord ond. Ed. wanner & ander

3504 480 751 162 Duynherhen m. Henrij Willinghton

5503 508 454 118 C 9 meij 1682

3638 582 2438 153 shis ondly to advise you that yeasterday I have sont to Bruges to mr. Raphael Coots to follow

3652 706 2420 112 yd order 2 packetts A.W n° 8 the biggest & N2 a litble one of which invoyce p next

3638 760 2408 150 because time would not fermitt now to draw itt out, I hope this may finde you safe

3655 855 279 120 arrived

3520 940 705 172 London m. Henry Maynard

5561 974 191 137 a 9d.

3645 1057 2403 148 mij last to you was on the p surtt. sence recd yd. of 21 & 24 past I dovere much want

3648 1185 2439 129 the 6W silver marce by them 3 att least 5 more f first, I shall exspect the reds, whete best

3641 1271 2339 109 you can finde them, & the lougher you delay buying of them, the lester I would have

3629 1373 2387 128 because I doubt I shall not be able to bring them time enough, for this deliverancy

3632 1462 2421 121 as for spanish cloates I delay ordering because I rum in to deep with you, & do not finde

3633 1562 2439 127 mij self capable enough to remitt monyes as I could desire, yett will endeavour towards ng

3653 1646 2412 136 week to send a good suply, whilst Intim you may freely buy now & then a spanish cloth

4917 1723 132 72 ƒ249d

3630 1730 2378 101 whiee you meet a penniworth, princepally of the cartys & prijses there abouts, the inclosed

3638 1828 2393 135 cullours are good, butt if you should thinck the new woll will make them fall, I would

3641 1919 2436 115 have you to god. yd. self ome what accordingly, the last 3 bales N.6„.5 & 12 beqii to go

3626 1998 2344 139 oft a gace, to the s will be a suply, till others come, butt after this month sale is low

3633 2117 2426 153 againe till ½ july. now as to m. Collier I wonder be should mistake so much, I wrott

3616 2196 2429 151 to dun these fo llowing words on the 16th past S. I have bee obliged for some considera bous

3640 2301 2420 131 to take many bill on you on 28 se which remitt this day to m. H maynard though

3620 2414 2438 112 itt pinched mee vere much beeng extreamly necessitated for many. shis I have don

3616 2528 2439 120 more, & that onely because I do not love that our exs. people should know I draw

3608 2618 2457 148 on him, & as much I told him often what cause can that give him to thinck that

3625 2715 2414 131 I should not demand said valew, or draw the same att duble vro, endeavour to

3621 2797 2460 149 gett the valee by feare incanes for though I should not loose yett I want my mony

3622 2897 2442 170 self, & can not reselve to accomedate him more then what I have don, except

3621 3013 2439 151 I had beeter icurite for ite, neither have I mode the least menton about that bill to accomod

3629 3126 2393 117 hn, butt onely to make him see that where I draw on huy must take in the bills

3618 3226 2415 126 againe, & remitt to other freinds for heare of no due payment, & that ther fore I do

3630 3346 2414 121 much hate such trade, I hope he will complye, whit part or the whole whuch proy

3606 3400 2444 135 keep as seereer as por you can, for I would be, by no incanes amy cause of proudie

3624 3526 2399 121 in his reputation en creditt. of vale bussynes not yett any better news bult n

3618 3623 2420 116 sabbarton beeng upor the place will advise you from time bo time more particolarly

3625 3705 2383 103 m. scawen hath some callicoes intended to him, pray lett him advise mee of he will

3617 3797 2263 144 send them to mee att what they cost, provided they be as good as then I accd

3634 3888 1095 172 lett mee ave chept some new d
