8563 4595
1153 239 2275 186 mee, samy 9 only told so, to putt hum out of that wadeto

1163 351 2257 175 lave itt for my selp: sure sence 1680 9 got nothing for him

1116 442 2305 180 & what accise work to imedrridge hun to send more: Jth. halh suffe

1151 549 2285 178 his bill to go beur for non paymeut, & do not question hitt hevill

1151 636 2229 139 a much with 2more vesimning & due in hin few days te beeuy

1166 740 2235 118 concerned ferabout £600: I canser to my opinien ther cails

1157 796 2248 153 no loss bitt voore JB. hath &omay Rgot as bad repitation

1170 880 2228 186 of paynig alls as ever Peetert had, & mea & de coninck auutrant

1148 963 2161 212 fram hum wwlel ehe will meddle wts his ancers: o bodden

1128 1057 2132 161 he lest honshiepinq & is gon in nith sus mother tsigne thet tsis

1140 1139 2156 167 doine goeth bakward he selle at Brussels att suckarate ther

1151 1222 2185 174 amalt nost beaten it thew: Iexspeit p adise whitt oder

1157 1307 2215 205 firtt desires mee to pay fot his honomd the rumingseles

1127 1405 2139 177 Jani charged with £ 430 25 for his actt all du in

1155 1477 2155 217 riss aencost at mich teethere is du tohin, sothn

1121 1579 1667 202 mesrecuy foarthing mist be redracc

2624 1699 504 142 C 25 meirt 1682

898 1733 739 161 Londen M. Luey Knighley

1146 1814 2183 167 I have heter ho hetherto exspected yd. draught on mee for the ballance due to you

1167 1906 2156 163 wluch in case you have not don before nept post, shall oblige mee to remitt you

1163 2000 2176 145 ats short sight, for I would by no meanes oftend you, by keeping you to long out of

1142 2088 2195 167 yd mony, there vere pray be face there in for winsoever you Ilre pleased to serve

1167 2181 2207 139 mee you maij alwayes espose of the valew in case I remitt nott in time to yd pleasune

1149 2261 2192 183 I had exspected to have heand someshing more of the aurorad. butt I suppose you

1164 2360 2214 172 found a letter coniyance for them, or not peoper for mee whoever what you please

1189 2458 2165 196 I could wish you could finde some good pennieworth for mee in an assortiment of

1166 2546 2194 182 reds 173„2 of £8 -, 2 of £8„10- 2 of £9-, 2 of £9„10- 2 of £10- & 2 of £11- a

1173 2652 2250 184 or accordingly the opportunitie doth present, which in case you can send mee spedly ples

1175 2770 2204 170 to advise to governe my self accordingly, though itt should be butt half the quantite

1165 2906 1640 122 & some time hence the rest, in exspectation of yd answer

1143 2973 2199 178 dhoy may serve pertely in answer to yd. of 19 san. I have don the last afford with

1175 3027 2179 215 yd. kersies to must returne them: I exspect no more bills for acctt. of H.C. for £

1171 3163 2198 153 hope to see that actt. cleared & frrst, for our cloth trade is to poore here & will rott

1155 3311 326 105 bane itt

2819 3351 515 180 a 25 meert 1682

918 3398 762 159 London m. Heurij Sollier

1154 3460 2206 183 In answer, to boath yd of 3 & 1w curtt., in the first send you here the invoyce of

1176 3547 2188 167 the 2 bales of fine mathers sent to Rotterdam to m. Same bl Back to follow yd ord.

1183 3649 2186 152 which please to peruse & finding right give yd. acct reditt, as allo for 5 ƒ flemish payd

1182 3741 2203 204 for port of letters, & drawing out of the inelased coppy of cay. Johir a brahall his last will

1175 3876 2201 184 bij which he makes & institutes his cousin gilbert abrahall his sole heire & epeinter for

1172 3960 2206 182 god, itt beeng as amiple as can bemas, as to the mathers fure you must gett, there

1183 4063 2187 169 fore do nott undervallew them, one nollet here a great dealer in that cad hash shiped

1192 4150 2161 171 yeasterday 8 beles a board Caistian de Wever for London which he hath rec from

1181 4264 2206 144 middelbrugh  ago, & I am sure he could sell them here att ƒ40- butt upon what

3605 217 1764 100 autt. or hopes they go forward I know not, yett for yd spiculation

5895 221 110 77 170

3606 281 2438 135 yd nesting goods I'll putt off as best i can to cleare that concernes the soondr the better, now

3602 353 2410 143 wee will come to the bustiynes of John vale for which I can not butt blame you the most, for

3605 450 2408 149 you enew before, what paines m. Soushell sook when he was here to cleare you of him

3608 523 2420 148 advising you never the medele with him any more, for though he is honest, would you

3622 634 2387 130 have us to say other wise & so to sake away a mans reputation: where any well underes

3617 719 2414 164 anding hath suffisient warning not to medele with such trade: & truly I did not thinck

3616 820 2407 145 butt you lest oft according, then you answered, butt last yeare I wrott some tinnes to RT

3626 928 2413 120 that I had seen of yd. goods in severatt. shops att Brussels, by which I bold him my opinion

3640 1020 2347 147 of yd engagement againe, as now itt fals out: cloth trade can not bare itt, & T

3627 1083 2375 155 hath by his straights brought itt so low, that wee are almost all beaten ont att Brussels

3630 1205 2372 123 which in cases he continews, will bring hm to nothing. upon what actt. he lest off

3633 1314 2365 121 house keeping, I know not, he is gon in with his weses mother pretending to follow

3631 1352 2402 158 hentrad, of canelot makeing & leave the cloth trade: there by he is reputed to be so

3629 1490 2414 115 bad a paym as ever Peeters were, & John de conincs hath had a long so many complaus

3626 1575 2396 150 of the bills remitted on him, that I doubt not, butt he is weary on itt, & if he cheackes

3636 1720 2377 97 him off, what shall foore John vale do, yett I hope better then you feare, & shall

3641 1784 1430 151 waitte hun the needfull, & advise you more drept

3488 1905 749 161 Londen m antonij Thone son

5492 1917 548 136 C 25 march 1681

3640 2030 2347 92 haveing undenstood that you are settled in londen &  drive a considecable trade with

3632 2086 2405 170 gold, desire to be informed how that com. now oules wish you, & what spiculation you have

3643 2205 2350 142 of the future to gov. my self accordingly, for I have some farcells, & if the prises do

3633 2274 2383 144 incorridge shall send some for a brgatl, whilst in exspectation of yd answer

5490 2388 269 164 C 25d.

3479 2399 627 165 London m. witf. Pindan

3616 2500 2429 175 In answer to yd of the 2t curtt. as to the debt of seaman is realy & can be susttienthey

3608 2620 2416 158 proved, butt should the sharges be so greatt, itt would be better to endeavour with him

3622 2697 2398 172 by fare meanes, on threaightning of arresting, & itt may be, he will finde out away to

3629 2787 2408 170 procure pay for you, which if he doh not advise mee, I have understood of some

3623 2895 2405 168 of his goods, or bagage that is some where here to be kept for his ord, I'll endeavour

3627 2990 2323 162 to arrest that, in the meane while do yd endeavour with you, to finde him out

3623 3090 2375 149 & to neeave from hun what you can gett, Philip vander sught hath sence payd

3641 3233 2392 153 seonely seamans bustijnes keeps our liqidation standing yett I hope you shall not losse

3489 3334 774 170 London mr. Juny Maynand

5523 3367 310 132 6 25d.

3626 3407 2392 185 mij last to you was on the 21 curtt. sence yett non from you, which gives mee opinion

3629 3543 2363 139 that severall posts are wantingh with you, yett I hope you are m a good forwardnest

3624 3653 2375 144 of the disineed goods, add to the inordered fan Cos cloathes one gray more of the key

3641 3742 2344 144 as N. 957, of which inclosed a pat. as alse 2 a 3 drap cullours 7 ƒ cloathes or kers. of

3631 3835 2393 146 937„ 939 & 940, 939 beeng the best cullour of which here under a pat the wallones are

3645 3978 2365 117 still & vere much for drap cullours off a lovely blewish mixture much like the patt. here

3634 4052 2386 153 inder, though lighten, so do yd endeavour as well you can, to send good goods & good cullours

3630 4166 2362 118 & mixture. a handsome list is a good qualitie in the sale of a cloth for yd gon &

3635 4285 2378 105 inclosed a patt. of stamet made abont lille, & vere much demanded here, butt not vere
