7968 4581
2093 164 876 108 In Antwerpen 3 fe6

526 150 1022 139 Brussel Hendrick De smet

795 216 2331 152 monsr. volgens ul ordre dint desen tot advies als dat d engelsch ratime

798 328 2274 106 gearriveert sijn oversulx het gevalle ul gelieft oenst overquant sal

765 404 2233 126 de goederen tot ul comste op houden ten waer saecke ul contrarce

776 453 2295 154 adaileerde terwijlen met alle genegentheyt traght te wesen ul dien

514 479 817 179 Brussel Joan Jacobs

2105 547 911 152 In Antwerpen 3 feb81

793 611 2230 151 mons. volgens ul ordre soo het het pack bayen doen hoopenen & in

798 720 2239 115 twee separeeren on bequamelijk 1 wagens ul te senden de selve dan

791 803 2218 150 vertueck en morgen vrolgh p voerman op costij, sijn gepackt

794 858 2165 174 intwee packen 155 1 & 2 ider met 11 wwitt baijen het het

778 945 2305 176 pack A18 N20: met 22 bayen door een ƒ 28:20 4 stuck bed ƒ 627:-

775 1027 2287 143 de selve sijn voorden prijs entrodinarie goet soo dat niet twijffelen

794 1124 2260 154 van ul contentement over de selve daer en tusschen soo ickb anders

782 1218 2086 94 voorvalt waer in ul kan dienen gelieft te commandeeren

475 1214 1156 200 Brussel Judoous De sadelaer

2103 1273 943 179 In Antwerpen 3 fob 81

768 1351 2314 166 Mons. desen tot advies als dat morgen vroegh aen ul vertreckt

783 1467 2277 138 van hier p voerman een paxken T.D daer intweo fijne spaenge

758 1556 2296 169 laken & ½ wolle bloaw, als hier onder gespecifceert de vraght

776 1667 2296 132 is 18ft p tentoll, wille niet twijffelen ofte sal ul nae conten

766 1724 1304 156 tement wesen waer mede bllijve

464 1752 1314 221 Brussel gad nicolaes de Hertogh

2100 1776 959 191 In Antwerpen 3 feb 81

762 1907 2256 202 monsr volgens ul ordre op 30 past aen mij gegeven, hebbe aen ul

758 2034 2366 168 gesonden p voerman op Brussel die morgen vertreckt een paxken

740 2108 2293 209 gemerckt N.DH. inhoudende 4 witte manchesd bay a ƒ30 stuck ƒ120

747 2188 2330 224 ul gelieft nae het selve doen omme sien willende niet twijffelen

758 2284 2295 244 ofte sal ul tot contentement sijn versckerende ul vande genegentheyt

748 2410 1080 182 die hebbe te sijn nae groet

2212 2511 814 138 In Antwerp 4 Jau 1681

536 2483 747 165 London Ceorge Cole

1830 2566 90 113 th

746 2623 2299 145 Sr. my last to you was on the 28. pass, to which referre you, because

730 2684 2391 136 sence non from you accordingly as I then promised intended to have remistd

735 2761 2329 123 you £100: butt fbund no bills to my minde, whoever inclosed is £50: att

735 2868 2382 88 2 uso att the charge of f. Henry vandenbroeck which cost 35:4 so please

734 2956 2375 85 to give mee creditt accordingly procureing the needfull for the bill for

743 3048 2290 130 what monyes I am more in cash please to draw in answer here off

743 3118 2351 123 or accordinglyon shall finde yd advantidge by y, exs viz £100: either att

740 3216 2382 115 sight ½ or uso & ass soone as possible I can shall be a remitting the rest

753 3287 2308 140 as fast as I can gett itt in, I could remitt no less this day then 35:9

745 3373 2268 101 sicht, so I hope you will draw better the acctt. sent hope to 4ives

730 3471 2364 92 some content, & when you shall see the acctts of salue to have ydfull

722 3495 2013 146 aprabations, which is the needfull att present from

2146 3528 931 198 In Antwerpen 4 feb 1681

464 3551 1109 181 London John Peeters I comp

735 3688 2358 113 mons. in antwoort vanden ul van 26 passato rakende de 13 guldens

738 3769 2232 143 voorbloemen die ul pretendeert van mons. Antinio verspect die

732 3859 2363 132 weirde en heeft hij mij nogt voldaen, wel is waer dat aen mij eenich

733 3965 2320 122 gelt te veel heeft gegeven als wanneer voor Jskarite betaelde doch

691 4032 2411 153 dat kan maer ontrent ses guldens wesen, d'welk mij dunckt eens de els

690 4152 2321 100 daer toe had geordinneert, doch noyt voorder eyndegemaeckt ais

720 4213 1158 163 dat soo wijders blijven opstaen

3585 188 2319 99 wegens onse affaires, ick hebbe ul. broeder Antonio wel gest maer vernen

3582 261 2323 112 van hem nietst, hij heeft hier geweest instadt soo mij geseijt is, en hij siet

3585 334 2313 75 niet naer mij oame a lofte de saecken sijne niet waren, ick hebbe verko

3584 401 2310 107 al dat ick houde maer meest sijnde fautastike coleureblijve liggen

3595 465 2289 121 ick sal seer blijde sijn soo waeneer ul overkomt en een advostement

3576 540 2319 85 maecht want voor leven & sterven dat noot saecklijck is, van mijnen

3578 613 2263 111 twegen sal alles gereet sijn tegen noodigh is terwijlen blijve

3306 619 906 167 London Henry Maynard

4682 681 1160 158 In Antwerp 4 feb 1681

3564 752 2343 152 S. my last to you was on the 25 past to which referre you, because sence

3554 846 2340 117 non from you, so shall this serve to carriy the needfull acctt vir the sale

3592 950 2311 122 of y of yd packcloathes of last yeare, the acctt of charges of last 6 monthes

3566 1028 2322 107 and both acctt. curitt one ballanced yr June & the last uls. & b last, by

3588 1116 2298 111 which is due to you £3318:15:11 when all shall be reced, these I hope

3588 1176 2298 131 are made up to yd content, & that you shall finde allthings wright

4482 1257 225 62 1niotn

3573 1266 2316 83 what goods are resting ull. xb do cast here £1473:8:8 f lemiss as

3568 1336 2340 106 is noted in that of charges besides the bale MN. 86 which is no wunder

3577 1416 2281 141 way from bruges by waggon, which must be added: I couldwish you

3578 1500 2322 107 would nearly excimme not onely the acctt. of sale butt these also that

3570 1566 2337 105 in case any errour found itt may be rectified according, for I doubt there

3578 1681 2333 116 is some in the sale in casting op the goods for I finde 2elbathes more

3563 1757 2345 113 then I must have & yett do not know where itt lyes, althought I do not

3567 1807 2343 142 question, butt that I shall finde itt out in time, beleaveing itt happened

3580 1890 2316 139 in or amonghst the northren goods: as for my cutt the £186: bill Idres

3585 2008 2321 104 on you is gou for payement, because the owner would have 35:10 which

3577 2097 2325 127 I was loast to give him, where fore must desire you to satisfie itt &

3563 2162 2349 116 to draw that with what more is due up on that  acctt £170: 7:7 in

3562 2268 2286 100 all to which pleasedo ad £12: to be in all £185:19 „7 because I must

3572 2317 2316 176 pay one mr. balderston £15:12 for the hose delivered to you for mee

3565 2402 2326 138 & there with our last yeas acctt will beven, for I must desire you

3572 2447 2334 188 tocleare that & to beginne the new acctt without any intermixture

3567 2572 2343 132 of the ballance of formar, draw the same ballance either att ½uso

3574 2637 2296 156 one uso according you finde my advantiudge of y ex. & if possible

3576 2710 2311 173 allow mee some thingh for the ropes & I shall be gladd to have yd

3575 2843 2283 119 aprobation of the accttt butt the cxtranugant charges att this side

3564 2901 2320 157 takeaway agreat deale of proffitt, yett I am now more incorridged

3562 2990 2241 121 then ever before, because there is a new book of rates made by

3578 3078 2316 135 which the bayes, kersies, cottons will not pay above a l part of

3576 3203 2331 94 what before & the cloathes nat altoghether ½ of formar daties wae

3568 3254 2305 113 they did so ostend alter as they pleased, butt sence up on many complaints

3573 3324 2334 119 is ordered never to charge any moreduties butt that they shall give 6 monthe

3563 3413 2277 145 warning that marchants may govene themselfs accard these new

3561 3496 2324 119 rates I have deen printed & will gene begiven out this week, where fore

3556 3555 2341 177 I desire you to dispatch what goods desired & in ordered principally the

3555 3640 2324 174 spanish cloathes for I shall want a great & good assortment with next

3575 3760 2300 150 spring, so when you meet such as last mentioned be not a fraid to duble my

3534 3860 2354 111 ordre, altought I could frist wish to see patt. of those that are already

3552 3923 2346 159 brought provide some pack whites as mentione before besides endeavo

3552 4047 2247 94 to gott 6 or 8 devonshire bayes redliste of the wery best sorte with

3543 4131 2319 152 2or3 oft spanish woollas, least yeare bree had in the bale MN43: voz

3556 4221 2338 148 133 beeng RD of 40 s a to them please to add 4 or 6 bleevlists of 2 bayd
