8569 4608
2677 235 471 132 C 31 Janu 1682

875 273 735 133 Brugge d h. Raphael Coots

1163 317 2212 164 In antw. aen den ul van 28 deser, seynde hier beneffens de versoghte cortificatie waer met

1179 443 1011 136 ul sigh naer behooren gelieft te bedienen.

2804 489 317 130 631 Jun

908 500 738 171 Londen mr. Edmund Warner

1162 574 2156 175 mij last to you wash on the 27 cur. to which pleases to be refered, advisingh then that I had

1159 733 2153 92 drawne ono you £100 st. for yo acctt. att 35.3 att 1½ 170 payable to the onder of m Leonad

1156 777 2177 120 vermeulen for which have recd £176„5:- flaims & past to yd creditt, mogh mich recomanding

1174 869 2138 130 you the honour of my bill. now I am without any from you so have yeasterday sent oo

1174 966 2196 92 nicuwpoort to m. Michiel vallego one packett q 2 little, ones according to the inclosed envoyce

1161 1061 2199 87 amonting to ƒ453„14 ¼ in £75„ 12„4½ flemish beeng N. 11 & 12 for which please to give

1170 1115 2162 111 mee creditt, as also for N13 & 14 am. to £167„130- flemish, which are also ready, butt to

1171 1191 2154 117 devert  risid, if any be, I thought good to send with eves y nessanger, se meting

1168 1304 2147 88 wee haveing 3 messargers a week for nieurpoort, so att the latter end of nept week

1162 1375 2146 123 all will be ready where you receave all these goods, you will casely iudge which manner

1173 1443 2181 128 of ordering or foulding is bott, to comply the better with yd pleasure for the future never

1158 1558 2175 129 will laces be cheaper then these are, & I doubt, I shall advijss you of rising in less then

1156 1639 2221 133 whilst this day most of the resting is brought in so that yd order will be compleated, before

1152 1718 2191 142 the latter end of neyt week, of you finde any p not worth itts price, lett my onely know

1170 1800 1658 136 the nimber, & I'll know the maker to gett amends whilst now

2855 1889 211 136 a 31 d

908 1878 730 163 Londen mr. Henry Colluss

1158 1938 2163 166 I have before mee yd of 9 & 16 cur. the first I should have answered sooner had

1151 2061 2233 115 not delayd itt to send yd. acctt. with est, butt m. Maynard & scawen beengh hove hate

1164 2133 2205 132 hindered itt butt now they are gon, so pnext they follow as for our frind m. warner, ie

1165 2233 2172 138 is less censibles of is loss thes my teses yett I have not dofisted in perseinting the robbery

1156 2313 2166 138 butt recovered some part in hopes to recover more, whilst I recomand this to yd seeres

1143 2402 2209 162 for seeng he doth approve of my doing I shall contnew my endeavour, to which he doth

1171 2487 2208 134 the more engage mee, by giving ince noless imployment e I am in away for

1155 2580 2178 167 buying of laces both for spainen & England, & have severall good con., & any that

1163 2658 2188 154 made try all with mee, didhithers procud, though they have been served by others

1158 2743 2225 176 for I am of opiniur that noother can out do mee in all respects, if Jean serve you

1161 2822 2173 171 as for what you wgite censerning cap a brihall, I all tuguire the needfull

2854 2910 258 128 C 31 di

907 2956 614 144 Ault m Jan Buttn

2757 3012 147 115 mey

2701 3064 535 128 P seo 162

1157 3014 1048 179 advises mee, that he whill pay yd. bill

1311 3145 71 77 6

896 3151 709 183 Brussel nd. Rasens

1142 3215 2249 168 Mons in antwoort aenden ue van B gastasto hebbe gisten aen

1152 3316 2230 129 ue gesonden p beurtscip een pack gemernkt t A& cconsianeert aen

1154 3386 2242 144 seger vanderberckt, voor braght te betalen 20 iijvers, ick en wil

1162 3472 2174 118 miet huyfele noft alles sal ue wel bevallen en bij soo verne ett

1165 3528 2215 134 anders n oodich hebt, grlieft te commandeen, sal ie allye woedin

1168 3600 2227 110 e waen saken datt ul dets ad tekagen wanneer het oock sondemwyn

1176 3676 1474 116 wesen sal ue daer satislattie over geven

2604 3684 725 155 Antwerpe2 febt 1602

982 3724 754 159 Brussel Jan fransns Banter

1145 3766 2239 197 Mors inantboort an den ul van 26 passato de m deset hebbengit

1161 3920 2245 117 pakestNN:5 wel ontfangen tijne boet naer gesien n al dier klogen

1153 3976 1392 151 pendesedel tervoylen naet fetin blijve

2862 4054 119 82 me

898 4013 208 189 Brussel

2487 4054 845 165 Luvers e2: feber 1682

1153 4063 877 166 Mons Antsonij Rousseau

1161 4183 2222 137 monhent tesedro vl bon sloutp el gue voors avg u des fatrrables

1151 4242 2187 148 restontes dont 1e soulaite  monsr hand hboock et, monsedret

1156 4354 2067 90 van usplegene ont iste a smalines pout deconvide en soldat

5879 207 97 73 133

3547 243 2371 118 qui etle soap a fare dont ie vous ay lasse la memoi de la fimme los

5867 303 135 81 done

3533 335 2445 121 ull la Besil a brusselles ils ont der tose de malines in celaiee duft il

3533 435 2424 122 poue la prendge avicq un bedr du convenre de sent ledire deselionck t

3541 504 2452 139 oedonne de vous venir de vous veuz vois et donner    mos nous

3528 606 2489 144 in pouvous pas oblende infin  quelque cost nous vous envoyeion

3534 685 2362 161 la declatation dasare onfin de presentez u anu pit d' vandement

3532 794 2396 103 car cest la faute de6 offsiers du ogiment delbos que nous navoirs pas

3515 852 601 136 soute la satissec soon

3434 950 893 186 Brussel Mons. Jeseren Sabberton

5103 932 758 176 Antwart 2 feb: 1682

3535 1025 2458 191 in answer to yd of 20: past I am god s be thanchis here well

3542 1168 2436 132 arrived & hope you shall send mee the desired lace before the latter end

3551 1276 2436 136 of this weel: I observe that wee aggree in all parcells of our aitto

3544 1325 2458 175 the ballancs: of which is alvrayers ready citt yo commans, though yon

3535 1482 2463 150 had occasion for itt in london att 2 usoer elee here att sight: I do send

3530 1562 2452 153 son this day 4 oper messayen 5 p. oflaces in a packettdineed to you

3540 1700 2460 112 of which the 2 eraew t pices. are cutl, as also one of 4 huns

3527 1741 2465 177 ous in sever all necus, desiring yon to gett each madito ghether with

3535 1892 2434 123 in servor all pcepst desirins & op so iett each made to ghet. hern nith all

3548 1977 2466 127 sreed imasinable the 2p. for eust ane oully dusty so could mech they

3538 2064 2463 146 might besclaned &nchtened a litt le so make stom vindable, itt is of

3531 2170 2388 164 the goods lost about gand, on ths I do depend that they schall

3529 2278 2444 140 bondy besore the latter end of this week, because I would send

3536 2348 2315 205 spencovered goode 10 englancs as ter matter of s. proposed

3543 2442 2479 215 ditseles Ill say as phowckd hart in frest you my aiyd

3544 2590 2452 135 to send mee all the payketts of lace which ar intended this way, iffor

3562 2676 2461 102 receaveing & sendeng ferwards of whuch you promuse to pay mest well

3560 2732 2470 131 uy ves pprovision of each packett or penketts, this all the bene fitt I finde

3576 2848 2449 104 you propore mee pp recompense wheredt  promiss you up vn necvord

3567 2927 2440 74 of anhonest & sincire mon to be fonth lullto yd pitrest, that nevw

3560 2953 2454 142 nuy of yd packetts shall bee seen by any marchatt of what placce

3564 3028 2473 165 soever, pott att the receaving o them shall be sent forward according

3559 3117 2436 162 ly to yd order & opport nute, & also promis that heveromy other

3556 3231 2477 136 direitely, or indirettely shall wer know the nomes of them you dee

3558 3311 2445 119 withall, or the wayes you make nso off in sending terwards of yd

3550 3410 2462 135 goods, provided they be otheruise then het hertof have made uen vilf

3561 3450 2458 179 which ane by newport & holland p post, I further promise to recom=

3551 3542 2445 162 mend all franto dealeurth you, & to have what laces  shall

3564 3655 2455 146 have occasion for rom you allowing 3½ pr to provision & the vallu

3571 3721 2320 129 ready for capital & provision, this is as much as eom jay, for

3565 3811 2460 171 whilst I pronie you sencsn & mij endeaveur for yd advantage

3585 3853 2320 164 as much as for my ownes I shuck itt is as much as can be

3576 3946 2427 158 exspected fer & sapot aen will have mach more prom meer

3577 4055 2457 144 then whatt I espert from you, sole accetke rest tht go discete
