8569 4588
2569 229 567 131 a 14 miert 1682

874 239 760 149 Epon mr. William Sealy

1126 324 2237 164 In the 28th past have wrott you the needfull, sence recd yd of 22 ditto with yd order

1131 432 2174 160 how to send forward yd clovergrate seed, when bought, which will be performed

1125 482 2249 208 accordingly. wee do exspect John Evrings dayly att Bruges, & as sone as he shall be

1131 592 2219 169 there, he shall dispatch for topsam againe b barrett are al ready att ranges, as

1114 693 2226 157 I supose, & 4 more will follow before the middle of noxt week, so that you may

1131 778 2243 181 expect in all 5 op heads of new excellent good seed, one with an other about 3½

1126 871 2265 191 stiver a pound, & 5 opheads of old seeds as good as new, att 2½ which will nut be

1130 963 2225 159 much above 2200t weight of each sont, accordingly to the particulars, which

1136 1074 2253 155 shall send you nept pose, the countey of waes is from hence to gaint, & the mrkett

1115 1167 2268 175 place of cloverseed & flas is al most in the midst Antwarp & gaunt, though this

1121 1286 2195 145 towne is the cheef of all the low countreys, where goods are layd up & gread

1127 1363 2221 170 quanthes of claverleeds are heee to be hadd though you would have a houndred

1467 1451 1451 96 e old seeds, butt non will sell under 3 st. & the netw under & 1 a pound

1103 1476 2258 139 thougand foind, so that I was forced to gett itt amonghst the commtaey peoile to

1123 1539 2201 176 finde, itt best, & best cheap, as I do not doubt, butt you will finde itt so whin

1111 1655 2201 134 with you, there is no apearence of falling, & you shall have thes vere bet, &

1127 1753 2246 125 chespest of all, though I could gett some old att 1½  a pound, yett dare not

1100 1816 2240 165 send such, beeng worth almost nothing, & you desiring the vere best, may be astined

1113 1922 2240 136 that you shall hardely be able to distinguish the old of the new, itt beeng boath

1109 2016 2282 148 extraordinary good. meelin is 4 leages from in, & is a pleasant land towne more

1106 2119 2228 162 frequinted by lawens, & consellons, then marchants so there is no mankett of ony

1122 2197 2267 198 godds, butt what is sold for their use thaeads, &all sorts of youre is sold here

1109 2302 2304 145 all the yeare long, butt most in d. & sber, though att present all trade beeng verebadd

1116 2413 2253 127 any onemight have good peniworths for ready mony, flanders laces are much

1115 2506 1979 141 sold here, & there in I have good commissions from England a od

2713 2623 530 150 a14 meert 1682

884 2609 840 184 London mr. Henry Maynand

1103 2711 2246 173 mij last to you was on the 11h curtt, sence non from you, our pack whites here are sold

1109 2843 2279 120 butt 2 so dispatch as soone as por. tw more, & keep yett 10 more in bespecke to be 20

1101 2906 2253 160 in all of each sont, I hope the northren goods are in a good forwarduess inclosed an

1112 3014 2208 150 remise for 995 & att 55¼ is £229„1„2st on caule de samuel Michel in london, of which

1090 3080 2240 159 the first accepted must be either by Jehe van laere, Pieter vande But, orbonell, which

1102 3182 2252 155 if you do not finde there, present this second for acceptance & fault of which fo llow n

1088 3267 2210 162 of ep. out of this please to pass £100- toyd actt. att 353 & £129„1„2 for my actt

2518 3376 663 158 15 mach 1681

1098 3406 392 133 monck kept

844 3470 1057 165 Brussel Joseph Sabbeerton

1115 3541 2291 169 accordeng to yes of N.ur. havered yd pachett N.7 firtt fawas

1090 3651 2203 104 of tinne not geltt opened thongh eelguestion net grdcruel

1095 3705 2313 153 ondeavonn fr my advantidge, asfertae nightraylen leaw

1101 3789 2258 151 w gen sodofheben, & not have noorder toleston l

1085 3872 2251 176 ƒ300: so do some thingaccording. I hope te seeyn this wek

1107 3966 2291 134 en te bruyyge hose alonguith meert hey arrivee yestenden

2611 4044 597 122 15 mears 1681

841 4050 1197 164 Brusseel judonis de sadeleir

1138 4174 2203 119 in antwort aenden aen van golten sal us dese weledst

1092 4246 2306 96 inde goede vecke komen besoekg. en alle stalene de bhengen

1133 4291 1728 153 sijn vn alle serteringee wet vessiee

5048 197 955 138 Atw: 15 mart 1682

3479 208 681 187 Brusse Joan Jacobs

3615 306 2405 153 neintvoort aenden ue van 13 deser heb beg gesonden in een

4731 390 390 112 a ƒ 213:10

5338 394 251 99 85:10

3564 414 1000 143 prchit 56 ays 3 vn1

5229 419 208 110 65:

4153 450 1002 144 2 vean 2..„ 25: 10

5296 482 288 115 136: 10

3570 511 2438 173 hebbee van demist soerte to en van danden 12 suchte en

3579 633 2273 143 deerwaghte 200 p hull, sal desevee bijue wesen r

5410 704 395 141 18 mers

3449 697 1232 179 russellermarde odigkoose

3594 775 2369 175 mentvonton ue vann deser heb ges een suck wit

3574 907 2310 161 ins lakenst in roy merck in een packhileet gesonden s

3558 966 2479 153 ansup aen Joangebeuw seleen ue aennaerdirer left

3549 1054 1202 169 meerder te brillibde

4776 1124 768 157 Antw: 16 mart 1682

3446 1170 536 166 usse Mons. coots

3581 1233 2381 148 Mijnh. sedert mijnen van 13 deser geene van aen, daer entussen gelove al

3598 1316 2376 164 ses quartielen claversaet bij ul sullen wesen waer van de 3 eerste moeten

3606 1413 2353 142 gemerckt sijn & N.11213 soo dat een van die N2 moet 3 gemaekt worden

3596 1480 2416 154 van de tweede partije moet N1 fijn N.4:N.2 moet sijn N.5 ende N. 3 moet

3589 1592 2425 158 sijn N.6, fgene gelieft wel te doen observeren op dat geen erreur in mijn

3581 1667 2401 173 facture soude macken: daer staen noch 14 quartielen te volgen ist

3607 1760 2325 172 bij al dien dat ick de selve tijte genoegh voor ewings bij us can besorgen

3576 1864 2364 146 roversulx sal continuelijck u advis te gemoet sien, want mijn ordre is

3596 1931 2385 137 aen boort den selven te laden, oft geen te senden watt passeirt verneme

3588 2029 1205 134 gerne de 3 packen hebbe ontfangen

5024 2102 811 99 antwort 16 mart 1682

3437 2114 586 128 lijden mons. schollerd

3576 2187 2365 120 mijnheer ick hebbe verscheyde van ul brieven ontfangen, als mede den lest en

3578 2275 2389 122 van 12 deser, maer niet eenen verdient antwoort tis mij leedt dat ick dijt

3585 2358 2440 146 met soo een ondiscreet persoen persoen te doen heb gehadt als us is wat kan

3593 2463 2435 92 u scryden aen mijn debiteurs baten, sijkennen u niet ofte sij moeten u niet kennen

3596 2518 2387 132 ock hebben sij met u praten niet te doen, hebt gij iets te seggen st spreckt mij aen

3585 2605 2414 127 ick heb ul hulp niet van doen om mijn schulden in te manen & als ick die

3595 2697 2320 120 ingemaent hebbe, sal soo wel aen u, als aen een ander het sijn geven de

3607 2811 2261 98 we due van houten heeft mij voor u reeckeninghe voldaen, dan de wedue

3607 2800 2439 226 formen trouw is mij noch schuldigh tgene langen geleden is als dat van ul, ende

3597 2938 2319 139 dat moet eerst betaelt sijn, ende dan sal ick ul voldoen alhoewel ick die

3591 2977 2427 185 weirde aen us soo lanck geleden heb gedebourseert, sij belooft mij dese wecke

3602 3112 1426 129 te betalen de welck soo gesiet sal adviseren

5132 3162 688 140 antw: 16 mart 1682

3452 3187 1109 173 msterdammons Samuel de hulter

3598 3280 2337 121 monss in antwort van den 12 deser sal de net te voor mester laun aen uut

3623 3372 2295 82 den tijde harviseren ende ul perticuliere rekeninge voor de balauce aen us

3619 3438 2344 97 en companie comen de crediteren. dat wue het puise boeter hier hadde

3617 3499 2412 147 soude voor deselve goede rekeninge maeken ter weijlen is compaenie

3609 3613 2418 110 schap met mons van homeringh stat te seyde soo sal aen uwe allen

3600 3695 2418 115 mij addreseren, ick veruste wel in wegens de wolle wel gedient te

3609 3724 2348 188 sijn en volgens ben geinformert soo is de selve merder gewecke als

3608 3841 2337 148 u dinoteert even veel soo is mijn vrindelijck versoeckt dob vaegens

3612 3932 2301 126 naerder gelieft te informeren ende alsoo de monfters aen mij

3615 4030 2338 105 gesonden eenigh sins de pesifiseerde sort beloen soo soude voor

3622 4101 2255 83 hure groeve van elt wel wbat be geren ende soo de selve

3632 4164 2322 108 & is ende 65 conden voort gelijck de monsters soo sal ven 9oede

3644 4250 2233 117 pertije ordoneren daer en tusscyen soo coost van de rrivu

3656 4253 2376 186 S1g0 vissen 2 baelen van de soia sogovian avier baellen en de

3899 4379 2062 65 van de sori a 2 a 3 ballen herende de rime ly govithen
