8433 4649
2440 239 838 103 Antwerpen 30 July 1681

738 245 994 112 London Lichiel peeters

979 344 2297 107 mons. in anttwoort aende ul van 8 & 11 deser mr slanghter is seer onder weet

967 409 2300 106 als hij de lakens niet en wilt aenveerden, ten minste voort geene de selve

986 464 2318 124 sullen konnen verkoght worden, ende voor soo veel als hij daer bij tekort

991 537 2311 120 komt op de 2 brieven dat sal in gelde worde op geleyt, waer toe altijt mijn

982 590 2297 134 assistentie ul hebbe toegeseiyt, ende selfs ul broeder antoni versoeght hier

971 665 2305 70 te komen om een eijnde te maken, ende hij heeft mij geen antwoort

977 738 2281 84 soo dat ick niet wete wat doen want dat ick bereijdt ben allest geene

988 806 2281 77 ul komt daer toe te besteden, soo schrijft hem dat hij hier comt ende

966 873 2302 73 met mij onse rek: advisteert, ende t geene ul comt, sal cuto remitteeren

985 918 2306 114 ende seght m slaughters, soot hem gelieft de lakens te aenveerden voor

976 989 2297 127 wat die sullen verkoght worden dat ick die aen hem sal senden, ende

984 1060 1607 113 tgelt met eenen tot surplus waer mede blijve

738 1055 887 152 London EBmund Warner -

2722 1083 428 149 a 30 ditto

967 1187 2326 121 Sr. my last to you was on the 26: curitt sence is the first packett gott sase

981 1277 2300 132 to newport, and the second in my possession, which goeth forward p nextt

982 1368 2278 95 post, I mustooke in mij last to advise you of the charges att colonia

989 1433 2272 96 because r. kuysten & van boim there mistoake in their letter

977 1496 2014 77 beeng on the first packett £3:1 and on the second £3:4:-

983 1546 1892 122 so toghother there £6:5 r flemish a governo

984 1627 2272 87 I hope boath may come safe to yd handes & prove to content

982 1664 1109 141 whilst I remaine with himd

781 1701 78 88 t

2692 1687 503 131 @ 30 ditto

770 1744 818 121 nicolaes Joan Button

984 1784 2296 126 mons. in antwoort aenden ul van 24 deser hebbe ul gelt wel ontfangen & bevonden

991 1891 2267 107 maer £40:16:6 corant holansche weerde alsoo daer 8:2 sc terde stopeniigen

990 1946 2242 113 onder de stoters getelt waren, soo hebbe dan ul gecreditt voor £40:16:6 &

993 2034 2222 134 aelt van mend wontere ontf. staet geboeckt 19 Aprill £12:10:

991 2087 2255 133 sedert P. Julij ul mulen verkoght aen michiel verraken om met

991 2164 1718 124 verf loon te laten verdienen de stwee balen wegken

2122 2175 1178 155 £ 1132„ 8 2058 8 a ƒ5 panto ƒ 102:18

2280 2286 150 84 „2d

2908 2304 362 123 n ƒ6:15

992 2286 1777 136 waer op de onkoste af moeten getroken worden sijn

2645 2369 603 100 omt ul in red ƒ96:-

970 2385 2236 113 tot ul gouverno ick hebbe vell goederen van Engelant ontfangen

986 2503 2236 81 soo dat ul wel kandinst doen te meer omdat all wolle manifacture noch

981 2535 2252 118 geerreijsen soo ul iets noodigh hebt ul kant bekomen het mack hier oock

984 2586 2251 161 seercleght tijt & gelt seer schaers & soodat wmij daerom meest verlegen sijn

981 2636 2252 137 want gelijk ul wet in Engelant met contant gelt meest moet gedaen worden

2679 2709 472 131 @ 130 ditto -

997 2748 661 111 waer mede Blijve

768 2790 760 140 Brugg Raphael Coots

997 2820 2191 141 mijn sH 23 deser was aen ul mijnen leeften sedert geene van ul verlangen

994 2922 2115 126 nae tarriveeren van Richd. pindar boven gementioneerde voordese goedt

990 3002 2074 107 aen sijn boon sijn Nock MN34: met 10 gemengelde nortse lakens

1586 3071 1227 132 AN 38. met 12 nortse lakens

1729 3139 659 130 N.39. met 12 ditto

1740 3165 1225 155 N. 40 met 24 dosijntienen a gouerno

1002 3247 2042 124 van london pr Be: ClarckN.35. met 6 &oot & 2 gruyn lakens

1000 3304 2225 179 Godt verleene alles salve t'arriveeren nae t succes verlangen & groet

2637 3408 406 125 @ 30 ditto

792 3407 846 156 Cont francois Herribout

997 3467 2176 143 monsr. desen tot covert van mijn 2 tolbrieven om daer mede te

985 3559 2163 132 bedienen voor die goederen die voor mij staen te komen volgens

2639 3639 439 132 @ 30 ditto

995 3654 1231 124 wij sal adviseeren terwijlen blijve

3025 3707 69 87 al

755 3707 947 153 Brussel ager vander Borght

1004 3746 2232 191 monsr. volgens 17 deser aen ul hebbe geschreven soo bewaere de ker voor

1005 3862 2214 153 ul ende had ul voor u al hier verwaght t geene de nck beletsels sullen

995 3945 2239 143 hebbe opgehouden & alsoo ick saturdagh schicke tot brussel te wesen en

991 4000 2270 158 soude niet geirne ul misschen maer dat ick moght thuys sijn soo ul

994 4126 2179 113 overkomt soo waert saeke ul geresulveert had omsaturdagh hier

995 4210 2284 97 te wesen wenschte wel dat ul houde uijtstellen omdat ick hier met

1005 4268 1201 134 ul oock soude konnen wesen

5064 231 919 97 Antwerpen 31 July 188

3337 234 743 114 Leyd Idam schollaerd

3550 264 2428 115 mons. in antwoort aenden ul van 29 deser segge dett tot snochtoe van ul goedt

3554 350 2384 101 sedert het leefte modecoleur niet hebbe verkoght overt selve is groot dispit & aen

3541 445 2432 66 mij schande uyt gevalle want tis N. 576 volgens het leydts loot a 53 ¼ & alsoo daer

3554 496 2428 92 af is gesneden hier maer gemeten 47½ a dat laken is hier copen gedaen in presentie

3554 546 2383 88 van de tuygen & bevonden dat begost was want oock daer een loot was aengeslagen

3560 609 2335 91 & ul heeft mij sulx niet gestreven mijn calanten worden geerne getroueen

3562 636 2341 131 & wel gedient soo moste ul mij dat hebben gewaetschout want sij wel dencke

3569 712 2371 145 soude bedrogh wilde doen, soo bevinde maer clejn genegentheyt om ul goederen

3541 776 2360 122 te benificeeren soo dat ul daer van vrij magh disponeere aenden geen ul

3550 845 2382 126 belieft & wat belanght de ƒ 461:5½ voor ul rek. soo ul datt stelt als

3568 857 2405 196 wanneer dat in gecommen sal sijn salt aen ul remitteeren ofte ulordre midd

3566 956 2356 126 volgen soo ist niet noodigh dat ul dat op mij treckt, want tijts genoch

3565 1038 2331 116 adverteeren sal want mijn gewoonte niet is een andermans sjelt

3573 1105 2090 121 te gebruyken, waer in ul voorders dinst hen doen & blijve

5370 1147 424 125 @ 31 ditto

3357 1170 756 148 Brussel Antonio peeters

3549 1186 2420 171 monsr. in antwoort aenden ul van 29 deser, ben verwondert over den in hoyt, want ick

3562 1270 2415 142 tot nochtos alle mogelijk debvoor heb gedaen om ul affaires met monsr. slanghter teelen

3561 1307 2404 206 ende het aen ul alleen dependeert dat die affairen niet geeijndight sijn, ick hebbe nogt de

3567 1377 2329 180 minste obstakel gemaeckt om te betalen, t geene voorel in cassa ben maerter

3572 1499 2389 132 contrarie ben bereijt te disbourseren voorrt geene noch uyt staet ten minsten

3563 1531 2400 170 dat magh geschieden met reden ende behooren: ul vraeght mij, wanneer het mij soude

3569 1598 2378 198 gelegen sijn, dat ul soude overkomen om onse dingen te redderen ende te beramen

3542 1666 2349 159 in dat manier m slaughter te betalen ick heb ul geantwoort dieferente

3558 1728 2309 165 maele dat ul soude komen alst ul gelieft, dat ick van mijnen kant al doen

3589 1772 2369 201 soude t geene ul van een vrint, kan verwaghte, en daer en Russchen ul antwoort

3577 1861 2389 196 niet eens, veel minder komt ul nae de sake om te sien, soo bid ick ul en accuseert

3575 1955 2318 168 mij niet maer alt geene ul gebeurt, wijdt dat u selvven want ick weusche ul

3573 2002 2366 193 satisfactie te geven in alles, ende niet en begeire int minst gescripuliert te

3567 2104 2379 147 worden, want ick niet en stuijver van uen wille: aldat ick hebbe getraght is, dat

3581 2168 2361 150 mr. slaughter wilde de resterende lakens aenveerden, ende dat ick derlste in gelde

3573 2238 2393 184 soude opleggen, daer en tusschen dat blijft soo staen, vlen sietter met nee omme

3565 2327 2370 135 al oft ul sake niet en was: ick en kan niet alleen en daer en tusschen ul sulter

3562 2363 2368 154 schrijft mij eenen brief, die hier neffens beantwoorde al oft ick u groot ongelijk

3575 2430 2349 177 dede ende int eijnde met dreijgementen sulke dingen en betamen geen derlyte

3565 2509 2383 163 lieden, want ick segge noch eens ick ben bereyt alles tot den lesten ro

3585 2584 2375 167 ul oft mr. slaughter ter hant te stellen besorght mij sijn ordre, ende ontlasing

3584 2652 2357 161 vant arrift, ende ul en sal niet een ure te wachte hebben tselve hebbe

3581 2761 1880 145 oock na londen geschreven a gouverno blijve

4961 2845 982 136 In Antw Bino August

3363 2857 811 142 nieuporse michiel vallego

3581 2946 2386 107 mons. in antwoort aenden ul van 27 passato ben blijve dat het packettie

3581 3031 2308 103 EA.N.N.1 ul was geworden, desen tot advies van noch een diergelijk packie

3568 3064 2417 148 N.2 de welk heden ul toe sende p. bode waer voore de vraght gelieft te betaelen

3587 3157 2332 122 ende expedieren aen mons. Edmund wanner in london als het eerste

3583 3190 2379 158 corresponderende met donkosten &. met den selve ans sal vrobligelsen

5309 3284 570 140 @ Dmi 1681

3418 3314 697 144 Bruxe Laureys Kan

3596 3403 2331 102 mons. ick heb het breeliest ontf doch den list p seer kort van hare

3593 3483 2344 103 ick denke dat ul twee lakens & tmijn N.2 de naes te weeke hier sullen sijn

3591 3552 2374 115 soo laet deselve pr voerman floris mede komen & alle de lakens die ue noch

3592 3594 2315 119 maken sal soo haest die vant getau sijn laete die oock hier koment

3598 3648 2306 139 sal de selve hier doen vollen gelieft de naeste weeke eens selfs hier

3587 3724 2341 118 te komen alsoo ick ul moet spreken ick hebbe flaris de hoducat

3606 3774 2381 124 betaelt en soo wanneer geen volle nae mijnsin tot Amsterdam kan bekomen

3601 3846 2242 137 sal naeste weeke iet ul voalle mede geven soo verwaght de resterde

3600 3939 854 123 laken & ul heff hien

5305 3913 620 164 p 2 Jupste 87

3384 4026 734 110 Turnhoutpeeter mertens

3581 4052 2386 138 Ick hebbe ul brief ontfangen, al hoewel ul schrijft het breet gaet soude

4068 4139 99 61 iet

3610 4129 2404 134 het smal goet te leveren, endat nochtans de ½ & segels niet noodigh

3592 4243 2041 111 hebbe soo evenwel laet de geordonneerde pertije come weder
