<?xml version="1.0" encoding="UTF-8"?>
<alto xmlns:xsi="http://www.w3.org/2001/XMLSchema-instance"
      xmlns="http://www.loc.gov/standards/alto/ns-v4#"
      xmlns:page="http://schema.primaresearch.org/PAGE/gts/pagecontent/2013-07-15"
      xsi:schemaLocation="http://www.loc.gov/standards/alto/ns-v4# https://www.loc.gov/standards/alto/v4/alto.xsd">
   <Description>
      <MeasurementUnit>pixel</MeasurementUnit>
      <OCRProcessing ID="IdOcr">
         <ocrProcessingStep>
            <processingDateTime>2022-02-04T12:07:46.153+01:00</processingDateTime>
            <processingSoftware>
               <softwareCreator>READ COOP</softwareCreator>
               <softwareName>Transkribus</softwareName>
            </processingSoftware>
         </ocrProcessingStep>
      </OCRProcessing>
   </Description>
   <Layout>
      <Page ID="Page1" PHYSICAL_IMG_NR="1" HEIGHT="4663" WIDTH="8412">
         <TopMargin HEIGHT="0" WIDTH="8412" VPOS="0" HPOS="0"/>
         <LeftMargin HEIGHT="4663" WIDTH="0" VPOS="0" HPOS="0"/>
         <RightMargin HEIGHT="4663" WIDTH="0" VPOS="0" HPOS="8412"/>
         <BottomMargin HEIGHT="0" WIDTH="8412" VPOS="4663" HPOS="0"/>
         <PrintSpace HEIGHT="4663" WIDTH="8412" VPOS="0" HPOS="0">
            <TextBlock ID="region_1638888134858_2974"
                       HEIGHT="4270"
                       WIDTH="2614"
                       VPOS="228"
                       HPOS="714">
               <Shape>
                  <Polygon POINTS="714,228 3328,228 3328,4498 714,4498"/>
               </Shape>
               <TextLine ID="region_1638888134858_2974l1"
                         BASELINE="2430,292 2470,292 2510,290 2551,290 2591,290 2632,290 2672,291 2712,292 2753,292 2793,292 2834,292 2874,292 2914,292 2955,292 2995,292 3036,291 3076,290 3116,290 3157,288 3197,286 3238,284"
                         HEIGHT="90"
                         WIDTH="838"
                         VPOS="252"
                         HPOS="2415">
                  <String ID="string_region_1638888134858_2974l1"
                          HEIGHT="90"
                          WIDTH="838"
                          VPOS="252"
                          HPOS="2415"
                          CONTENT="In Antwerpen 17 July 1681"/>
               </TextLine>
               <TextLine ID="region_1638888134858_2974l2"
                         BASELINE="736,322 780,320 824,318 868,318 912,316 957,316 1001,316 1045,316 1089,316 1133,316 1178,316 1222,316 1266,316 1310,316 1354,316 1399,314 1443,314 1487,312 1531,310 1575,308 1620,306"
                         HEIGHT="104"
                         WIDTH="915"
                         VPOS="258"
                         HPOS="719">
                  <String ID="string_region_1638888134858_2974l2"
                          HEIGHT="104"
                          WIDTH="915"
                          VPOS="258"
                          HPOS="719"
                          CONTENT="Brussel meiuffr. Bonnecroy "/>
               </TextLine>
               <TextLine ID="region_1638888134858_2974l3"
                         BASELINE="1012,412 1125,408 1239,406 1352,404 1466,404 1579,404 1693,404 1806,404 1920,404 2033,404 2147,406 2260,406 2374,406 2487,406 2601,404 2714,404 2828,401 2941,398 3055,394 3168,390 3282,384"
                         HEIGHT="109"
                         WIDTH="2299"
                         VPOS="339"
                         HPOS="998">
                  <String ID="string_region_1638888134858_2974l3"
                          HEIGHT="109"
                          WIDTH="2299"
                          VPOS="339"
                          HPOS="998"
                          CONTENT="meinff in antwoort aen den ul van gisteren, segge dat ick de versoghte kanten"/>
               </TextLine>
               <TextLine ID="region_1638888134858_2974l4"
                         BASELINE="1024,468 1134,465 1244,464 1354,462 1464,462 1574,462 1684,464 1794,464 1904,466 2014,468 2125,469 2235,470 2345,470 2455,472 2565,470 2675,470 2785,468 2895,464 3005,460 3115,454 3226,448"
                         HEIGHT="83"
                         WIDTH="2231"
                         VPOS="418"
                         HPOS="1009">
                  <String ID="string_region_1638888134858_2974l4"
                          HEIGHT="83"
                          WIDTH="2231"
                          VPOS="418"
                          HPOS="1009"
                          CONTENT="moet hebben, saturdagh die komt en 14 dagen voor het alderlanghste dat is"/>
               </TextLine>
               <TextLine ID="region_1638888134858_2974l5"
                         BASELINE="1020,530 1132,526 1245,526 1358,524 1470,524 1583,523 1696,524 1808,524 1921,524 2034,524 2147,526 2259,526 2372,526 2485,524 2597,524 2710,522 2823,518 2935,515 3048,510 3161,504 3274,496"
                         HEIGHT="107"
                         WIDTH="2283"
                         VPOS="457"
                         HPOS="1006">
                  <String ID="string_region_1638888134858_2974l5"
                          HEIGHT="107"
                          WIDTH="2283"
                          VPOS="457"
                          HPOS="1006"
                          CONTENT="kinen 1ba 17 dagen en aldat dan niet gereet is kan mij iet dienen"/>
               </TextLine>
               <TextLine ID="region_1638888134858_2974l6"
                         BASELINE="1028,596 1139,592 1251,589 1362,588 1474,586 1585,586 1697,586 1808,586 1920,586 2031,586 2143,586 2254,586 2366,586 2477,584 2589,583 2700,580 2812,576 2923,570 3035,564 3146,557 3258,546"
                         HEIGHT="67"
                         WIDTH="2263"
                         VPOS="542"
                         HPOS="1012">
                  <String ID="string_region_1638888134858_2974l6"
                          HEIGHT="67"
                          WIDTH="2263"
                          VPOS="542"
                          HPOS="1012"
                          CONTENT="want dan met godts gratie hope bij ul te wesen, ende  medt te neineiyi "/>
               </TextLine>
               <TextLine ID="region_1638888134858_2974l7"
                         BASELINE="2916,662 2941,652 2966,647 2991,641 3016,637 3041,635 3066,634 3091,632 3116,632 3141,631 3166,630 3191,629 3216,626 3242,622"
                         HEIGHT="135"
                         WIDTH="361"
                         VPOS="555"
                         HPOS="2897">
                  <String ID="string_region_1638888134858_2974l7"
                          HEIGHT="135"
                          WIDTH="361"
                          VPOS="555"
                          HPOS="2897"
                          CONTENT="17 July"/>
               </TextLine>
               <TextLine ID="region_1638888134858_2974l8"
                         BASELINE="758,652 803,652 849,652 894,652 940,652 985,652 1031,652 1076,653 1122,654 1167,654 1213,654 1258,654 1304,654 1349,654 1395,654 1440,654 1486,654 1531,656 1577,656 1622,656 1668,656"
                         HEIGHT="150"
                         WIDTH="938"
                         VPOS="551"
                         HPOS="744">
                  <String ID="string_region_1638888134858_2974l8"
                          HEIGHT="150"
                          WIDTH="938"
                          VPOS="551"
                          HPOS="744"
                          CONTENT="Brussel Joseph Labberton"/>
               </TextLine>
               <TextLine ID="region_1638888134858_2974l9"
                         BASELINE="2788,660 2815,659 2842,660 2869,658 2896,656"
                         HEIGHT="79"
                         WIDTH="141"
                         VPOS="595"
                         HPOS="2771">
                  <String ID="string_region_1638888134858_2974l9"
                          HEIGHT="79"
                          WIDTH="141"
                          VPOS="595"
                          HPOS="2771"
                          CONTENT="ad"/>
               </TextLine>
               <TextLine ID="region_1638888134858_2974l10"
                         BASELINE="1036,748 1144,746 1253,744 1362,742 1471,740 1580,738 1688,736 1797,736 1906,734 2015,732 2124,730 2232,728 2341,726 2450,724 2559,720 2668,718 2776,714 2885,710 2994,706 3103,702 3212,696"
                         HEIGHT="136"
                         WIDTH="2207"
                         VPOS="635"
                         HPOS="1020">
                  <String ID="string_region_1638888134858_2974l10"
                          HEIGHT="136"
                          WIDTH="2207"
                          VPOS="635"
                          HPOS="1020"
                          CONTENT="Sr. in answer to yd of yeasterday, I want the laces within 14 &amp; 15 dayes"/>
               </TextLine>
               <TextLine ID="region_1638888134858_2974l11"
                         BASELINE="1036,810 1146,809 1256,808 1367,806 1477,805 1588,804 1698,802 1808,802 1919,800 2029,798 2140,797 2250,794 2360,792 2471,790 2581,788 2692,784 2802,780 2912,776 3023,771 3133,766 3244,760"
                         HEIGHT="134"
                         WIDTH="2238"
                         VPOS="705"
                         HPOS="1021">
                  <String ID="string_region_1638888134858_2974l11"
                          HEIGHT="134"
                          WIDTH="2238"
                          VPOS="705"
                          HPOS="1021"
                          CONTENT="when I hope to see you my self att Brussels I wonder what you say as to"/>
               </TextLine>
               <TextLine ID="region_1638888134858_2974l12"
                         BASELINE="1010,882 1121,882 1233,880 1345,880 1456,878 1568,878 1680,876 1791,874 1903,872 2015,870 2127,867 2238,864 2350,862 2462,859 2573,856 2685,852 2797,849 2908,846 3020,842 3132,838 3244,834"
                         HEIGHT="114"
                         WIDTH="2265"
                         VPOS="794"
                         HPOS="993">
                  <String ID="string_region_1638888134858_2974l12"
                          HEIGHT="114"
                          WIDTH="2265"
                          VPOS="794"
                          HPOS="993"
                          CONTENT="accquainting other people of our dealing, where I am so cautious &amp; shy"/>
               </TextLine>
               <TextLine ID="region_1638888134858_2974l13"
                         BASELINE="1004,958 1118,956 1232,954 1346,952 1461,951 1575,950 1689,948 1804,946 1918,944 2032,942 2147,939 2261,936 2375,933 2489,930 2604,926 2718,922 2832,918 2947,912 3061,906 3175,901 3290,894"
                         HEIGHT="136"
                         WIDTH="2320"
                         VPOS="862"
                         HPOS="987">
                  <String ID="string_region_1638888134858_2974l13"
                          HEIGHT="136"
                          WIDTH="2320"
                          VPOS="862"
                          HPOS="987"
                          CONTENT="that no boddy should know, anything of what wee do toghether for itt 2s not"/>
               </TextLine>
               <TextLine ID="region_1638888134858_2974l14"
                         BASELINE="1038,1022 1148,1022 1259,1020 1370,1020 1481,1020 1592,1020 1703,1018 1814,1018 1925,1018 2036,1016 2147,1014 2257,1013 2368,1012 2479,1008 2590,1006 2701,1002 2812,998 2923,994 3034,990 3145,984 3256,976"
                         HEIGHT="104"
                         WIDTH="2250"
                         VPOS="929"
                         HPOS="1022">
                  <String ID="string_region_1638888134858_2974l14"
                          HEIGHT="104"
                          WIDTH="2250"
                          VPOS="929"
                          HPOS="1022"
                          CONTENT="my intrest, neither &amp; I am confident I never yett have related itt to any"/>
               </TextLine>
               <TextLine ID="region_1638888134858_2974l15"
                         BASELINE="1044,1084 1155,1084 1267,1086 1378,1086 1490,1088 1602,1088 1713,1088 1825,1088 1936,1088 2048,1088 2160,1088 2271,1086 2383,1084 2494,1082 2606,1078 2718,1075 2829,1070 2941,1066 3052,1061 3164,1054 3276,1046"
                         HEIGHT="137"
                         WIDTH="2262"
                         VPOS="990"
                         HPOS="1029">
                  <String ID="string_region_1638888134858_2974l15"
                          HEIGHT="137"
                          WIDTH="2262"
                          VPOS="990"
                          HPOS="1029"
                          CONTENT="ristiaen soule in the world, on which you may depend whilst I remaine"/>
               </TextLine>
               <TextLine ID="region_1638888134858_2974l16"
                         BASELINE="2786,1152 2812,1150 2838,1148 2864,1147 2890,1146 2916,1146 2942,1146 2968,1146 2994,1146 3020,1148 3046,1148 3072,1148 3098,1146"
                         HEIGHT="131"
                         WIDTH="344"
                         VPOS="1061"
                         HPOS="2770">
                  <String ID="string_region_1638888134858_2974l16"
                          HEIGHT="131"
                          WIDTH="344"
                          VPOS="1061"
                          HPOS="2770"
                          CONTENT="@ 18 ditto"/>
               </TextLine>
               <TextLine ID="region_1638888134858_2974l17"
                         BASELINE="760,1148 797,1150 835,1151 873,1152 911,1154 949,1155 987,1156 1025,1158 1063,1159 1101,1160 1139,1160 1176,1162 1214,1162 1252,1162 1290,1164 1328,1164 1366,1164 1404,1164 1442,1164 1480,1164 1518,1162"
                         HEIGHT="138"
                         WIDTH="790"
                         VPOS="1076"
                         HPOS="744">
                  <String ID="string_region_1638888134858_2974l17"
                          HEIGHT="138"
                          WIDTH="790"
                          VPOS="1076"
                          HPOS="744"
                          CONTENT="Lille Rith. Southell"/>
               </TextLine>
               <TextLine ID="region_1638888134858_2974l18"
                         BASELINE="1800,1194 1825,1200 1850,1199 1875,1196 1900,1194"
                         HEIGHT="125"
                         WIDTH="133"
                         VPOS="1095"
                         HPOS="1783">
                  <String ID="string_region_1638888134858_2974l18"
                          HEIGHT="125"
                          WIDTH="133"
                          VPOS="1095"
                          HPOS="1783"
                          CONTENT="th"/>
               </TextLine>
               <TextLine ID="region_1638888134858_2974l19"
                         BASELINE="1028,1238 1139,1236 1251,1236 1362,1236 1474,1236 1585,1237 1697,1238 1808,1238 1920,1240 2031,1241 2143,1242 2254,1242 2366,1244 2477,1244 2589,1242 2700,1242 2812,1240 2923,1238 3035,1234 3146,1231 3258,1226"
                         HEIGHT="116"
                         WIDTH="2259"
                         VPOS="1156"
                         HPOS="1014">
                  <String ID="string_region_1638888134858_2974l19"
                          HEIGHT="116"
                          WIDTH="2259"
                          VPOS="1156"
                          HPOS="1014"
                          CONTENT="Sr. in answer to yd of 16: curitt I can not in large because I am not altogheter "/>
               </TextLine>
               <TextLine ID="region_1638888134858_2974l20"
                         BASELINE="1028,1302 1140,1298 1252,1296 1364,1294 1477,1294 1589,1294 1701,1294 1814,1294 1926,1296 2038,1296 2151,1296 2263,1298 2375,1298 2487,1298 2600,1298 2712,1296 2824,1296 2937,1294 3049,1290 3161,1286 3274,1282"
                         HEIGHT="79"
                         WIDTH="2278"
                         VPOS="1227"
                         HPOS="1011">
                  <String ID="string_region_1638888134858_2974l20"
                          HEIGHT="79"
                          WIDTH="2278"
                          VPOS="1227"
                          HPOS="1011"
                          CONTENT="well beeng some what troubled with an agine which hindred mee of sending you"/>
               </TextLine>
               <TextLine ID="region_1638888134858_2974l21"
                         BASELINE="1036,1370 1145,1366 1254,1364 1363,1364 1472,1362 1581,1362 1690,1362 1799,1362 1908,1362 2017,1362 2126,1362 2235,1362 2344,1360 2453,1360 2562,1358 2671,1357 2780,1355 2889,1352 2998,1348 3107,1345 3216,1340"
                         HEIGHT="111"
                         WIDTH="2210"
                         VPOS="1292"
                         HPOS="1020">
                  <String ID="string_region_1638888134858_2974l21"
                          HEIGHT="111"
                          WIDTH="2210"
                          VPOS="1292"
                          HPOS="1020"
                          CONTENT="pr last post the inclosed bill on John packett, itt beeng att 15 dayes &amp; acceptad"/>
               </TextLine>
               <TextLine ID="region_1638888134858_2974l22"
                         BASELINE="1034,1436 1145,1434 1257,1434 1369,1434 1481,1434 1593,1434 1704,1434 1816,1434 1928,1434 2040,1434 2152,1432 2263,1432 2375,1432 2487,1430 2599,1428 2711,1424 2822,1422 2934,1418 3046,1412 3158,1406 3270,1400"
                         HEIGHT="146"
                         WIDTH="2265"
                         VPOS="1328"
                         HPOS="1019">
                  <String ID="string_region_1638888134858_2974l22"
                          HEIGHT="146"
                          WIDTH="2265"
                          VPOS="1328"
                          HPOS="1019"
                          CONTENT="the 6: curitt thought itt could not be yett due so please to procure the needfulle"/>
               </TextLine>
               <TextLine ID="region_1638888134858_2974l23"
                         BASELINE="1034,1500 1143,1500 1252,1500 1361,1500 1470,1500 1579,1500 1688,1500 1797,1500 1906,1498 2015,1498 2125,1497 2234,1496 2343,1494 2452,1492 2561,1490 2670,1488 2779,1486 2888,1482 2997,1480 3106,1476 3216,1472"
                         HEIGHT="108"
                         WIDTH="2211"
                         VPOS="1429"
                         HPOS="1019">
                  <String ID="string_region_1638888134858_2974l23"
                          HEIGHT="108"
                          WIDTH="2211"
                          VPOS="1429"
                          HPOS="1019"
                          CONTENT="beeng glade you had receaved the valew I shall be more large pr. first in the"/>
               </TextLine>
               <TextLine ID="region_1638888134858_2974l24"
                         BASELINE="1036,1568 1144,1567 1253,1566 1361,1566 1470,1566 1579,1566 1687,1566 1796,1566 1904,1566 2013,1566 2122,1566 2230,1566 2339,1566 2447,1564 2556,1562 2665,1560 2773,1557 2882,1552 2990,1548 3099,1543 3208,1534"
                         HEIGHT="98"
                         WIDTH="2201"
                         VPOS="1504"
                         HPOS="1021">
                  <String ID="string_region_1638888134858_2974l24"
                          HEIGHT="98"
                          WIDTH="2201"
                          VPOS="1504"
                          HPOS="1021"
                          CONTENT="meane while m. maynard hath engaged him self to provide for serve"/>
               </TextLine>
               <TextLine ID="region_1638888134858_2974l25"
                         BASELINE="1036,1624 1146,1624 1256,1624 1367,1626 1477,1626 1588,1626 1698,1626 1808,1628 1919,1628 2029,1628 2140,1628 2250,1628 2360,1628 2471,1626 2581,1626 2692,1624 2802,1622 2912,1620 3023,1616 3133,1612 3244,1608"
                         HEIGHT="113"
                         WIDTH="2238"
                         VPOS="1549"
                         HPOS="1021">
                  <String ID="string_region_1638888134858_2974l25"
                          HEIGHT="113"
                          WIDTH="2238"
                          VPOS="1549"
                          HPOS="1021"
                          CONTENT="one of our news beginners in cloth, which are old traders m stuffs"/>
               </TextLine>
               <TextLine ID="region_1638888134858_2974l26"
                         BASELINE="1020,1696 1129,1694 1239,1694 1348,1692 1458,1692 1567,1692 1677,1692 1786,1692 1896,1694 2005,1694 2115,1694 2224,1694 2334,1694 2443,1692 2553,1691 2662,1690 2772,1688 2881,1684 2991,1681 3100,1676 3210,1670"
                         HEIGHT="120"
                         WIDTH="2223"
                         VPOS="1625"
                         HPOS="1004">
                  <String ID="string_region_1638888134858_2974l26"
                          HEIGHT="120"
                          WIDTH="2223"
                          VPOS="1625"
                          HPOS="1004"
                          CONTENT="I have desired him to serve non butt he answer mee that he had engages "/>
               </TextLine>
               <TextLine ID="region_1638888134858_2974l27"
                         BASELINE="1044,1768 1151,1766 1259,1764 1367,1762 1475,1760 1583,1758 1690,1758 1798,1756 1906,1756 2014,1756 2122,1756 2229,1754 2337,1754 2445,1754 2553,1752 2661,1752 2768,1750 2876,1748 2984,1747 3092,1744 3200,1742"
                         HEIGHT="92"
                         WIDTH="2186"
                         VPOS="1690"
                         HPOS="1028">
                  <String ID="string_region_1638888134858_2974l27"
                          HEIGHT="92"
                          WIDTH="2186"
                          VPOS="1690"
                          HPOS="1028"
                          CONTENT="his word before he rec. my alter I observe they are to serve every one &amp;"/>
               </TextLine>
               <TextLine ID="region_1638888134858_2974l28"
                         BASELINE="1042,1836 1152,1836 1262,1836 1373,1834 1483,1834 1594,1834 1704,1832 1814,1832 1925,1830 2035,1830 2146,1828 2256,1826 2366,1826 2477,1824 2587,1822 2698,1820 2808,1818 2918,1815 3029,1812 3139,1810 3250,1806"
                         HEIGHT="121"
                         WIDTH="2242"
                         VPOS="1745"
                         HPOS="1025">
                  <String ID="string_region_1638888134858_2974l28"
                          HEIGHT="121"
                          WIDTH="2242"
                          VPOS="1745"
                          HPOS="1025"
                          CONTENT="take butt lille notice of common intrest if they prevaile in theirs"/>
               </TextLine>
               <TextLine ID="region_1638888134858_2974l29"
                         BASELINE="1044,1902 1152,1900 1261,1900 1370,1900 1479,1900 1588,1900 1697,1900 1806,1900 1915,1902 2024,1902 2133,1902 2241,1902 2350,1902 2459,1902 2568,1900 2677,1898 2786,1896 2895,1894 3004,1890 3113,1885 3222,1880"
                         HEIGHT="112"
                         WIDTH="2210"
                         VPOS="1832"
                         HPOS="1027">
                  <String ID="string_region_1638888134858_2974l29"
                          HEIGHT="112"
                          WIDTH="2210"
                          VPOS="1832"
                          HPOS="1027"
                          CONTENT="wee are extreamly scarey money &amp; all things go verg ill, butt hoped "/>
               </TextLine>
               <TextLine ID="region_1638888134858_2974l30"
                         BASELINE="1052,1972 1104,1970 1156,1970 1208,1970 1260,1970 1312,1971 1364,1972 1416,1972 1468,1972 1520,1972 1573,1974 1625,1974 1677,1974 1729,1973 1781,1972 1833,1972 1885,1970 1937,1968 1989,1965 2041,1963 2094,1958"
                         HEIGHT="105"
                         WIDTH="1072"
                         VPOS="1918"
                         HPOS="1036">
                  <String ID="string_region_1638888134858_2974l30"
                          HEIGHT="105"
                          WIDTH="1072"
                          VPOS="1918"
                          HPOS="1036"
                          CONTENT="itt will amend &amp; so remaine"/>
               </TextLine>
               <TextLine ID="region_1638888134858_2974l31"
                         BASELINE="2742,2018 2767,2018 2793,2015 2819,2011 2844,2009 2870,2007 2896,2006 2922,2006"
                         HEIGHT="109"
                         WIDTH="216"
                         VPOS="1938"
                         HPOS="2723">
                  <String ID="string_region_1638888134858_2974l31"
                          HEIGHT="109"
                          WIDTH="216"
                          VPOS="1938"
                          HPOS="2723"
                          CONTENT="C 18d"/>
               </TextLine>
               <TextLine ID="region_1638888134858_2974l32"
                         BASELINE="808,2082 849,2082 891,2080 932,2080 974,2079 1016,2078 1057,2078 1099,2076 1140,2076 1182,2076 1224,2074 1265,2074 1307,2074 1348,2074 1390,2074 1432,2074 1473,2074 1515,2076 1556,2077 1598,2078 1640,2080"
                         HEIGHT="148"
                         WIDTH="863"
                         VPOS="1982"
                         HPOS="793">
                  <String ID="string_region_1638888134858_2974l32"
                          HEIGHT="148"
                          WIDTH="863"
                          VPOS="1982"
                          HPOS="793"
                          CONTENT="Genna 6 mare Ant meschips"/>
               </TextLine>
               <TextLine ID="region_1638888134858_2974l33"
                         BASELINE="1058,2164 1164,2162 1270,2162 1376,2160 1482,2158 1589,2156 1695,2153 1801,2150 1907,2146 2013,2144 2120,2142 2226,2138 2332,2135 2438,2132 2544,2130 2651,2126 2757,2124 2863,2122 2969,2120 3075,2118 3182,2116"
                         HEIGHT="184"
                         WIDTH="2152"
                         VPOS="2025"
                         HPOS="1043">
                  <String ID="string_region_1638888134858_2974l33"
                          HEIGHT="184"
                          WIDTH="2152"
                          VPOS="2025"
                          HPOS="1043"
                          CONTENT="In gevolge van tl mestive van 13 &amp; 28 pan is het p paeckenie heden hier erwaght"/>
               </TextLine>
               <TextLine ID="region_1638888134858_2974l34"
                         BASELINE="1034,2266 1140,2260 1247,2256 1354,2250 1461,2246 1568,2240 1674,2236 1781,2232 1888,2229 1995,2224 2102,2222 2208,2218 2315,2216 2422,2214 2529,2211 2636,2210 2742,2208 2849,2208 2956,2208 3063,2208 3170,2210"
                         HEIGHT="181"
                         WIDTH="2166"
                         VPOS="2132"
                         HPOS="1019">
                  <String ID="string_region_1638888134858_2974l34"
                          HEIGHT="181"
                          WIDTH="2166"
                          VPOS="2132"
                          HPOS="1019"
                          CONTENT="het tweede tot ceuen al gearriveert hebbe tot d'expeditie de noodigsend gegeens"/>
               </TextLine>
               <TextLine ID="region_1638888134858_2974l35"
                         BASELINE="1058,2354 1162,2349 1267,2344 1372,2339 1476,2334 1581,2329 1686,2324 1790,2320 1895,2316 2000,2312 2105,2310 2209,2307 2314,2304 2419,2302 2523,2302 2628,2300 2733,2300 2837,2300 2942,2300 3047,2302 3152,2304"
                         HEIGHT="165"
                         WIDTH="2126"
                         VPOS="2238"
                         HPOS="1041">
                  <String ID="string_region_1638888134858_2974l35"
                          HEIGHT="165"
                          WIDTH="2126"
                          VPOS="2238"
                          HPOS="1041"
                          CONTENT="sal wijders hosn de ord. van Bmonds warner daer mede volgen, as mede"/>
               </TextLine>
               <TextLine ID="region_1638888134858_2974l36"
                         BASELINE="1048,2446 1154,2440 1260,2436 1366,2432 1472,2428 1579,2424 1685,2420 1791,2416 1897,2414 2003,2410 2110,2408 2216,2406 2322,2404 2428,2402 2534,2400 2641,2398 2747,2396 2853,2394 2959,2394 3065,2392 3172,2390"
                         HEIGHT="160"
                         WIDTH="2157"
                         VPOS="2323"
                         HPOS="1032">
                  <String ID="string_region_1638888134858_2974l36"
                          HEIGHT="160"
                          WIDTH="2157"
                          VPOS="2323"
                          HPOS="1032"
                          CONTENT="met de gene die, ul op die oft andere manier gper mijn envoij sal seijnden, daer"/>
               </TextLine>
               <TextLine ID="region_1638888134858_2974l37"
                         BASELINE="1076,2542 1160,2538 1244,2534 1328,2530 1412,2527 1497,2524 1581,2520 1665,2518 1749,2514 1833,2512 1918,2509 2002,2506 2086,2504 2170,2502 2254,2500 2339,2498 2423,2495 2507,2494 2591,2492 2675,2489 2760,2486"
                         HEIGHT="158"
                         WIDTH="1717"
                         VPOS="2415"
                         HPOS="1060">
                  <String ID="string_region_1638888134858_2974l37"
                          HEIGHT="158"
                          WIDTH="1717"
                          VPOS="2415"
                          HPOS="1060"
                          CONTENT="en tussen, soo hier iyts anders voor valt waer inel can dienen"/>
               </TextLine>
               <TextLine ID="region_1638888134858_2974l38"
                         BASELINE="2706,2550 2731,2547 2756,2544 2782,2541 2807,2537 2833,2535 2858,2532 2883,2529 2909,2526 2934,2523 2960,2520 2985,2517 3010,2515 3036,2514 3061,2513 3087,2510 3112,2510 3138,2510"
                         HEIGHT="167"
                         WIDTH="471"
                         VPOS="2417"
                         HPOS="2686">
                  <String ID="string_region_1638888134858_2974l38"
                          HEIGHT="167"
                          WIDTH="471"
                          VPOS="2417"
                          HPOS="2686"
                          CONTENT="@ 19 ditto 16881"/>
               </TextLine>
               <TextLine ID="region_1638888134858_2974l39"
                         BASELINE="768,2610 801,2608 835,2607 868,2606 902,2605 936,2604 969,2604 1003,2604 1036,2604 1070,2602 1104,2602 1137,2602 1171,2602 1204,2601 1238,2600 1272,2600 1305,2598 1339,2598 1372,2596 1406,2595 1440,2592"
                         HEIGHT="135"
                         WIDTH="702"
                         VPOS="2513"
                         HPOS="751">
                  <String ID="string_region_1638888134858_2974l39"
                          HEIGHT="135"
                          WIDTH="702"
                          VPOS="2513"
                          HPOS="751"
                          CONTENT="Bredael Laurens kan"/>
               </TextLine>
               <TextLine ID="region_1638888134858_2974l40"
                         BASELINE="1072,2670 1179,2666 1286,2663 1393,2660 1501,2658 1608,2656 1715,2654 1823,2654 1930,2654 2037,2652 2145,2652 2252,2652 2359,2650 2466,2650 2574,2648 2681,2646 2788,2643 2896,2639 3003,2636 3110,2630 3218,2624"
                         HEIGHT="109"
                         WIDTH="2178"
                         VPOS="2577"
                         HPOS="1057">
                  <String ID="string_region_1638888134858_2974l40"
                          HEIGHT="109"
                          WIDTH="2178"
                          VPOS="2577"
                          HPOS="1057"
                          CONTENT="im. Ick hebul brief wel ontfangen, en ick wilde wel dat ick de lakens sagh"/>
               </TextLine>
               <TextLine ID="region_1638888134858_2974l41"
                         BASELINE="1060,2734 1166,2731 1273,2728 1379,2726 1486,2724 1592,2724 1699,2724 1805,2724 1912,2722 2018,2722 2125,2722 2231,2722 2338,2720 2444,2718 2551,2716 2657,2712 2764,2709 2870,2704 2977,2699 3083,2692 3190,2684"
                         HEIGHT="129"
                         WIDTH="2162"
                         VPOS="2641"
                         HPOS="1044">
                  <String ID="string_region_1638888134858_2974l41"
                          HEIGHT="129"
                          WIDTH="2162"
                          VPOS="2641"
                          HPOS="1044"
                          CONTENT="soo wel de ul als de mijne, want soude noch geirne met den somer de preuve"/>
               </TextLine>
               <TextLine ID="region_1638888134858_2974l42"
                         BASELINE="1068,2796 1177,2794 1287,2794 1396,2792 1506,2790 1616,2790 1725,2788 1835,2788 1944,2786 2054,2786 2164,2784 2273,2782 2383,2780 2492,2778 2602,2775 2712,2770 2821,2766 2931,2761 3040,2754 3150,2748 3260,2740"
                         HEIGHT="130"
                         WIDTH="2223"
                         VPOS="2675"
                         HPOS="1052">
                  <String ID="string_region_1638888134858_2974l42"
                          HEIGHT="130"
                          WIDTH="2223"
                          VPOS="2675"
                          HPOS="1052"
                          CONTENT="neme op dat ick kan sien ofte het oockdennoeyte weeirt is ick sal noch wolle"/>
               </TextLine>
               <TextLine ID="region_1638888134858_2974l43"
                         BASELINE="1050,2866 1157,2863 1265,2858 1372,2856 1480,2854 1587,2852 1695,2850 1802,2849 1910,2848 2017,2846 2125,2846 2232,2844 2340,2842 2447,2840 2555,2836 2662,2833 2770,2828 2877,2824 2985,2817 3092,2808 3200,2800"
                         HEIGHT="130"
                         WIDTH="2183"
                         VPOS="2755"
                         HPOS="1034">
                  <String ID="string_region_1638888134858_2974l43"
                          HEIGHT="130"
                          WIDTH="2183"
                          VPOS="2755"
                          HPOS="1034"
                          CONTENT="van Amsterdam doen komen, ende soo ick geen vinde na mijne ham"/>
               </TextLine>
               <TextLine ID="region_1638888134858_2974l44"
                         BASELINE="1054,2940 1160,2938 1267,2934 1374,2932 1480,2930 1587,2926 1694,2924 1800,2922 1907,2920 2014,2916 2121,2914 2227,2911 2334,2908 2441,2904 2547,2900 2654,2896 2761,2891 2867,2886 2974,2880 3081,2873 3188,2866"
                         HEIGHT="160"
                         WIDTH="2165"
                         VPOS="2830"
                         HPOS="1036">
                  <String ID="string_region_1638888134858_2974l44"
                          HEIGHT="160"
                          WIDTH="2165"
                          VPOS="2830"
                          HPOS="1036"
                          CONTENT="sal ick u een bale van hier sijnde, want ick hier te veel hebbe sende"/>
               </TextLine>
               <TextLine ID="region_1638888134858_2974l45"
                         BASELINE="1056,3016 1166,3009 1276,3003 1386,2998 1497,2994 1607,2990 1717,2988 1828,2986 1938,2984 2048,2982 2159,2980 2269,2978 2379,2976 2489,2972 2600,2970 2710,2963 2820,2958 2931,2950 3041,2943 3151,2933 3262,2920"
                         HEIGHT="169"
                         WIDTH="2238"
                         VPOS="2874"
                         HPOS="1041">
                  <String ID="string_region_1638888134858_2974l45"
                          HEIGHT="169"
                          WIDTH="2238"
                          VPOS="2874"
                          HPOS="1041"
                          CONTENT="heden p voermon floris seltien sulvere durabons die soo aen teekent"/>
               </TextLine>
               <TextLine ID="region_1638888134858_2974l46"
                         BASELINE="1074,3078 1180,3075 1287,3072 1394,3068 1501,3065 1608,3062 1715,3059 1822,3056 1929,3054 2036,3050 2143,3046 2249,3042 2356,3039 2463,3034 2570,3030 2677,3024 2784,3018 2891,3012 2998,3004 3105,2996 3212,2988"
                         HEIGHT="163"
                         WIDTH="2172"
                         VPOS="2938"
                         HPOS="1057">
                  <String ID="string_region_1638888134858_2974l46"
                          HEIGHT="163"
                          WIDTH="2172"
                          VPOS="2938"
                          HPOS="1057"
                          CONTENT="ende de naeste weke een briefken van ontfanck boestiert raermede"/>
               </TextLine>
               <TextLine ID="region_1638888134858_2974l47"
                         BASELINE="2736,3096 2761,3098 2787,3098 2813,3098 2839,3098 2864,3098 2890,3096 2916,3094 2942,3090 2968,3088 2993,3085 3019,3081 3045,3077 3071,3073 3096,3071 3122,3067 3148,3065 3174,3062 3200,3060"
                         HEIGHT="111"
                         WIDTH="502"
                         VPOS="3011"
                         HPOS="2715">
                  <String ID="string_region_1638888134858_2974l47"
                          HEIGHT="111"
                          WIDTH="502"
                          VPOS="3011"
                          HPOS="2715"
                          CONTENT="@19 July 1681"/>
               </TextLine>
               <TextLine ID="region_1638888134858_2974l48"
                         BASELINE="838,3148 882,3148 926,3148 970,3148 1014,3148 1058,3148 1102,3150 1146,3150 1190,3148 1234,3148 1279,3148 1323,3148 1367,3146 1411,3145 1455,3144 1499,3142 1543,3140 1587,3135 1631,3133 1675,3128 1720,3124"
                         HEIGHT="125"
                         WIDTH="912"
                         VPOS="3080"
                         HPOS="823">
                  <String ID="string_region_1638888134858_2974l48"
                          HEIGHT="125"
                          WIDTH="912"
                          VPOS="3080"
                          HPOS="823"
                          CONTENT="gent francois Herrebout"/>
               </TextLine>
               <TextLine ID="region_1638888134858_2974l49"
                         BASELINE="1072,3222 1179,3222 1286,3220 1393,3218 1500,3216 1608,3212 1715,3210 1822,3206 1929,3202 2036,3198 2144,3194 2251,3190 2358,3186 2465,3182 2572,3178 2680,3173 2787,3168 2894,3164 3001,3160 3108,3156 3216,3152"
                         HEIGHT="150"
                         WIDTH="2174"
                         VPOS="3097"
                         HPOS="1057">
                  <String ID="string_region_1638888134858_2974l49"
                          HEIGHT="150"
                          WIDTH="2174"
                          VPOS="3097"
                          HPOS="1057"
                          CONTENT="monsr. Den ul van J. &amp; 14 deser tsijndertijde ontfangen als mede de goederen"/>
               </TextLine>
               <TextLine ID="region_1638888134858_2974l50"
                         BASELINE="1086,3282 1194,3280 1303,3278 1411,3276 1520,3274 1629,3272 1737,3270 1846,3268 1954,3264 2063,3262 2172,3259 2280,3255 2389,3252 2497,3248 2606,3241 2715,3236 2823,3229 2932,3221 3040,3211 3149,3202 3258,3190"
                         HEIGHT="138"
                         WIDTH="2203"
                         VPOS="3155"
                         HPOS="1070">
                  <String ID="string_region_1638888134858_2974l50"
                          HEIGHT="138"
                          WIDTH="2203"
                          VPOS="3155"
                          HPOS="1070"
                          CONTENT="ingeleyt mijnen tol brief voor goederen te komen van brugge verwagh"/>
               </TextLine>
               <TextLine ID="region_1638888134858_2974l51"
                         BASELINE="1070,3356 1181,3350 1292,3343 1403,3339 1514,3336 1625,3334 1736,3333 1847,3332 1958,3332 2069,3332 2180,3331 2291,3330 2402,3328 2513,3326 2624,3321 2735,3316 2846,3310 2957,3301 3068,3289 3179,3276 3290,3258"
                         HEIGHT="187"
                         WIDTH="2254"
                         VPOS="3199"
                         HPOS="1053">
                  <String ID="string_region_1638888134858_2974l51"
                          HEIGHT="187"
                          WIDTH="2254"
                          VPOS="3199"
                          HPOS="1053"
                          CONTENT="MN 22 van costij pr schepe, ende PN3 met MN27 van brugge diventerck"/>
               </TextLine>
               <TextLine ID="region_1638888134858_2974l52"
                         BASELINE="1084,3420 1193,3416 1302,3412 1411,3408 1520,3406 1630,3404 1739,3402 1848,3400 1957,3400 2066,3398 2176,3396 2285,3395 2394,3392 2503,3390 2612,3388 2722,3383 2831,3379 2940,3374 3049,3366 3158,3358 3268,3348"
                         HEIGHT="130"
                         WIDTH="2216"
                         VPOS="3302"
                         HPOS="1067">
                  <String ID="string_region_1638888134858_2974l52"
                          HEIGHT="130"
                          WIDTH="2216"
                          VPOS="3302"
                          HPOS="1067"
                          CONTENT="aen boort adriaen de keysers, den welken een van mijn tolbrieven gelieft"/>
               </TextLine>
               <TextLine ID="region_1638888134858_2974l53"
                         BASELINE="1080,3476 1187,3472 1295,3468 1403,3466 1511,3464 1619,3464 1726,3462 1834,3462 1942,3462 2050,3462 2158,3462 2265,3462 2373,3461 2481,3460 2589,3458 2697,3456 2804,3452 2912,3447 3020,3442 3128,3436 3236,3428"
                         HEIGHT="112"
                         WIDTH="2186"
                         VPOS="3371"
                         HPOS="1064">
                  <String ID="string_region_1638888134858_2974l53"
                          HEIGHT="112"
                          WIDTH="2186"
                          VPOS="3371"
                          HPOS="1064"
                          CONTENT="mede te geven, mij latende weten, soo haest ditto de keyser costij passeirt"/>
               </TextLine>
               <TextLine ID="region_1638888134858_2974l54"
                         BASELINE="2764,3528 2790,3527 2816,3526 2843,3524 2869,3524 2895,3522 2922,3521 2948,3520 2974,3518 3001,3518 3027,3515 3053,3513 3080,3512 3106,3509 3132,3505 3159,3501 3185,3497 3212,3492"
                         HEIGHT="125"
                         WIDTH="486"
                         VPOS="3445"
                         HPOS="2745">
                  <String ID="string_region_1638888134858_2974l54"
                          HEIGHT="125"
                          WIDTH="486"
                          VPOS="3445"
                          HPOS="2745"
                          CONTENT="@ 19 July "/>
               </TextLine>
               <TextLine ID="region_1638888134858_2974l55"
                         BASELINE="1082,3530 1108,3530 1134,3530 1160,3530 1186,3530 1212,3530 1238,3530 1264,3530 1290,3529 1316,3528 1343,3528 1369,3526 1395,3525 1421,3524 1447,3524 1473,3522 1499,3522 1525,3519 1551,3518 1578,3516"
                         HEIGHT="107"
                         WIDTH="530"
                         VPOS="3472"
                         HPOS="1065">
                  <String ID="string_region_1638888134858_2974l55"
                          HEIGHT="107"
                          WIDTH="530"
                          VPOS="3472"
                          HPOS="1065"
                          CONTENT="JPr Hhijsbart"/>
               </TextLine>
               <TextLine ID="region_1638888134858_2974l56"
                         BASELINE="816,3548 842,3540 868,3537 894,3534 920,3533 946,3530 972,3528"
                         HEIGHT="112"
                         WIDTH="195"
                         VPOS="3468"
                         HPOS="793">
                  <String ID="string_region_1638888134858_2974l56"
                          HEIGHT="112"
                          WIDTH="195"
                          VPOS="3468"
                          HPOS="793"
                          CONTENT="Gent"/>
               </TextLine>
               <TextLine ID="region_1638888134858_2974l57"
                         BASELINE="1088,3604 1198,3598 1308,3592 1418,3588 1528,3584 1638,3582 1748,3580 1858,3580 1968,3580 2078,3580 2188,3582 2298,3582 2408,3582 2518,3584 2628,3584 2738,3584 2848,3584 2958,3582 3068,3580 3178,3577 3288,3572"
                         HEIGHT="117"
                         WIDTH="2232"
                         VPOS="3493"
                         HPOS="1072">
                  <String ID="string_region_1638888134858_2974l57"
                          HEIGHT="117"
                          WIDTH="2232"
                          VPOS="3493"
                          HPOS="1072"
                          CONTENT="monsr. heb vernegligeert den ul van 12 passato te beantwoorden ondertussch "/>
               </TextLine>
               <TextLine ID="region_1638888134858_2974l58"
                         BASELINE="1088,3668 1197,3664 1306,3660 1415,3658 1524,3656 1633,3654 1742,3652 1851,3650 1960,3650 2069,3648 2178,3648 2287,3646 2396,3646 2505,3646 2614,3646 2723,3646 2832,3644 2941,3644 3050,3644 3159,3644 3268,3644"
                         HEIGHT="98"
                         WIDTH="2211"
                         VPOS="3612"
                         HPOS="1072">
                  <String ID="string_region_1638888134858_2974l58"
                          HEIGHT="98"
                          WIDTH="2211"
                          VPOS="3612"
                          HPOS="1072"
                          CONTENT="sijnde legaturen in Englant wel gearriveert tot weijnigh contentement"/>
               </TextLine>
               <TextLine ID="region_1638888134858_2974l59"
                         BASELINE="1080,3740 1190,3734 1300,3730 1411,3726 1521,3722 1632,3720 1742,3718 1852,3718 1963,3718 2073,3718 2184,3718 2294,3718 2404,3718 2515,3718 2625,3716 2736,3716 2846,3716 2956,3714 3067,3710 3177,3708 3288,3704"
                         HEIGHT="101"
                         WIDTH="2238"
                         VPOS="3666"
                         HPOS="1065">
                  <String ID="string_region_1638888134858_2974l59"
                          HEIGHT="101"
                          WIDTH="2238"
                          VPOS="3666"
                          HPOS="1065"
                          CONTENT="van mijn correspondent die seght dat de selve meest ongesegelt sijn de"/>
               </TextLine>
               <TextLine ID="region_1638888134858_2974l60"
                         BASELINE="1076,3832 1188,3826 1300,3820 1412,3816 1524,3813 1637,3810 1749,3808 1861,3806 1973,3804 2085,3804 2198,3802 2310,3802 2422,3800 2534,3800 2646,3800 2759,3798 2871,3796 2983,3794 3095,3793 3207,3790 3320,3786"
                         HEIGHT="144"
                         WIDTH="2275"
                         VPOS="3727"
                         HPOS="1059">
                  <String ID="string_region_1638888134858_2974l60"
                          HEIGHT="144"
                          WIDTH="2275"
                          VPOS="3727"
                          HPOS="1059"
                          CONTENT="sleght gemaeckt in geleyt remitteere ul ƒ700:- tot laste Jan du cardin"/>
               </TextLine>
               <TextLine ID="region_1638888134858_2974l61"
                         BASELINE="1090,3906 1199,3901 1308,3898 1417,3894 1526,3892 1635,3890 1744,3889 1853,3888 1962,3888 2071,3888 2181,3886 2290,3886 2399,3884 2508,3882 2617,3880 2726,3878 2835,3874 2944,3869 3053,3863 3162,3856 3272,3848"
                         HEIGHT="117"
                         WIDTH="2214"
                         VPOS="3804"
                         HPOS="1075">
                  <String ID="string_region_1638888134858_2974l61"
                          HEIGHT="117"
                          WIDTH="2214"
                          VPOS="3804"
                          HPOS="1075"
                          CONTENT="in kent vervalt morgen soo gelieft daer voor het noodigh te besorgen"/>
               </TextLine>
               <TextLine ID="region_1638888134858_2974l62"
                         BASELINE="1098,3990 1207,3982 1316,3978 1425,3974 1534,3970 1643,3968 1752,3966 1861,3964 1970,3964 2079,3962 2188,3962 2297,3961 2406,3960 2515,3958 2624,3956 2733,3952 2842,3948 2951,3944 3060,3937 3169,3930 3278,3920"
                         HEIGHT="113"
                         WIDTH="2210"
                         VPOS="3893"
                         HPOS="1081">
                  <String ID="string_region_1638888134858_2974l62"
                          HEIGHT="113"
                          WIDTH="2210"
                          VPOS="3893"
                          HPOS="1081"
                          CONTENT="ende sij soo verre geprotesteert moet worden, laet het geschieden, en"/>
               </TextLine>
               <TextLine ID="region_1638888134858_2974l63"
                         BASELINE="1098,4062 1206,4062 1314,4060 1422,4058 1530,4058 1639,4056 1747,4054 1855,4054 1963,4052 2071,4050 2180,4048 2288,4046 2396,4044 2504,4040 2612,4038 2721,4034 2829,4030 2937,4026 3045,4020 3153,4015 3262,4008"
                         HEIGHT="182"
                         WIDTH="2196"
                         VPOS="3936"
                         HPOS="1081">
                  <String ID="string_region_1638888134858_2974l63"
                          HEIGHT="182"
                          WIDTH="2196"
                          VPOS="3936"
                          HPOS="1081"
                          CONTENT="sent hem terugge op dat daer in niet wort versupn ewaer mede blijve"/>
               </TextLine>
               <TextLine ID="region_1638888134858_2974l64"
                         BASELINE="2718,4106 2743,4104 2768,4104 2793,4104 2819,4104 2844,4104 2869,4103 2895,4102 2920,4102 2945,4102 2971,4102 2996,4102 3021,4102 3046,4102 3072,4102 3097,4103 3122,4104 3148,4105 3173,4106 3198,4108 3224,4108"
                         HEIGHT="124"
                         WIDTH="537"
                         VPOS="4031"
                         HPOS="2703">
                  <String ID="string_region_1638888134858_2974l64"
                          HEIGHT="124"
                          WIDTH="537"
                          VPOS="4031"
                          HPOS="2703"
                          CONTENT="@ 19 Juy 1681"/>
               </TextLine>
               <TextLine ID="region_1638888134858_2974l65"
                         BASELINE="828,4130 864,4130 900,4130 936,4130 972,4130 1009,4130 1045,4130 1081,4130 1117,4130 1153,4130 1190,4130 1226,4130 1262,4130 1298,4130 1334,4130 1371,4130 1407,4130 1443,4130 1479,4132 1515,4132 1552,4132"
                         HEIGHT="142"
                         WIDTH="756"
                         VPOS="4037"
                         HPOS="812">
                  <String ID="string_region_1638888134858_2974l65"
                          HEIGHT="142"
                          WIDTH="756"
                          VPOS="4037"
                          HPOS="812"
                          CONTENT="London Abram vivian"/>
               </TextLine>
               <TextLine ID="region_1638888134858_2974l66"
                         BASELINE="2002,4154 2028,4152 2054,4150 2080,4149 2106,4146"
                         HEIGHT="115"
                         WIDTH="141"
                         VPOS="4068"
                         HPOS="1982">
                  <String ID="string_region_1638888134858_2974l66"
                          HEIGHT="115"
                          WIDTH="141"
                          VPOS="4068"
                          HPOS="1982"
                          CONTENT="th"/>
               </TextLine>
               <TextLine ID="region_1638888134858_2974l67"
                         BASELINE="1108,4208 1215,4210 1322,4210 1430,4208 1537,4208 1645,4206 1752,4204 1859,4202 1967,4200 2074,4198 2182,4196 2289,4192 2396,4190 2504,4188 2611,4186 2719,4186 2826,4184 2933,4184 3041,4184 3148,4186 3256,4188"
                         HEIGHT="179"
                         WIDTH="2180"
                         VPOS="4086"
                         HPOS="1092">
                  <String ID="string_region_1638888134858_2974l67"
                          HEIGHT="179"
                          WIDTH="2180"
                          VPOS="4086"
                          HPOS="1092"
                          CONTENT="S. my last to you was on the 12: curitt sence recd. yd of 4th ditto with in voyce"/>
               </TextLine>
               <TextLine ID="region_1638888134858_2974l68"
                         BASELINE="1080,4284 1189,4282 1299,4280 1408,4278 1518,4276 1628,4275 1737,4274 1847,4272 1956,4270 2066,4267 2176,4265 2285,4264 2395,4261 2504,4260 2614,4256 2724,4254 2833,4253 2943,4251 3052,4250 3162,4246 3272,4246"
                         HEIGHT="124"
                         WIDTH="2223"
                         VPOS="4193"
                         HPOS="1063">
                  <String ID="string_region_1638888134858_2974l68"
                          HEIGHT="124"
                          WIDTH="2223"
                          VPOS="4193"
                          HPOS="1063"
                          CONTENT="for the bailes N.39 &amp; 40 for which have given you creditt for my halfe share"/>
               </TextLine>
               <TextLine ID="region_1638888134858_2974l69"
                         BASELINE="1074,4362 1178,4360 1283,4356 1387,4354 1492,4352 1596,4350 1701,4348 1805,4346 1910,4344 2014,4344 2119,4342 2223,4340 2328,4338 2432,4336 2537,4334 2641,4332 2746,4330 2850,4328 2955,4325 3059,4322 3164,4318"
                         HEIGHT="118"
                         WIDTH="2120"
                         VPOS="4265"
                         HPOS="1059">
                  <String ID="string_region_1638888134858_2974l69"
                          HEIGHT="118"
                          WIDTH="2120"
                          VPOS="4265"
                          HPOS="1059"
                          CONTENT="and haveing examned the pattarnes, do not exspect them to exceed those of "/>
               </TextLine>
               <TextLine ID="region_1638888134858_2974l70"
                         BASELINE="1068,4446 1176,4444 1285,4442 1394,4440 1502,4438 1611,4438 1720,4436 1828,4434 1937,4432 2046,4430 2155,4428 2263,4426 2372,4424 2481,4420 2589,4417 2698,4413 2807,4408 2915,4404 3024,4398 3133,4392 3242,4386"
                         HEIGHT="130"
                         WIDTH="2205"
                         VPOS="4327"
                         HPOS="1051">
                  <String ID="string_region_1638888134858_2974l70"
                          HEIGHT="130"
                          WIDTH="2205"
                          VPOS="4327"
                          HPOS="1051"
                          CONTENT="mr. potter, yett when the goods come to hand shall be punctuall in giveing "/>
               </TextLine>
            </TextBlock>
            <TextBlock ID="region_1638888138890_2977"
                       HEIGHT="4202"
                       WIDTH="2644"
                       VPOS="209"
                       HPOS="3372">
               <Shape>
                  <Polygon POINTS="3372,209 6016,209 6016,4411 3372,4411"/>
               </Shape>
               <TextLine ID="region_1638888138890_2977l1"
                         BASELINE="3556,274 3674,274 3793,274 3912,274 4031,274 4150,274 4268,274 4387,274 4506,274 4625,276 4744,276 4862,276 4981,276 5100,276 5219,278 5338,278 5456,280 5575,280 5694,282 5813,284 5932,286"
                         HEIGHT="95"
                         WIDTH="2405"
                         VPOS="222"
                         HPOS="3542">
                  <String ID="string_region_1638888138890_2977l1"
                          HEIGHT="95"
                          WIDTH="2405"
                          VPOS="222"
                          HPOS="3542"
                          CONTENT="my opinion, for I am as desirious to be well served as any man living"/>
               </TextLine>
               <TextLine ID="region_1638888138890_2977l2"
                         BASELINE="3558,344 3675,342 3793,342 3911,340 4029,338 4147,338 4265,338 4383,336 4501,336 4619,336 4737,336 4854,336 4972,336 5090,336 5208,338 5326,338 5444,338 5562,340 5680,342 5798,344 5916,346"
                         HEIGHT="70"
                         WIDTH="2387"
                         VPOS="290"
                         HPOS="3543">
                  <String ID="string_region_1638888138890_2977l2"
                          HEIGHT="70"
                          WIDTH="2387"
                          VPOS="290"
                          HPOS="3543"
                          CONTENT="endeavour that the fine northrens be punctually provided that so wee be not"/>
               </TextLine>
               <TextLine ID="region_1638888138890_2977l3"
                         BASELINE="3552,412 3673,410 3794,408 3916,406 4037,406 4159,404 4280,404 4401,404 4523,404 4644,404 4766,402 4887,402 5008,402 5130,402 5251,402 5373,400 5494,400 5615,398 5737,398 5858,396 5980,394"
                         HEIGHT="94"
                         WIDTH="2460"
                         VPOS="358"
                         HPOS="3536">
                  <String ID="string_region_1638888138890_2977l3"
                          HEIGHT="94"
                          WIDTH="2460"
                          VPOS="358"
                          HPOS="3536"
                          CONTENT="each ward in assortment of our majaz in here, in which I find (God be thancked)"/>
               </TextLine>
               <TextLine ID="region_1638888138890_2977l4"
                         BASELINE="3548,484 3664,482 3781,480 3898,480 4015,478 4132,478 4248,476 4365,476 4482,476 4599,476 4716,476 4832,474 4949,474 5066,474 5183,472 5300,470 5416,469 5533,466 5650,464 5767,461 5884,458"
                         HEIGHT="132"
                         WIDTH="2369"
                         VPOS="400"
                         HPOS="3532">
                  <String ID="string_region_1638888138890_2977l4"
                          HEIGHT="132"
                          WIDTH="2369"
                          VPOS="400"
                          HPOS="3532"
                          CONTENT="pretty good sale &amp; much to content in proffitt, as I hope you will also approve"/>
               </TextLine>
               <TextLine ID="region_1638888138890_2977l5"
                         BASELINE="3564,552 3684,548 3804,544 3924,542 4045,542 4165,540 4285,540 4406,540 4526,540 4646,542 4767,542 4887,542 5007,542 5127,542 5248,540 5368,538 5488,536 5609,532 5729,526 5849,520 5970,512"
                         HEIGHT="130"
                         WIDTH="2438"
                         VPOS="452"
                         HPOS="3548">
                  <String ID="string_region_1638888138890_2977l5"
                          HEIGHT="130"
                          WIDTH="2438"
                          VPOS="452"
                          HPOS="3548"
                          CONTENT="when you see the generall acctt. I know there is boath Richd. pindar &amp; John nelson"/>
               </TextLine>
               <TextLine ID="region_1638888138890_2977l6"
                         BASELINE="3548,620 3666,616 3784,612 3902,610 4020,608 4138,608 4256,608 4374,608 4492,608 4610,610 4728,611 4846,612 4964,612 5082,612 5200,612 5318,612 5436,610 5554,606 5672,602 5790,598 5908,590"
                         HEIGHT="84"
                         WIDTH="2389"
                         VPOS="557"
                         HPOS="3534">
                  <String ID="string_region_1638888138890_2977l6"
                          HEIGHT="84"
                          WIDTH="2389"
                          VPOS="557"
                          HPOS="3534"
                          CONTENT="att Hull in loading &amp; supose you will divert our risie att zea in boath, and"/>
               </TextLine>
               <TextLine ID="region_1638888138890_2977l7"
                         BASELINE="3536,690 3653,686 3770,682 3887,680 4004,678 4122,676 4239,676 4356,674 4473,674 4590,674 4708,674 4825,674 4942,674 5059,672 5176,672 5294,670 5411,670 5528,667 5645,664 5762,660 5880,656"
                         HEIGHT="122"
                         WIDTH="2374"
                         VPOS="597"
                         HPOS="3519">
                  <String ID="string_region_1638888138890_2977l7"
                          HEIGHT="122"
                          WIDTH="2374"
                          VPOS="597"
                          HPOS="3519"
                          CONTENT="thought you pretend any thing of my positive order, yett when I write of"/>
               </TextLine>
               <TextLine ID="region_1638888138890_2977l8"
                         BASELINE="3564,760 3683,756 3802,754 3921,752 4040,750 4160,750 4279,750 4398,750 4517,750 4636,750 4756,750 4875,750 4994,750 5113,748 5232,748 5352,746 5471,742 5590,738 5709,732 5828,725 5948,718"
                         HEIGHT="145"
                         WIDTH="2414"
                         VPOS="645"
                         HPOS="3548">
                  <String ID="string_region_1638888138890_2977l8"
                          HEIGHT="145"
                          WIDTH="2414"
                          VPOS="645"
                          HPOS="3548"
                          CONTENT="shipping, give onely my advise, &amp; leave the menagement of itt wholy to you"/>
               </TextLine>
               <TextLine ID="region_1638888138890_2977l9"
                         BASELINE="3552,822 3671,818 3791,818 3911,816 4031,816 4151,816 4270,816 4390,818 4510,818 4630,820 4750,820 4869,820 4989,820 5109,820 5229,819 5349,816 5468,814 5588,810 5708,806 5828,798 5948,792"
                         HEIGHT="131"
                         WIDTH="2425"
                         VPOS="728"
                         HPOS="3536">
                  <String ID="string_region_1638888138890_2977l9"
                          HEIGHT="131"
                          WIDTH="2425"
                          VPOS="728"
                          HPOS="3536"
                          CONTENT="where fore pray make no exception up on that acctt. butt endeavour to promote"/>
               </TextLine>
               <TextLine ID="region_1638888138890_2977l10"
                         BASELINE="3544,880 3659,880 3775,878 3891,878 4007,880 4123,880 4238,882 4354,883 4470,884 4586,886 4702,888 4817,888 4933,888 5049,888 5165,888 5281,886 5396,884 5512,878 5628,874 5744,868 5860,860"
                         HEIGHT="126"
                         WIDTH="2347"
                         VPOS="803"
                         HPOS="3530">
                  <String ID="string_region_1638888138890_2977l10"
                          HEIGHT="126"
                          WIDTH="2347"
                          VPOS="803"
                          HPOS="3530"
                          CONTENT="our intrest on yd side as a sold divert as I do on this side, in which be"/>
               </TextLine>
               <TextLine ID="region_1638888138890_2977l11"
                         BASELINE="3564,952 3680,950 3796,950 3912,951 4028,952 4145,953 4261,954 4377,956 4493,956 4609,958 4726,958 4842,958 4958,958 5074,958 5190,955 5307,952 5423,948 5539,942 5655,934 5771,926 5888,916"
                         HEIGHT="136"
                         WIDTH="2357"
                         VPOS="857"
                         HPOS="3547">
                  <String ID="string_region_1638888138890_2977l11"
                          HEIGHT="136"
                          WIDTH="2357"
                          VPOS="857"
                          HPOS="3547"
                          CONTENT="confident no endvours are wantino to procure the best, for our advant"/>
               </TextLine>
               <TextLine ID="region_1638888138890_2977l12"
                         BASELINE="3558,1022 3670,1020 3782,1018 3894,1018 4007,1018 4119,1018 4231,1018 4344,1018 4456,1020 4568,1020 4681,1020 4793,1022 4905,1022 5017,1022 5130,1022 5242,1020 5354,1018 5467,1016 5579,1013 5691,1008 5804,1002"
                         HEIGHT="119"
                         WIDTH="2277"
                         VPOS="958"
                         HPOS="3543">
                  <String ID="string_region_1638888138890_2977l12"
                          HEIGHT="119"
                          WIDTH="2277"
                          VPOS="958"
                          HPOS="3543"
                          CONTENT="I do much want the kersies, so could wish them over: I have yeasterday"/>
               </TextLine>
               <TextLine ID="region_1638888138890_2977l13"
                         BASELINE="3562,1100 3680,1094 3799,1092 3918,1090 4037,1088 4156,1088 4274,1090 4393,1090 4512,1092 4631,1094 4750,1094 4868,1096 4987,1096 5106,1096 5225,1096 5344,1094 5462,1090 5581,1086 5700,1079 5819,1072 5938,1060"
                         HEIGHT="117"
                         WIDTH="2408"
                         VPOS="1024"
                         HPOS="3546">
                  <String ID="string_region_1638888138890_2977l13"
                          HEIGHT="117"
                          WIDTH="2408"
                          VPOS="1024"
                          HPOS="3546"
                          CONTENT="opened the 3 bales of bayes in which have found 101 peece according to the inclosed"/>
               </TextLine>
               <TextLine ID="region_1638888138890_2977l14"
                         BASELINE="3554,1164 3674,1162 3795,1160 3916,1160 4037,1160 4158,1162 4278,1163 4399,1164 4520,1166 4641,1168 4762,1170 4882,1170 5003,1170 5124,1170 5245,1168 5366,1166 5486,1162 5607,1156 5728,1148 5849,1138 5970,1126"
                         HEIGHT="139"
                         WIDTH="2448"
                         VPOS="1075"
                         HPOS="3537">
                  <String ID="string_region_1638888138890_2977l14"
                          HEIGHT="139"
                          WIDTH="2448"
                          VPOS="1075"
                          HPOS="3537"
                          CONTENT="noted so the differene as 2 p. less then brought to acctt. I never had yett the like"/>
               </TextLine>
               <TextLine ID="region_1638888138890_2977l15"
                         BASELINE="3552,1236 3672,1234 3792,1234 3912,1234 4033,1234 4153,1234 4273,1234 4394,1236 4514,1236 4634,1236 4755,1238 4875,1238 4995,1238 5115,1236 5236,1236 5356,1234 5476,1232 5597,1228 5717,1224 5837,1219 5958,1212"
                         HEIGHT="130"
                         WIDTH="2435"
                         VPOS="1141"
                         HPOS="3537">
                  <String ID="string_region_1638888138890_2977l15"
                          HEIGHT="130"
                          WIDTH="2435"
                          VPOS="1141"
                          HPOS="3537"
                          CONTENT="mistake, so hence forward you may no more imploy women in a mans concernes"/>
               </TextLine>
               <TextLine ID="region_1638888138890_2977l16"
                         BASELINE="3554,1314 3669,1312 3785,1311 3901,1310 4016,1310 4132,1310 4248,1310 4363,1312 4479,1312 4595,1312 4711,1312 4826,1312 4942,1310 5058,1310 5173,1308 5289,1306 5405,1302 5520,1298 5636,1293 5752,1286 5868,1278"
                         HEIGHT="112"
                         WIDTH="2348"
                         VPOS="1227"
                         HPOS="3537">
                  <String ID="string_region_1638888138890_2977l16"
                          HEIGHT="112"
                          WIDTH="2348"
                          VPOS="1227"
                          HPOS="3537"
                          CONTENT="&amp; pray write about if that itt be rectified for I am give testimonium"/>
               </TextLine>
               <TextLine ID="region_1638888138890_2977l17"
                         BASELINE="3554,1390 3672,1385 3790,1382 3909,1381 4027,1380 4146,1380 4264,1382 4382,1382 4501,1384 4619,1384 4738,1386 4856,1386 4974,1386 5093,1386 5211,1384 5330,1382 5448,1378 5566,1372 5685,1366 5803,1357 5922,1346"
                         HEIGHT="110"
                         WIDTH="2399"
                         VPOS="1316"
                         HPOS="3539">
                  <String ID="string_region_1638888138890_2977l17"
                          HEIGHT="110"
                          WIDTH="2399"
                          VPOS="1316"
                          HPOS="3539"
                          CONTENT="of severall that I have imployed in my presence to open these goods: pray"/>
               </TextLine>
               <TextLine ID="region_1638888138890_2977l18"
                         BASELINE="3570,1464 3688,1462 3807,1462 3926,1462 4045,1462 4164,1462 4283,1462 4402,1462 4521,1462 4640,1462 4759,1462 4877,1462 4996,1461 5115,1460 5234,1458 5353,1456 5472,1452 5591,1448 5710,1444 5829,1438 5948,1432"
                         HEIGHT="121"
                         WIDTH="2411"
                         VPOS="1368"
                         HPOS="3554">
                  <String ID="string_region_1638888138890_2977l18"
                          HEIGHT="121"
                          WIDTH="2411"
                          VPOS="1368"
                          HPOS="3554"
                          CONTENT="write the needfull about itt I am sorry you do not approve of the small"/>
               </TextLine>
               <TextLine ID="region_1638888138890_2977l19"
                         BASELINE="3562,1538 3676,1538 3791,1538 3905,1538 4020,1538 4134,1538 4249,1540 4363,1540 4478,1542 4592,1542 4707,1542 4821,1542 4936,1541 5050,1540 5165,1538 5279,1534 5394,1530 5508,1526 5623,1520 5737,1514 5852,1504"
                         HEIGHT="112"
                         WIDTH="2320"
                         VPOS="1462"
                         HPOS="3548">
                  <String ID="string_region_1638888138890_2977l19"
                          HEIGHT="112"
                          WIDTH="2320"
                          VPOS="1462"
                          HPOS="3548"
                          CONTENT="or narrow ones where as the packetts are so well assorted, as ever any could"/>
               </TextLine>
               <TextLine ID="region_1638888138890_2977l20"
                         BASELINE="3564,1608 3683,1606 3802,1606 3921,1606 4040,1606 4159,1606 4278,1608 4397,1609 4516,1610 4635,1612 4755,1612 4874,1612 4993,1612 5112,1612 5231,1610 5350,1606 5469,1603 5588,1598 5707,1592 5826,1583 5946,1572"
                         HEIGHT="124"
                         WIDTH="2414"
                         VPOS="1529"
                         HPOS="3548">
                  <String ID="string_region_1638888138890_2977l20"
                          HEIGHT="124"
                          WIDTH="2414"
                          VPOS="1529"
                          HPOS="3548"
                          CONTENT="butt pray a word how you finde N.16: &amp; principally when you see so different"/>
               </TextLine>
               <TextLine ID="region_1638888138890_2977l21"
                         BASELINE="3560,1692 3677,1690 3795,1688 3912,1686 4030,1684 4148,1684 4265,1684 4383,1684 4500,1684 4618,1684 4736,1684 4853,1684 4971,1683 5088,1682 5206,1680 5324,1676 5441,1672 5559,1667 5676,1660 5794,1652 5912,1644"
                         HEIGHT="162"
                         WIDTH="2384"
                         VPOS="1584"
                         HPOS="3545">
                  <String ID="string_region_1638888138890_2977l21"
                          HEIGHT="162"
                          WIDTH="2384"
                          VPOS="1584"
                          HPOS="3545"
                          CONTENT="peoples worck in N.17 &amp; 18, of which shall be glad to have yd opinion inclosed "/>
               </TextLine>
               <TextLine ID="region_1638888138890_2977l22"
                         BASELINE="3562,1760 3678,1762 3795,1764 3911,1766 4028,1768 4145,1768 4261,1768 4378,1768 4494,1768 4611,1768 4728,1767 4844,1766 4961,1764 5077,1761 5194,1758 5311,1755 5427,1752 5544,1747 5660,1743 5777,1737 5894,1732"
                         HEIGHT="148"
                         WIDTH="2366"
                         VPOS="1666"
                         HPOS="3545">
                  <String ID="string_region_1638888138890_2977l22"
                          HEIGHT="148"
                          WIDTH="2366"
                          VPOS="1666"
                          HPOS="3545"
                          CONTENT="remittt you 400 W att 56 ¼ is st  £ 93:10:10 due the 25 acctt. for which "/>
               </TextLine>
               <TextLine ID="region_1638888138890_2977l23"
                         BASELINE="3574,1850 3693,1850 3812,1850 3931,1850 4050,1850 4169,1850 4288,1850 4407,1848 4526,1848 4645,1846 4764,1844 4883,1844 5002,1842 5121,1838 5240,1836 5359,1834 5478,1830 5597,1826 5716,1822 5835,1818 5954,1812"
                         HEIGHT="150"
                         WIDTH="2411"
                         VPOS="1750"
                         HPOS="3558">
                  <String ID="string_region_1638888138890_2977l23"
                          HEIGHT="150"
                          WIDTH="2411"
                          VPOS="1750"
                          HPOS="3558"
                          CONTENT="please to procure the needfull &amp; pass to my acctt beeng on John himcosh london"/>
               </TextLine>
               <TextLine ID="region_1638888138890_2977l24"
                         BASELINE="5290,1922 5318,1924 5347,1924 5375,1924 5404,1922 5432,1922 5461,1920 5489,1919 5518,1918 5546,1916 5575,1914 5603,1912 5632,1909 5660,1908 5689,1906 5717,1903 5746,1902 5774,1900 5803,1899 5831,1898 5860,1896"
                         HEIGHT="124"
                         WIDTH="602"
                         VPOS="1845"
                         HPOS="5272">
                  <String ID="string_region_1638888138890_2977l24"
                          HEIGHT="124"
                          WIDTH="602"
                          VPOS="1845"
                          HPOS="5272"
                          CONTENT="@ 19 July 1681"/>
               </TextLine>
               <TextLine ID="region_1638888138890_2977l25"
                         BASELINE="3578,1922 3621,1920 3664,1920 3707,1920 3750,1919 3793,1918 3836,1918 3879,1918 3922,1918 3965,1918 4008,1918 4051,1918 4094,1918 4137,1916 4180,1916 4223,1916 4266,1916 4309,1916 4352,1916 4395,1916 4438,1914"
                         HEIGHT="113"
                         WIDTH="893"
                         VPOS="1851"
                         HPOS="3561">
                  <String ID="string_region_1638888138890_2977l25"
                          HEIGHT="113"
                          WIDTH="893"
                          VPOS="1851"
                          HPOS="3561"
                          CONTENT="remaine with kinde saluts "/>
               </TextLine>
               <TextLine ID="region_1638888138890_2977l26"
                         BASELINE="3380,1992 3411,1989 3443,1986 3475,1983 3506,1982 3538,1980 3570,1980 3601,1978 3633,1978 3665,1978 3697,1978 3728,1978 3760,1976 3792,1976 3823,1976 3855,1974 3887,1973 3918,1971 3950,1968 3982,1967 4014,1962"
                         HEIGHT="142"
                         WIDTH="668"
                         VPOS="1876"
                         HPOS="3360">
                  <String ID="string_region_1638888138890_2977l26"
                          HEIGHT="142"
                          WIDTH="668"
                          VPOS="1876"
                          HPOS="3360"
                          CONTENT="London Henry Mayenard"/>
               </TextLine>
               <TextLine ID="region_1638888138890_2977l27"
                         BASELINE="4600,1978 4628,1978 4656,1978 4684,1978"
                         HEIGHT="115"
                         WIDTH="115"
                         VPOS="1892"
                         HPOS="4585">
                  <String ID="string_region_1638888138890_2977l27"
                          HEIGHT="115"
                          WIDTH="115"
                          VPOS="1892"
                          HPOS="4585"
                          CONTENT="th"/>
               </TextLine>
               <TextLine ID="region_1638888138890_2977l28"
                         BASELINE="3580,2060 3698,2050 3816,2042 3935,2036 4053,2032 4172,2030 4290,2028 4408,2028 4527,2028 4645,2030 4764,2032 4882,2032 5000,2034 5119,2034 5237,2032 5356,2030 5474,2028 5592,2022 5711,2016 5829,2005 5948,1994"
                         HEIGHT="158"
                         WIDTH="2398"
                         VPOS="1910"
                         HPOS="3563">
                  <String ID="string_region_1638888138890_2977l28"
                          HEIGHT="158"
                          WIDTH="2398"
                          VPOS="1910"
                          HPOS="3563"
                          CONTENT="Sr. mij last to you was on the 16: curitt, sence recd. yd of 4h ditto with invoyce of "/>
               </TextLine>
               <TextLine ID="region_1638888138890_2977l29"
                         BASELINE="3572,2118 3689,2110 3807,2104 3925,2099 4043,2096 4161,2096 4279,2094 4397,2096 4515,2096 4633,2098 4751,2100 4868,2101 4986,2102 5104,2102 5222,2102 5340,2100 5458,2096 5576,2091 5694,2083 5812,2074 5930,2060"
                         HEIGHT="112"
                         WIDTH="2390"
                         VPOS="2016"
                         HPOS="3557">
                  <String ID="string_region_1638888138890_2977l29"
                          HEIGHT="112"
                          WIDTH="2390"
                          VPOS="2016"
                          HPOS="3557"
                          CONTENT="a bale of white cottons and frises for my half shire in them, have given you"/>
               </TextLine>
               <TextLine ID="region_1638888138890_2977l30"
                         BASELINE="3570,2176 3690,2172 3810,2166 3930,2164 4050,2162 4170,2162 4290,2162 4410,2162 4530,2164 4650,2166 4771,2166 4891,2168 5011,2168 5131,2168 5251,2168 5371,2166 5491,2163 5611,2160 5731,2153 5851,2146 5972,2136"
                         HEIGHT="145"
                         WIDTH="2436"
                         VPOS="2074"
                         HPOS="3553">
                  <String ID="string_region_1638888138890_2977l30"
                          HEIGHT="145"
                          WIDTH="2436"
                          VPOS="2074"
                          HPOS="3553"
                          CONTENT="creditt, please to provide 6 or 8 demy cottons white of 25 pence a soad, and gett"/>
               </TextLine>
               <TextLine ID="region_1638888138890_2977l31"
                         BASELINE="3570,2254 3689,2249 3809,2244 3929,2242 4049,2240 4169,2238 4289,2238 4409,2236 4529,2236 4649,2238 4769,2238 4888,2238 5008,2238 5128,2238 5248,2238 5368,2236 5488,2234 5608,2232 5728,2228 5848,2222 5968,2216"
                         HEIGHT="114"
                         WIDTH="2426"
                         VPOS="2158"
                         HPOS="3556">
                  <String ID="string_region_1638888138890_2977l31"
                          HEIGHT="114"
                          WIDTH="2426"
                          VPOS="2158"
                          HPOS="3556"
                          CONTENT="them dyed redd of a lively vendarte culour to be sent mee pr. first &amp; as soone"/>
               </TextLine>
               <TextLine ID="region_1638888138890_2977l32"
                         BASELINE="3578,2324 3698,2317 3818,2312 3938,2309 4058,2306 4178,2304 4298,2302 4418,2302 4538,2302 4658,2302 4779,2302 4899,2302 5019,2302 5139,2302 5259,2300 5379,2298 5499,2296 5619,2293 5739,2288 5859,2281 5980,2274"
                         HEIGHT="123"
                         WIDTH="2433"
                         VPOS="2224"
                         HPOS="3562">
                  <String ID="string_region_1638888138890_2977l32"
                          HEIGHT="123"
                          WIDTH="2433"
                          VPOS="2224"
                          HPOS="3562"
                          CONTENT="as the reds &amp; spanish are ready lett them come forward, also, I finde goods"/>
               </TextLine>
               <TextLine ID="region_1638888138890_2977l33"
                         BASELINE="3582,2390 3701,2385 3821,2378 3941,2374 4061,2370 4181,2368 4300,2366 4420,2366 4540,2366 4660,2366 4780,2366 4899,2366 5019,2366 5139,2366 5259,2366 5379,2364 5498,2362 5618,2359 5738,2354 5858,2348 5978,2340"
                         HEIGHT="108"
                         WIDTH="2429"
                         VPOS="2307"
                         HPOS="3565">
                  <String ID="string_region_1638888138890_2977l33"
                          HEIGHT="108"
                          WIDTH="2429"
                          VPOS="2307"
                          HPOS="3565"
                          CONTENT="extreamly deare &amp; bladd in so much that some cloathes are herdelly vendable"/>
               </TextLine>
               <TextLine ID="region_1638888138890_2977l34"
                         BASELINE="3580,2454 3699,2446 3819,2440 3938,2436 4058,2432 4177,2430 4297,2428 4416,2428 4536,2427 4655,2426 4775,2428 4894,2428 5014,2428 5133,2426 5253,2426 5372,2424 5492,2421 5611,2418 5731,2412 5850,2406 5970,2398"
                         HEIGHT="121"
                         WIDTH="2420"
                         VPOS="2357"
                         HPOS="3564">
                  <String ID="string_region_1638888138890_2977l34"
                          HEIGHT="121"
                          WIDTH="2420"
                          VPOS="2357"
                          HPOS="3564"
                          CONTENT="and thought I do my utmost endeavour to gettras much as possible &amp; to dispose"/>
               </TextLine>
               <TextLine ID="region_1638888138890_2977l35"
                         BASELINE="3600,2516 3719,2506 3839,2499 3959,2494 4079,2490 4199,2488 4319,2486 4439,2486 4559,2488 4679,2488 4799,2490 4918,2492 5038,2492 5158,2494 5278,2494 5398,2492 5518,2492 5638,2487 5758,2482 5878,2476 5998,2466"
                         HEIGHT="117"
                         WIDTH="2429"
                         VPOS="2427"
                         HPOS="3583">
                  <String ID="string_region_1638888138890_2977l35"
                          HEIGHT="117"
                          WIDTH="2429"
                          VPOS="2427"
                          HPOS="3583"
                          CONTENT="well of the goods, yett you may vere well imagins that itt is impossible "/>
               </TextLine>
               <TextLine ID="region_1638888138890_2977l36"
                         BASELINE="3580,2578 3700,2572 3820,2570 3940,2566 4060,2564 4180,2562 4300,2562 4420,2560 4540,2560 4660,2560 4780,2560 4900,2560 5020,2560 5140,2560 5260,2560 5380,2562 5500,2562 5620,2560 5740,2560 5860,2560 5980,2558"
                         HEIGHT="138"
                         WIDTH="2432"
                         VPOS="2476"
                         HPOS="3564">
                  <String ID="string_region_1638888138890_2977l36"
                          HEIGHT="138"
                          WIDTH="2432"
                          VPOS="2476"
                          HPOS="3564"
                          CONTENT="to make thatadvantidge which lasely wee should have, and our anckestors ad"/>
               </TextLine>
               <TextLine ID="region_1638888138890_2977l37"
                         BASELINE="3590,2648 3706,2642 3823,2638 3940,2634 4057,2632 4174,2630 4291,2630 4408,2628 4525,2628 4642,2626 4759,2626 4875,2626 4992,2625 5109,2624 5226,2622 5343,2620 5460,2618 5577,2616 5694,2611 5811,2606 5928,2600"
                         HEIGHT="103"
                         WIDTH="2368"
                         VPOS="2565"
                         HPOS="3574">
                  <String ID="string_region_1638888138890_2977l37"
                          HEIGHT="103"
                          WIDTH="2368"
                          VPOS="2565"
                          HPOS="3574"
                          CONTENT="when butt few of a trade, where as now wee finde ware houses in eevery"/>
               </TextLine>
               <TextLine ID="region_1638888138890_2977l38"
                         BASELINE="3584,2708 3703,2704 3822,2699 3941,2696 4060,2694 4179,2690 4298,2689 4417,2688 4536,2686 4655,2685 4774,2684 4893,2684 5012,2682 5131,2682 5250,2680 5369,2678 5488,2675 5607,2672 5726,2669 5845,2664 5964,2660"
                         HEIGHT="110"
                         WIDTH="2411"
                         VPOS="2625"
                         HPOS="3567">
                  <String ID="string_region_1638888138890_2977l38"
                          HEIGHT="110"
                          WIDTH="2411"
                          VPOS="2625"
                          HPOS="3567"
                          CONTENT="towne as well att mons: valencienne: Brussels as else where, where"/>
               </TextLine>
               <TextLine ID="region_1638888138890_2977l39"
                         BASELINE="3578,2776 3698,2768 3819,2762 3939,2757 4060,2752 4181,2750 4301,2748 4422,2746 4542,2744 4663,2744 4784,2742 4904,2742 5025,2741 5145,2740 5266,2738 5387,2736 5507,2734 5628,2730 5748,2726 5869,2722 5990,2714"
                         HEIGHT="74"
                         WIDTH="2444"
                         VPOS="2726"
                         HPOS="3563">
                  <String ID="string_region_1638888138890_2977l39"
                          HEIGHT="74"
                          WIDTH="2444"
                          VPOS="2726"
                          HPOS="3563"
                          CONTENT="here before never where ny mayat ins &amp; where you nothers have st pu lot"/>
               </TextLine>
               <TextLine ID="region_1638888138890_2977l40"
                         BASELINE="3600,2832 3712,2826 3824,2821 3936,2818 4048,2816 4160,2814 4272,2812 4384,2812 4496,2810 4608,2810 4720,2810 4832,2810 4944,2810 5056,2810 5168,2808 5280,2806 5392,2805 5504,2802 5616,2798 5728,2795 5840,2788"
                         HEIGHT="98"
                         WIDTH="2271"
                         VPOS="2746"
                         HPOS="3584">
                  <String ID="string_region_1638888138890_2977l40"
                          HEIGHT="98"
                          WIDTH="2271"
                          VPOS="2746"
                          HPOS="3584"
                          CONTENT="them &amp; thought you supose that providing one will be of no great"/>
               </TextLine>
               <TextLine ID="region_1638888138890_2977l41"
                         BASELINE="3594,2890 3714,2886 3834,2882 3954,2880 4074,2878 4195,2878 4315,2876 4435,2876 4555,2876 4675,2876 4796,2874 4916,2874 5036,2874 5156,2872 5276,2872 5397,2869 5517,2866 5637,2863 5757,2858 5877,2854 5998,2846"
                         HEIGHT="182"
                         WIDTH="2435"
                         VPOS="2742"
                         HPOS="3578">
                  <String ID="string_region_1638888138890_2977l41"
                          HEIGHT="182"
                          WIDTH="2435"
                          VPOS="2742"
                          HPOS="3578"
                          CONTENT="conseguence yett stell you that the least that setts up will be preiuditio "/>
               </TextLine>
               <TextLine ID="region_1638888138890_2977l42"
                         BASELINE="3578,2958 3694,2954 3811,2950 3928,2948 4044,2944 4161,2942 4278,2942 4394,2940 4511,2940 4628,2940 4745,2938 4861,2938 4978,2938 5095,2938 5211,2936 5328,2936 5445,2934 5561,2932 5678,2928 5795,2926 5912,2922"
                         HEIGHT="103"
                         WIDTH="2366"
                         VPOS="2871"
                         HPOS="3563">
                  <String ID="string_region_1638888138890_2977l42"
                          HEIGHT="103"
                          WIDTH="2366"
                          VPOS="2871"
                          HPOS="3563"
                          CONTENT="tous I wonder whij you s that  should engaged yd self tto any"/>
               </TextLine>
               <TextLine ID="region_1638888138890_2977l43"
                         BASELINE="3592,3034 3708,3029 3825,3024 3942,3020 4059,3018 4176,3017 4293,3016 4410,3014 4527,3014 4644,3014 4761,3014 4877,3012 4994,3012 5111,3012 5228,3010 5345,3008 5462,3004 5579,3000 5696,2996 5813,2990 5930,2982"
                         HEIGHT="126"
                         WIDTH="2372"
                         VPOS="2926"
                         HPOS="3575">
                  <String ID="string_region_1638888138890_2977l43"
                          HEIGHT="126"
                          WIDTH="2372"
                          VPOS="2926"
                          HPOS="3575"
                          CONTENT="other &amp; give nnce no notue there off if itt was not for yd perticulars "/>
               </TextLine>
               <TextLine ID="region_1638888138890_2977l44"
                         BASELINE="3580,3104 3694,3099 3809,3096 3924,3092 4038,3090 4153,3088 4268,3086 4382,3086 4497,3086 4612,3084 4727,3084 4841,3083 4956,3082 5071,3080 5185,3080 5300,3078 5415,3075 5529,3072 5644,3068 5759,3063 5874,3056"
                         HEIGHT="124"
                         WIDTH="2326"
                         VPOS="3000"
                         HPOS="3564">
                  <String ID="string_region_1638888138890_2977l44"
                          HEIGHT="124"
                          WIDTH="2326"
                          VPOS="3000"
                          HPOS="3564"
                          CONTENT="intrest i butt that I rekon not yd intrest neither for yds intrest"/>
               </TextLine>
               <TextLine ID="region_1638888138890_2977l45"
                         BASELINE="3596,3172 3705,3168 3815,3166 3924,3163 4034,3161 4143,3160 4253,3158 4362,3158 4472,3158 4581,3158 4691,3156 4800,3156 4910,3156 5019,3154 5129,3152 5238,3150 5348,3146 5457,3143 5567,3138 5676,3132 5786,3124"
                         HEIGHT="128"
                         WIDTH="2223"
                         VPOS="3076"
                         HPOS="3579">
                  <String ID="string_region_1638888138890_2977l45"
                          HEIGHT="128"
                          WIDTH="2223"
                          VPOS="3076"
                          HPOS="3579"
                          CONTENT="is to maintaine trade &amp; not to breake itt which you do if by yd"/>
               </TextLine>
               <TextLine ID="region_1638888138890_2977l46"
                         BASELINE="3602,3246 3718,3241 3834,3238 3951,3234 4067,3232 4184,3230 4300,3230 4416,3228 4533,3228 4649,3228 4766,3226 4882,3226 4998,3226 5115,3224 5231,3222 5348,3220 5464,3216 5580,3212 5697,3208 5813,3201 5930,3194"
                         HEIGHT="119"
                         WIDTH="2360"
                         VPOS="3163"
                         HPOS="3587">
                  <String ID="string_region_1638888138890_2977l46"
                          HEIGHT="119"
                          WIDTH="2360"
                          VPOS="3163"
                          HPOS="3587"
                          CONTENT="assistance you bring many or severall in to itt for then wee finde no"/>
               </TextLine>
               <TextLine ID="region_1638888138890_2977l47"
                         BASELINE="3596,3328 3715,3322 3835,3316 3955,3311 4075,3308 4195,3304 4315,3302 4435,3300 4555,3300 4675,3298 4795,3298 4914,3296 5034,3296 5154,3294 5274,3294 5394,3292 5514,3290 5634,3286 5754,3282 5874,3278 5994,3272"
                         HEIGHT="183"
                         WIDTH="2429"
                         VPOS="3188"
                         HPOS="3581">
                  <String ID="string_region_1638888138890_2977l47"
                          HEIGHT="183"
                          WIDTH="2429"
                          VPOS="3188"
                          HPOS="3581"
                          CONTENT="sale butt amonghst our selfs, &amp; one underselling the other: &amp; the benesall"/>
               </TextLine>
               <TextLine ID="region_1638888138890_2977l48"
                         BASELINE="3596,3408 3712,3401 3829,3395 3946,3390 4062,3384 4179,3382 4296,3378 4412,3376 4529,3374 4646,3372 4763,3372 4879,3370 4996,3370 5113,3369 5229,3368 5346,3368 5463,3366 5579,3366 5696,3364 5813,3362 5930,3360"
                         HEIGHT="138"
                         WIDTH="2364"
                         VPOS="3300"
                         HPOS="3580">
                  <String ID="string_region_1638888138890_2977l48"
                          HEIGHT="138"
                          WIDTH="2364"
                          VPOS="3300"
                          HPOS="3580"
                          CONTENT="coming to little or nothing IK. keepsitt onely to his old freinds, so Did"/>
               </TextLine>
               <TextLine ID="region_1638888138890_2977l49"
                         BASELINE="3602,3492 3719,3488 3837,3484 3954,3481 4072,3478 4190,3475 4307,3474 4425,3472 4542,3470 4660,3468 4778,3468 4895,3466 5013,3464 5130,3464 5248,3462 5366,3460 5483,3459 5601,3458 5718,3455 5836,3452 5954,3448"
                         HEIGHT="116"
                         WIDTH="2381"
                         VPOS="3406"
                         HPOS="3587">
                  <String ID="string_region_1638888138890_2977l49"
                          HEIGHT="116"
                          WIDTH="2381"
                          VPOS="3406"
                          HPOS="3587"
                          CONTENT="whnicheste demonterely, butt you, &amp; nntrand all for every boddy "/>
               </TextLine>
               <TextLine ID="region_1638888138890_2977l50"
                         BASELINE="3596,3584 3714,3576 3832,3572 3951,3567 4069,3563 4188,3560 4306,3556 4424,3554 4543,3552 4661,3550 4780,3548 4898,3546 5016,3546 5135,3544 5253,3544 5372,3542 5490,3542 5608,3540 5727,3538 5845,3537 5964,3536"
                         HEIGHT="142"
                         WIDTH="2400"
                         VPOS="3459"
                         HPOS="3580">
                  <String ID="string_region_1638888138890_2977l50"
                          HEIGHT="142"
                          WIDTH="2400"
                          VPOS="3459"
                          HPOS="3580"
                          CONTENT="whoesoever: nay randael serves the ver shop heepers thick wat"/>
               </TextLine>
               <TextLine ID="region_1638888138890_2977l51"
                         BASELINE="3614,3662 3731,3655 3848,3648 3966,3644 4083,3640 4201,3637 4318,3634 4435,3633 4553,3632 4670,3630 4788,3630 4905,3630 5022,3630 5140,3630 5257,3630 5375,3630 5492,3628 5609,3628 5727,3626 5844,3624 5962,3620"
                         HEIGHT="128"
                         WIDTH="2380"
                         VPOS="3562"
                         HPOS="3598">
                  <String ID="string_region_1638888138890_2977l51"
                          HEIGHT="128"
                          WIDTH="2380"
                          VPOS="3562"
                          HPOS="3598"
                          CONTENT="30„4 serts of goodt te make one pack ott zeems m cals sell"/>
               </TextLine>
               <TextLine ID="region_1638888138890_2977l52"
                         BASELINE="3592,3730 3711,3726 3831,3721 3950,3718 4070,3714 4190,3712 4309,3710 4429,3710 4548,3710 4668,3710 4788,3710 4907,3710 5027,3710 5146,3710 5266,3711 5386,3712 5505,3712 5625,3712 5744,3712 5864,3712 5984,3710"
                         HEIGHT="131"
                         WIDTH="2424"
                         VPOS="3630"
                         HPOS="3577">
                  <String ID="string_region_1638888138890_2977l52"
                          HEIGHT="131"
                          WIDTH="2424"
                          VPOS="3630"
                          HPOS="3577"
                          CONTENT="vele at ussels their trade beginisthere befere ours yett"/>
               </TextLine>
               <TextLine ID="region_1638888138890_2977l53"
                         BASELINE="3612,3816 3730,3810 3848,3806 3966,3800 4085,3797 4203,3794 4321,3792 4440,3790 4558,3790 4676,3788 4795,3790 4913,3790 5031,3790 5149,3792 5268,3794 5386,3796 5504,3800 5623,3803 5741,3806 5859,3810 5978,3814"
                         HEIGHT="145"
                         WIDTH="2396"
                         VPOS="3720"
                         HPOS="3598">
                  <String ID="string_region_1638888138890_2977l53"
                          HEIGHT="145"
                          WIDTH="2396"
                          VPOS="3720"
                          HPOS="3598"
                          CONTENT="I have sold thes morth the bale N. 20 parter all No. 27 &amp; some mond"/>
               </TextLine>
               <TextLine ID="region_1638888138890_2977l54"
                         BASELINE="3622,3902 3738,3896 3855,3892 3971,3888 4088,3886 4204,3882 4321,3880 4437,3878 4554,3876 4670,3876 4787,3874 4903,3874 5020,3874 5136,3874 5253,3874 5369,3874 5486,3874 5602,3874 5719,3874 5835,3874 5952,3874"
                         HEIGHT="155"
                         WIDTH="2360"
                         VPOS="3795"
                         HPOS="3607">
                  <String ID="string_region_1638888138890_2977l54"
                          HEIGHT="155"
                          WIDTH="2360"
                          VPOS="3795"
                          HPOS="3607"
                          CONTENT="spanish ewaths &amp; finde different sale, brutt anextreame "/>
               </TextLine>
               <TextLine ID="region_1638888138890_2977l55"
                         BASELINE="3592,3986 3711,3980 3831,3978 3951,3974 4071,3971 4191,3968 4310,3966 4430,3964 4550,3963 4670,3962 4790,3960 4909,3960 5029,3960 5149,3958 5269,3958 5389,3958 5508,3958 5628,3956 5748,3956 5868,3956 5988,3956"
                         HEIGHT="139"
                         WIDTH="2427"
                         VPOS="3886"
                         HPOS="3576">
                  <String ID="string_region_1638888138890_2977l55"
                          HEIGHT="139"
                          WIDTH="2427"
                          VPOS="3886"
                          HPOS="3576"
                          CONTENT="semitie mony pariene onclose remitt £ 59son janus"/>
               </TextLine>
               <TextLine ID="region_1638888138890_2977l56"
                         BASELINE="3616,4074 3734,4065 3852,4060 3970,4056 4089,4050 4207,4048 4325,4044 4444,4043 4562,4042 4680,4042 4799,4040 4917,4042 5035,4042 5153,4042 5272,4044 5390,4044 5508,4046 5627,4046 5745,4048 5863,4048 5982,4050"
                         HEIGHT="120"
                         WIDTH="2396"
                         VPOS="3983"
                         HPOS="3601">
                  <String ID="string_region_1638888138890_2977l56"
                          HEIGHT="120"
                          WIDTH="2396"
                          VPOS="3983"
                          HPOS="3601"
                          CONTENT="ver pest of 12 uut 2 aso for yd aitt ett 35:5: I hope in seamey"/>
               </TextLine>
               <TextLine ID="region_1638888138890_2977l57"
                         BASELINE="3610,4152 3727,4147 3844,4141 3961,4136 4078,4132 4195,4130 4312,4127 4429,4124 4546,4124 4663,4122 4781,4122 4898,4122 5015,4124 5132,4124 5249,4126 5366,4128 5483,4130 5600,4132 5717,4135 5834,4138 5952,4142"
                         HEIGHT="161"
                         WIDTH="2371"
                         VPOS="4040"
                         HPOS="3595">
                  <String ID="string_region_1638888138890_2977l57"
                          HEIGHT="161"
                          WIDTH="2371"
                          VPOS="4040"
                          HPOS="3595"
                          CONTENT="shall be susamly on cash for mee te pay ges £100: fortny"/>
               </TextLine>
               <TextLine ID="region_1638888138890_2977l58"
                         BASELINE="3594,4234 3714,4228 3834,4222 3954,4218 4074,4215 4194,4212 4314,4210 4434,4208 4554,4208 4674,4208 4794,4208 4914,4208 5034,4210 5154,4212 5274,4214 5394,4216 5514,4220 5634,4224 5754,4227 5874,4230 5994,4236"
                         HEIGHT="123"
                         WIDTH="2429"
                         VPOS="4139"
                         HPOS="3579">
                  <String ID="string_region_1638888138890_2977l58"
                          HEIGHT="123"
                          WIDTH="2429"
                          VPOS="4139"
                          HPOS="3579"
                          CONTENT="accn de helft &amp;export ts nupt mooes tollowangh poste"/>
               </TextLine>
               <TextLine ID="region_1638888138890_2977l59"
                         BASELINE="3586,4318 3681,4314 3776,4310 3872,4308 3967,4305 4063,4303 4158,4300 4253,4300 4349,4298 4444,4298 4540,4298 4635,4298 4730,4298 4826,4300 4921,4301 5017,4302 5112,4306 5207,4310 5303,4312 5398,4316 5494,4322"
                         HEIGHT="118"
                         WIDTH="1937"
                         VPOS="4245"
                         HPOS="3572">
                  <String ID="string_region_1638888138890_2977l59"
                          HEIGHT="118"
                          WIDTH="1937"
                          VPOS="4245"
                          HPOS="3572"
                          CONTENT="whenyonu comtover you know yd bodging"/>
               </TextLine>
            </TextBlock>
         </PrintSpace>
      </Page>
   </Layout>
</alto>
