8262 4636
918 277 2288 119 prijses and of a good shew inclosed is a bill for £375 st att the charge of andre

916 361 2263 93 laneur in London due the 8 next for which please to procure the first accepted bill

943 423 2165 85 which is in handes of I ames versprect in London which please to demand & the

934 448 2233 138 valew when due & pass to my acctt. giveingadvise of the receipt here of I have imployed

919 534 2308 132 all I could to make you this remise that so you be the better able to drive the concernis

893 609 2241 165 for ward because wee want goods here, so pray endeavour all you can that wee

934 660 2199 148 may have att least the bayes aboard the first vessel that parts for ostend and if

925 769 2213 127 possible three packs of cloth as you writs: butt provided the cloaths should not

951 824 2275 110 come in time, so order them to be shipt for Rotterdam to my order pray be not

930 898 2116 134 bachward here in as last yeare for wee should be att aloss: you say that you

916 928 2282 166 thought to have been the beaver of yd letter, I could wish itt had been so thought

939 1030 2237 175 you say the season of the yeare to be fars spent itt beginnes onely may is the

934 1096 2195 165 best time of fyare if you please to come you will be most hertely welcome

951 1164 2181 145 whilst I remaine observe that clothes ovely may be shipt for Rotterdam

932 1232 2147 166 Bayes & kersijes for ostend & in non butt English or duth vessels dutih

2433 1343 488 122 24 may 1680

955 1387 508 96 & meam Stollanter

675 1414 798 149 London Henry Maynard

948 1430 2142 202 Sr. the 21 curitt wrott to you bj way of new port & yeasterday by way of

959 1500 2088 161 calais, to given you notice of what past att zea with the brandenbourgh

957 1570 2149 168 Comissioners, yett I hope you had the new sooner, that so Rochue lamere

957 1648 2238 180 may be kept eack att least given warning before he be att zea: my desire is the

946 1728 2124 154 goods for us on his board may betaken out and resschipt abourd an english

947 1781 2163 205 wessel for ostend, flusing or Rotterdam, as also the bales N. 23 & 24 which

952 1877 2204 170 were not be shipt for ostend aboard english vessels & the cloathes may come by

965 1943 2233 175 way of Rotterdam to divert the risie of the sea I do much longto heave what

957 2033 2199 183 past, god preserve as from loss inclosed £100: on John Lambe & £55:7:1:

945 2089 2219 172 on piere midy att 2 uso for yd acctt. att 35:6 I could gett no less, so thought

955 2165 2217 169 best to dilay no longer I shall continew a remitting god willing to prevent

946 2278 1571 132 draughts on mee & so remaine with kinde saluts

2501 2306 426 128 24 maij 1681

699 2347 808 166 London Will Scawen

970 2338 2225 244 S. my last to you was on the 20 curitt sence non from you mr. rots hath

960 2457 2133 190 made an aggrement for six houndred guil besides the kings dut ils &

959 2503 2192 196 other Charges, and where as there must be given aggreation of the governo

966 2576 2149 202 so have not yett the goods here, though they be much wanting I uust

945 2637 2215 192 desire you the favour that in case any body should in gulre from

971 2700 2221 201 you, if you have any laces from mee, you please to tell y what you

939 2781 2247 235 shall thingh fitt, if onely you manctaine them to be for yd acctt. other

962 2862 2149 205 wise itt might be a lreat preiudice to mee in which I depend upon

983 2991 1063 133 yd discretion, which I remane

2154 2956 1047 212 In Antwarp a 4 mij 161681

690 3076 1213 138 London Henry Collier

972 3075 2147 197 Sr. I have before mee both yd of 2 & I curitt, accordingly to the first have

953 3157 2209 188 accepted yd bill for £50 att 36 & past to yd acctt. - in the latter I perceaice

960 3237 2247 198 the continuancy of yd a grat inclination in mij behalfe, for which returne

954 3317 2092 217 you my most kerty thanckes & be confident that whom soever you

963 3351 2212 240 recommend mee to shall finde that their exspectation shall be in corridged

962 3507 2171 130 them more in north hath wrott mee the last post & I have answered him

971 3557 2221 170 that time would permitt mee to write, butt was not in formied of the prjse

972 3638 2205 169 of ar das silk which is about ƒ4: a pound up on Rabate of 12 pc ready

969 3718 2231 156 mony and aprind is 16 oun ces of which 23 makes a great poundenghet

966 3801 2163 141 the ordinary calculation beeng am english center to be sobet antwarps

977 3861 2138 178 theraw silk may come in without paying any custaine or du tyes

988 3961 2212 149 which pray please to accouaint mr. north & you will oblige mee yd pack

978 4042 2214 175 of cloths is shipt about rochus lamere: I do not doubt butt you heard

976 4139 2215 138 that past att zea with the brandenbowgh comissioners which take all

963 4224 2248 211 spenish vessels they can gett & as much as I am in formed is suid lan

955 4349 2127 164 lamere still att grave sand which I hope is so where fore pleake

5865 250 75 58 64

3604 275 2341 129 do take out yd pack & shipt itt aboard an Englhsh vessel for ostend, or Rott

3618 359 2274 149 consigned to my order for yd acctt. as for TH I hope to have mutter of

3625 419 1204 127 writing pr first which I remaine

3361 476 1051 128 Gent Trancois Herrebout

5030 497 914 112 In Antwerpen 26 may 81

3618 539 2314 179 mons. hier desen in gesloten tolbrief gelieft Rogier vandewalle ter

3620 662 2269 108 hant te stellen, ende mij te adviseren als wanneer den selve costij

3621 742 1711 112 gepasseirt sal sijn terwijlen waermede blijve

5194 734 678 129 Antwerpen 26 may

3350 810 2614 143 Antw ontfangen van monsr. Lauwereys pauwels als momboir over de minderiarije kinderen

3613 877 2330 97 van wijlen george shaw sestien gule voor soo veel Jan Jacobs tot Brusselmij heeft

3617 954 2258 128 af gekort op de pertije lakens den sterfhuys rakende verkoght aenden selven Jacobs

3614 1029 2279 126 1679: in gb ende door mij ten vollen betaelt aenden voornomendens pauwels

3629 1109 1268 102 volgens guis daer van gegeven

5347 1119 279 144 26 may

3367 1164 906 155 Brugge Reephael Coots

3622 1202 2304 195 smons. 23 deses was aen ul mijnen lesten sedert den ul van selve dato bekomen

3611 1280 2339 192 sien Rog vandewal tegemoet, aen boort den selve N18 & 31 ick meijne N. 20 mede

3626 1362 2315 167 aen sijn boort was maer soo naederhandt verstaen is geladen aen boort Rochts la

3607 1430 2274 148 mere alsoo N. 22 boven dien HCN.38 met ½ spaense lakens godt geve dat

3610 1480 2297 204 hij mach gewaert schant sijn bij tijts op dat hij niet af komt voor dat wij meer

3611 1562 2295 175 versekeriige hebbe & bevrijt sijn tegens de brande boargh commissie saeders

3618 1676 1826 132 waer daer deswegens passeirt vernemen met verlanghe

4956 1677 848 168 In Antwerpen 26 maij 1681

3346 1726 1194 160 Amstor De Hulter & van Homright

3618 1775 2310 200 mess in antwoort aenden ul aengename van 23 deser, sende hier beneffens

3619 1882 2331 142 ul Rek van de leste 33 vatten boter d'accort bevindende gelieft mij voort oort

3611 1988 2249 116 provenu te debitteren hadde gedacht volgens ul scrijven dat in mij sout

3613 1944 2335 219 hebbe getroken de welke ul in contrarie ordonneereude soo wert sonder foute

3623 2059 2256 190 pr naeste post dagh int geene in casse ben geremitteert de welke heden

3623 2102 2319 203 vermidts de pincecr dagen, niet kan geschieden soo ul noch meerderboter heeft

3609 2202 2318 190 af geladen sal mijn debuoor tot ul advantagie continueeren, soo het weder

3616 2265 2274 177 nu in drooghte continueert, moghten den prjs wel merkalijkrijsen

3611 2328 2304 203 gelijck al reede in onse in lanse is geschiet op leste vrijdagh als wanner

3608 2389 2314 188 het graen oock is geresen progoverno  wat de wolle belanght daer

3607 2458 2337 199 is seer goede keniese toe noodigh oft anders kan veel bekoght wesen als de

3602 2563 2288 167 2 balen eerst door ul gekoght nu gewasschen sijnde vallen niet wel en

3608 2605 2336 231 sijn niet meer als soria delos cavalleros, maer niet segouiana gelijk

3602 2710 2333 180 die aen ul is verkoght, het stael N1 ilest gesonden en is geen segoviana maer

3603 2807 2305 139 noch sleghter als de voorgaende, en van de super fine segouischen en is naer

3604 2860 2320 151 N.2 die mij kan dienen, en soude die noch niet al derven koopen, ten

3602 2915 2314 164 ware de luyden een bael wilden laeten uyt nemen voor een preue de w

3594 2993 2296 174 dan soude ingeten vallen volgens het stael hier gewasschen waernae

3606 3086 2257 156 ul kan reguleeren ende een koopende nae rredael afladende aen

3618 3162 2297 137 lauwereys ka inden prince van luyk geconsigneert, al in de kennisse

3620 3247 2304 162 vande wolle niet erwaren sijnde, kan ul een laken maker gebruyken & sijn

3596 3318 2287 148 moeten betaelen want de makelaers maer gelt soeken te verdienen

3584 3431 2288 105 hoe het oock sij, en ick sal goede pertije s jaers noodigh hebben, doch meeste

3594 3486 2352 150 puycke segoviana, ende pujke gemeiyne pin. segovische, die vljtigh & sterok

3590 3577 2327 139 is, gelijk de lake makers ofte de verstaenders wel sullen te kennen gevene

3603 3679 2322 102 geseyde sorix segouiana en gemeyne pm. segouische sijnde om colleure gemenge

3594 3725 2344 165 lakens te maken oversulx ist noodigh dat de sejouische volhandigh sterck

3604 3818 2251 161 & veijtigh is van 31 a 32: a 32 ½ st soodanighe eenigh bijder handt sijnde

3596 3907 2323 129 gelieft monsters te senden in een cleijn pampier sackiers om ider soorte

3590 4010 2275 130 ten minste een once, ende dat p post dan sal aenstonts konnen

3602 4101 2292 125 gelouneeren te koopen, ick bidde u gelieft hier over het uytterste beste

3608 4188 2220 130 te doen om mijne advantagie waer te nemen want de conscquentie

3607 4264 624 128 grooter sal wese
