8460 4642
2140 178 828 148 Antwerp 25 auy 1682

835 180 1014 141 brussel ber nard vanden cloosten

1078 282 2298 145 mons in antwoort aen den ul van gisteren, en sijn de diche swaer bayen

1075 348 2299 127 noch niet gecomen, maer verwachte die alle daegen hebbende een schoone

1053 410 2367 155 sorteringe onderweyer, hebbe goede witte frisuerden maer geene roij alhoewel

1073 524 2251 122 binnen 8 a 10 doegen een pack engelse ray frilaeden sal hebben van

1065 587 2269 99 weste carsegen ben wel versien, waer het gaken dat ul set noodigh

1076 690 2300 113 hadde sal al sar wel dienen daer en tusshen verwacht tussen dit

1058 756 2305 93 en 14 daegen wel 25 packen met alle sorteringen, soo ul soo lange

1076 853 2339 110 can uyt stellen sal alles vers goet hebben nochtans ten present seer

1060 932 2372 114 wel versien, hebbe de vrijigheyt genomen van om op ul te bewijfen 9:300

1074 978 2332 98 te betaelen aen mons Joseps Sabberton ngevolgen een triefken hem

1057 1070 2372 80 mede gegeven ift bij ul al dien het ue gelegen was al waer het bine

1050 1140 2363 112 5 a 6 daegen ul sal mij vrint schap doen doch comt het ue niet

1060 1234 2363 142 geleven soo gelief het te ontseggen waer in ick ul can dienen gelieft

1050 1299 657 127 te compranderen

827 1392 1002 159 brussel seger vander borght

2214 1398 783 163 Antwerp 25 aug i681

1049 1509 2313 171 mons hebbe gosteren aen ul een blay laken gesonden per bode volgens

1058 1598 2326 177 ordre, de welck niet en twijffele oft tis ul tot contensement geworden

1047 1673 2383 169 hebbe alle packuijsen en winkels afgelogen ende niet eenen bay volgen

1052 1775 2324 133 het stael ionen vinden, alleenelijck den medegaende lap van a

1048 1831 2374 188 9½ can ul sich daer mede bedienen gelieft dat te doen men candr

1060 1910 2336 200 noch doen toe verven, de sie willen die 16 stuyvers per a vercoopen

1043 2043 2365 155 waer in ick ul can dienen gelieft mij liberlijck de conmandere

1041 2098 972 175 blijvende naer groetenisse

818 2149 730 192 London Henry Maynaid

2912 2207 368 136 C 26 aug

1046 2296 2322 154 mij last toyon was onsle 22 curtt with a bill for £100- onP. d. Cohere

1060 2399 2313 205 for yd acctt sence non from you, so shall in large upon yd of 7h, I lave

1040 2564 2308 135 given you creditt for my slare in the goods shipt, I could with they were

1041 2634 2280 149 arrived, for I do much want every thing, I wonder of klercls stay

1008 2701 2376 166 I beeng so backwards in tle GN. silver mareq feare will make mee a looser

1036 2847 2342 166 of the customer. If you dave bought one bale of cottons more of 23 a 24d

1035 2976 2353 135 please to proede one more assorted from 18 tot 22 sence butt non eeceding

1018 3065 2376 167 22, for I finde that sort well bought renders best, though Icoffitt

1030 3183 2387 159 cottons is butt small, yett wee must have itt, amonglst the spanish cloathes

1049 3258 2369 191 desined please to provide 2 blews of the inclosed cullor one an ey lighter

1023 3382 2382 167 then the other not acceding 6 p a y, nather under, if you have any spiculatin

1037 3463 2340 201 of packuhites using, I would desire you to buy of each sort 10 p isteed

1043 3585 2346 160 of 5 as last dosired, yett 5 of each to come f vere first, I doubt the worster

1027 3701 2376 157 frises shall nott sell this yeare, as upon other yeares they did, wsoever to assort

1040 3771 2381 174 them now by mee please to send 4 deune p. made up in 2 of a lovely drapcullon

1041 3880 1502 151 not darcker, butt rather lighter then this

3467 194 720 140 London Abram 7vian

5267 238 824 133 C 26 aug 1682

4562 275 185 115 Ick

3641 327 2439 149 mij last to yon was antle 19. cutt. sence recd. yd of 11d. I hope for Gods sake

3651 379 2386 177 that the bayes & kersies, & some cloathes of each sort will come by smith, or

3645 520 2441 162 ele wee au unden, by ydt waiting, you make mee feae the woist for smuch

3640 570 2348 197 is to saile by the  curtt full or nott full & I lave now not bayes nor

3634 706 2441 138 cloathes resting that can serve mee neither any 30 yd heries, I can finde

3651 776 2392 170 no reason to complaine much of cotter, & I bonst know, why se should

3638 883 2420 173 not buy kerstes bederthen them wee least receaved: now I'll see, in the goods

3640 935 2418 208 naw to come what ience forward to do, I hope the light or white grayes

3628 1025 2428 207 an made, & could with to have them here, for I should sell them, I cam

3650 1144 2381 188 say nothing of the new man till I see the goods, butt they patt. do not promise

3652 1222 2376 215 what you exspect, yett I shall be ver gledd weer wee can finde out the best

3642 1314 2350 213 way, to proceed & continew in our trade, butt above all you must be expedient

3626 1411 2381 196 & leave not the wae souse un assorted as now I am. I do expect to know

3633 1554 2145 152 what passes with much opatiency, for I feare to loose my customers

3605 1625 2450 199 I am Bartely sorry to see the packett n°. 10 seased, yett lope that you shall

3643 1715 2352 198 be able to buy att for a small matter, of which I shall much long to

3643 1818 1369 111 know the succed, as also of other concenner

3477 1892 755 151 dubln Elnatan Luim

5527 1909 400 172 C 26 aug

3643 2011 2382 192 my last to you was on the 22: past jenee non fhom you, the laces you orde red

3645 2133 2397 118 shall be ready this week, of wsich I shall send you the invoyce, oo the

3636 2233 2410 179 meane iw bile n sole hath no order from you so accept my bill when fore

3625 2291 2435 190 pray advise di the needfull, that when I draw my bill susters no dis grace

3625 2434 2435 159 thare is no opprtunitie of shipping att ostend or Bruges for dublin, so shall

3633 2532 2101 167 send itt in 2 packet by way of Rotterdam according to yd ord

3477 2560 532 170 Londen Joan Loyd

5463 2661 318 128 C 26d

3642 2699 2413 239 I have a presty assortment of lace for you ready here which I Intinded to send

3635 2852 2403 155 this post, butt iust now receave advise from dover that, one of themen wee imploy

3625 2949 2411 167 there dath be rayed 27 pacquets with last post, so that I dar send non more

3639 3009 2367 216 that way till further order of my correspondents whee fore slought good to

3621 3149 2399 187 advise you this, that you please to give mee yd opinion, & f I shall send y

3615 3236 2425 181 by long sea, or how. I have this day taken the lberte to draw on you

3615 3356 2434 152 £114:1:4 t att 34.10 ats 2 use payable soshe ord. of m Henrij Willinghton

3636 3446 2379 179 for which pray give due dnow. I am comised this week yds tykes, which

3631 3531 705 153 shall follow alsoe
