8508 4615
2388 213 904 83 Antwerpen 25 sber 1681

755 232 958 134 Brussel mons Jean Gand Budier

937 356 2179 122 mons. prnere van mons. Henrij furnesen van londen seynden desen tot ul. dienende voor

971 423 2246 127 advijs, als dat icq voor hem aen ul sal beser ƒ 158 1600- naer dat ul mij sal geadviseert

975 513 2231 112 hebben hoe veel het niete montant is, het geene ul voor hem sal hebben gepen

966 625 1054 106 welcke diene voor ul gad. van ad

2583 623 573 123 a 26 ot 1681

749 654 822 142 Brussel Antonio peeters

954 689 2325 166 monsr. Ick kan mij niet genoch verwonderen dat ul al willens, sijn goederen

964 794 2273 134 laet verloren gaen & ul saeke niet assisteert mons. langhter van

952 853 2306 150 london sal de goederen niet begeiren, soo noch lanseer getardeert word

970 954 2187 120 oock wille ick een eijnde hebbe alsoude ick selfs de goederen & stulden

972 988 2273 132 in de crifie al hier consigneeren & mij voorderest expuseeren oversulxx

985 1006 2299 198 rade icku als vrint delayert niet langer & comt overtegens sondagh alceurd

980 1079 2275 203 sijnde 2 steyligh dagen dat ul niet kan verleten  & brenght mede de

2642 1140 581 148 @ 26 gb 1681

1003 1213 1062 117 grocuratie van ubroeder

733 1286 792 115 Brussel Stepa. Kints

974 1226 2293 212 monsr. De ul van 20 & 3 deser wel ontfangen wegens het carmesijen pack

964 1310 2245 193 laken en is noch niet te voorschijn gekomen nochte bij volnelinx nochte

982 1361 2235 244 emant anders oversulx soo het selve verneme sal het u wedersenden hebt

984 1398 2279 238 pack op stallevertreckt morgen, wegens ul deventer bay groot frisaert

987 1474 2284 240 referre dat aen mons. govert ververs, want hij den koop heeft helpen

994 1549 2231 223 maken & wet hoe het selve moet sijn, de ncke ul niet tegens de

1002 1642 1981 203 redens iets pretendeert waer in ul voor kan dinst doen

2710 1703 483 130 @ 26 dd 1681

751 1784 776 140 Bredael Reaureijs Ka —

981 1808 2296 203 ick hebu 2 leste brieven wel ontfangen, en daghte voor nu van amsterdam

990 1864 2290 179 al wol soude hebben gesteirt, maer die is mij daer wat ontvallen soo sal de naeste

1008 1956 2258 162 weeke in baele senden bij al dien van Amsterdam geen komt, ick hebbe

1003 2058 2254 127 het laken N.6 ontfangen maer dat scijns soo claer niet te syn gevolt als

988 2090 2186 154 het eerst N.1. debree leijften vallen noch wat te veel gelopt aendeynden

1007 2148 2270 199 soo dat de leysten daer noch wel dienden wat liberder tevallen, ick wenste

1006 2219 2305 187 wel dat ul hier woonde, want het verre aff is ende d'ongelden vallen noch

1006 2282 2265 178 al groot: ick heb ul coleur gesien, maer de mengelinge bevalt mij niet wel

991 2361 2241 165 dat ul hier woonde, u scoone vader soude i konnen leeren selfs verven

1002 2485 2245 141 gelijk hij aen matthijs peeters heeft gedaen laet de lakens die ul voor mij

1013 2521 2183 156 maeht naer leyden gerolt worden tot naerder order a 29 sber

766 2626 776 127 Leuven Joan De Goede

986 2637 2288 174 hebbe op 23 deser aen ul het noodigh geadviseert, wegens de witte  laken

1017 2691 2278 209 pack lakens de welke om het neet weder niet konnen gaccommodeert worden

1023 2762 2272 206 sedert ontfangen den ul van 22 deser waermede ul versoecht een kortquart

1020 2836 2228 194 Engels lakens van 7 18 soo leege prijsen hebbe nmet geen deiinste sijn

1027 2916 2218 161 van 47 a 48 st ten waer ul een dosijn breet leyst begeirde van 42p delle

1013 2989 1962 153 d'welke op ul ordre u geirne sende waermete naer groet

2724 3004 468 148 a 27 b 1681

768 3080 772 141 London Michiel peeters

1035 3124 2189 168 monsr. volgens voor desen pr mijnen lesten had geadviseert soo soude de lakens

1048 3202 2226 141 al hebben gesonden, maer u broeder en antwoort mijne brieven niet nochte

1033 3267 2194 143 en komt niet over omonse saeke te advisteeren, waer over mij niet geno

1034 3321 2273 178 genoegaem verwondere nademael sijn intrest daer van soo veel dependert

1025 3410 2264 165 ende ick bereiydt ben alles te effenen, oversulx, kan ul hem daer toe niet pramen

1014 3460 2298 147 om met mij een eijnde te maken soo magh ul afwaghten tgeene mr. slaughter

1027 3558 2197 139 doen sal want: scoon ick ul ordre hebbe, soo nochtas moet ul broeder

1047 3620 2197 160 daer overstaen als mede beneffens ul geinterresseirt didt dint ul voor goven

1043 3709 2177 134 terwijlen u spoedigh antwoort verwagte blijve @ 27 ditto 1681

816 3795 823 141 London Arthur Amislay

1043 3826 2267 162 S. my last to you was on the 20 curitt, sence are our goods not yett come up fortrait

1059 3895 2227 157 of waters, butt next week they are here exspected when I shall endeavour to make

1046 3976 2224 132 the most of them in closed remitt you £50: on Iames Busk att 35:5: for

1049 4036 2196 155 yds acctt. for which please to procure the needfull & note accordingly - I have

1045 4125 2233 103 thought good to accquaint you that our flanders laces are extroard nary

1061 4188 2152 116 cheap here that imdese you would apply yd self to itt you might make

1060 4248 2215 128 great propress there in, & gett much mony there is sir thomas stampps tath

1037 4327 2242 92 seen itt above 20 yeare & certainey made good conquest by them: I have

1053 4379 2076 104 been imployee in buymp of laves ever sence I oras last in England

3558 201 2360 104 andam now come to aperfect understanding of that some, so that I may

3565 264 2369 109 vere well assure you, that no man canprovide better goods & peny wort hs

5745 315 155 56 p2

3553 361 2324 73 & am sure when they are with you, that you will advance 20 a 258d

3554 397 2372 100 & I rekon you much fitter for trade that trade, then any gett I serve

3548 454 2414 101 therefore I could advise you to make a tryall of one or 2 par ketts, each

3558 532 2372 97 packetts Beeng about the valew of ƒ400: aƒ500:- guilders which I cav

3571 595 2369 76 vere well assort, knowing, what is dayly most demanded in London & tis

3564 673 2378 51 now the best time of the yeare to have good goods & cheap there fore lett

3561 690 2341 96 this my advise, be also a persuasion & give mee yd speedly answer for

3546 718 2433 156 I am Certane you will iclarge itt haveing made the tryal & so remaine

5655 800 106 59 Jos

5385 794 590 129 a 27 t 1681

3391 829 721 141 London Henry Maynard

4471 838 195 105 th d

3572 868 2402 150 S. my last to you was on the 20: curitt. sence recd. both yd of 9 & 12 ditto I do exspect

3569 936 2428 132 the 6.N silver marck cloathes as soone as possible have given you breditt for my

3564 994 2297 129 half share in the frises & I wanshins bayes as also the bayes shipt att Hull, my

3557 1050 2428 140 thanckes for yd providing of the pen knifes & stockings, butt you do not note their

3563 1116 2403 142 cost the 2 bed tjkes go for ward to day to be sent you pr vere first: from

3564 1217 2357 69 bruges itt beeng 1½ I seal & 1¼3 seal bed tijkes which will lost ½ 3 seal

3565 1214 2388 156 aƒ26: - and the £ 2 seal ƒ14 free abourd att bruges: so plase to gied yds,

3564 1289 2396 138 acctts creditt for the valew ƒ40:- mr furnese hath been here & hope will

3570 1395 2374 91 be with you as soone as this, he lath leest mee order to pay about ƒ1600:-

3580 1383 2412 166 which will be don accordingly & when I know the neett summe shall advise

3589 1472 2397 159 you to be noted in my creditt the goods from bruges are not yett come in trim

3571 1517 2403 163 our sale is not considerable so that I finde no neet to in order much except

3571 1614 2410 123 what lately I wrott for, yett seeng the goods, begin to fall, hope will come

3554 1658 2386 157 lower that when you finde the best time I might proved to provide some

3580 1724 2335 140 parcell, so please constantely to advise how the markett doth rule for

3554 1755 2446 146 northren goods, shall send you pattarnes to provide a bale or 2: mr. Thomas suittes

3546 1842 2449 153 doth indifferent well butt stuck mr. parrson doth as well, & aldermanlykes

3580 1904 2402 142 better, of which more when I see you for till that time I thnck to in order

3567 2019 2387 104 little or name then goods & so with kinde saluto I supose the ƒ1600:-

3573 2048 2353 122 to pay for mr. furnaise will satisfye you for this weeks remise thement

5368 2094 436 128 @ 27 ditto

3589 2122 1070 105 shall continew to you direotelg

4257 2180 218 87 th

3392 2162 687 133 London Henry Collier

3577 2165 2415 157 Sr. In answer to yd of 12: curitt I have sold most part of yd cottons butt cloth dothlije

3578 2244 2404 138 by the wall, I odo not beleave that trade ever was so badd in the de countreys in the

3576 2308 2391 136 time of wares wee hadd more mony & much more demande butt the generall

3564 2350 2366 161 best is to be prefend the bussynes of Tft. are bpought to extreamitie, for he

3586 2412 2273 146 is onee exceuted, so that he can betaken where they finde him butt bickely

3578 2451 2406 184 yeasterday desired to know if I was not the mane that menaged the bussynes

3571 2547 2314 139 & what I had to do with itt: I could him that itt was Herreyme that hath

3578 2579 2382 162 order & power to do & leave as he shall thuck convenient & that I have onely

3579 2655 2333 137 order to nay the charges, butt that I hoped, that m. hart opp should pay both

3569 2716 2416 157 capitall & charges, att which he replyed that he should do itt, butt wants fime

3587 2782 2332 147 & that bichley he him se intends to see you saddamly, exspecting Roger

3567 2842 2367 167 Jones from Londons with whom he will come over in the meane while

3586 2924 2394 153 paywrite yd order fully to mr. Herrince that he may shew itt TH

3578 2955 2362 180 & that I be not suspec ted in the bustynes. the bill of LK shall be accepted

5446 3032 444 129 @ 27 ditto

3579 3081 1174 94 & noted to yd order which I remaine

3399 3126 781 131 London will Scawen

3594 3100 2393 195 Sr. my last to you was on the 20: curitt sence recd. yd of 12 ditto the bedityhes

3587 3193 2364 166 are al toghether foulded & don up in papers ready to be sent forward, yett shall

3580 3270 2355 153 endeavour to make in each bale some duble peeces, noth how they are ordered

3590 3299 2399 207 & shall send them you within 3 or 4 dayes, they are all pure good goods shall asso

3569 3387 2344 166 abate what possibley I can to continew the trade my next shall as to

3581 3461 2376 161 carly a note how to dye the salempores butt the 3 bales of lony cloth may

3592 3505 2400 183 conce haw, so asthey are bought, I have sent you one packett of laces, the second

3585 3582 2397 153 is one itts may which pray make the most off & Ill sendno more for my owne

3602 3653 2387 160 itt is principally, that now you might see what I am able to do, andingloys

3590 3759 2369 110 mee as well as others in case you finde in corridgement, of which wee will

3596 3857 2308 88 discours more when you come over: ietrii hope N8 N. 3 ftuil

3595 3927 2037 104 time in yd handes of which exspect yd advise & remaine

5531 3908 388 130 @ 29 ditto

3434 3955 738 124 London Abram vivian

3591 4026 2291 97 Sr. my last to you was on the 20: curitt sence recd yd of 9 ditto I do not doubt

3588 4119 2336 60 butt the packett N. 19 are with you before this time the goods fromaboure

3588 4126 2324 142 smith are not yett heree they beeng detaineed for want of waters att bruges

3579 4195 2336 150 yett exspect them next week I do exspect also yd advise of the re

3597 4313 2405 83 of our goods beeng shipt my next shall larry patarnes for a bale of dosus or
