7975 4581
2126 162 901 130 In Antwerp 11 feb 1681

504 161 802 134 London Will Kawen

2034 209 130 92 th

776 243 2372 121 Sr. I have before imee both yd of 24 & 28 pass tis good you finde my acctt

723 323 2363 130 right & that you have noted accordingly I am glad the bale of tykes N.9

772 397 2278 140 is well arrived, I hope itt shall give good content & incorridgnent to

766 466 2374 132 in order more of which if you would any assortement more tis now

755 572 2371 99 the time that they are brought cheapest because of no demand, and

757 628 2327 162 all rivers imnanrgable, which apportunitie I have not neglected &

764 735 2350 163 brought now & then when I found a good penny worth, so in case you

752 825 2302 163 might want any more gove yd advise before they begon & Ill

764 929 1804 159 do that you shall finde no reason to complance

756 1041 2303 140 as for our callicoes trade I be ginne to be fully accquainted to

741 1141 2382 111 severall cu so that I hope to make noless then 10 pc & neare

750 1255 2321 96 2 returnes in a yeare I observe what you say about N. 2 att 31:6

759 1320 2372 189 longcloth that they be much whiter then N.2 att 29: 6 our peeple

755 1413 2359 142 would rather have browne if they were to be had for the came price

749 1514 2366 123 for they do not valew the whithes butt goodness because they gett

738 1596 2376 185 them dyed hereso wee must goto all the lowest prijses altought

751 1740 2386 97 not so white, if butt fijner broad & long & not so cours - slake not ice

758 1813 2350 98 that the east india sale is ordered 8 marck next towards which time

766 1892 2341 132 shall exspect yd memoriall & sell off all I can here. if butt our rives

746 1989 2371 109 were open & that out towne customers come in I should quickley

755 2052 2371 120 dispatch this parcell which I supose whoever to have disposed off before

766 2175 2351 117 any of next sale could be here the £116:23 for yd acctt. I have accepted

759 2245 2315 84 & the £94 att 35:10 for my acctt. & noted accordingly. as soone

754 2314 2291 140 more mony comes in shall be sent you without faile intending p

744 2404 2368 135 first to remitt some because you drew att 2 uso for yd acctt. when

736 2477 2360 135 as I have come ready in case you desired a mite of imagery guild

739 2558 2341 133 leather hangings, yd meaning I do very well under stand & doubt

758 2648 2332 172 not butt shall performe itt to content itt beeng putt aworck this day

753 2748 2321 121 of a roman hettory, as soone as ready shall be sent to order & oren

2107 2840 860 144 In Antwap 11 fed 1681

475 2804 991 174 London Henry Maynard

1797 2931 104 119 th

738 2990 2375 145 S. my last to you was on the 8: curitt to which referre you, sence red yd of

746 3056 2324 160 24 past, shall exspect accordingly the fijnest desired cloathes p very

742 3157 2329 107 first whilst in the meane whil my take noticd of a pack spanish clout hes

761 3257 2308 156 aboard the slower pott lodwich devos, which I supose is a binlander so

761 3361 2300 150 I tinck itt would not be amis to write in the bills of loading to be foo yd

749 3450 2376 146 owne acctt. neither will itt be advised to venter to much in one binlander

759 3572 2284 108 because the feare for the serinde bourgers is not yett over necertheless

749 3673 2259 152 the whole men agement of that is left to you, for you are as well as I

747 3768 2280 163 concerned & I want expedition in hopes of a good sale towards spring

746 3864 2351 125 mj ½ in the bale M„NI have past to yd creditt, itt will be well not

723 3997 2396 152 to alter the mumbers of the goods though them of the packs you do whichs

748 4084 2344 169 doth fignifie nothing butt in a goods they mayen come to: 1000 I find

749 4217 2326 161 this bale N.1 well assorted &there breing 6 grijes amonght so itt will

3485 208 2426 102 Be enought in case all others following packes do cont 2 or 3 grays & the

3509 288 2369 91 rest mode cullours as desired, butt not to many browne to thether, butt

3502 342 2389 108 rather to assort each bale with 2 or 3 grayes 3 browne to goether modeculs

3517 428 2257 105 4 lighter & 3 drap cullours of a light al easant mixture agoverno

3490 487 2407 120 til well what you did about the goods from the north lett yd freind the

3504 576 2395 147 have their owne time: I observe what you say of the colchestes bay to

3503 657 2407 112 be a 52 if acolchester ell be no longer themours, so tis well for itt

3518 740 2374 107 hold here about 52 of our ells & no more & up on the lead of yd packe

3499 852 2338 78 is noted 37 yd which aggrees with our imeasure wherefore there

3507 901 2366 128 must be amistake att yd side or elce wee must loose much by said

3507 987 2366 98 bay I can send you attestation that he is still intire & no longer

3512 1055 2383 166 so ende avour to gett abated, or elce wee must loose much by sditt

3494 1145 2288 133 I doubt not butt you have the acctt before now & to content, our

3500 1246 2345 132 licentes & iustondes ane much diinisshed & puslished this week

3498 1307 2367 132 so that wee shall not pay above ⅓ part on northren goods of what

3506 1432 2405 125 before & much less on spanist then formerly, which will case out

3496 1495 2403 147 gaine to wards which shall apply kence for ward all I can to advandd

3473 1579 2432 137 more & more, beeng god be thancked now well knowne & in the trode

3495 1630 2400 172 I send no acctt. of sale of last month because no t so con siderable

3498 1754 2367 116 where fore shall in coudefled. & send both att yd ende as to the

3508 1812 2370 157 providing of pack whites, soas you approve best for ourod van tidge

3498 1922 2400 104 for the lowest prijses will be the most wel com& profitable the frises

3503 2007 2388 136 out of Ben clarck are with mee & disposed of 6 of y hope to putt off

3501 2097 2388 115 the other 2 also, & then to lett y. come fleep till next yeare wee are in no

3503 2153 2400 131 small ap rekension of frensh disignes butt I hope if pleased god he

3495 2201 2408 182 will leave as yett oneyeare attrest, other wise itt would not so well

3502 2272 2369 186 answer exspectation I have recd. the stockinge also so as desired pleased

3485 2390 2399 146 to pay m. salderston the mentioned £15:12 st you will oblige him thatrelt

3257 2423 961 153 London Abram vivian

4827 2495 946 142 In Antwar 211 fed 1681

3506 2518 2394 192 sir mj last to you was on the 4curitt, to which referre you, sence rec both

3964 2619 76 72 h

3489 2615 2390 175 yd of 24 & 28 pass yd bill for £150: drawne by mr. cole I have accepted

3492 2713 2404 100 & pust to yd acctt inclosed remitt you £116: 13„4 an tbra hem

3486 2804 2387 139 beake for my acctt. which please to gett accepted & the needfull

3493 2899 2414 119 att due day. I could finde att no skorter sight other wise should have compe

3494 2958 2401 121 Leyd with yd desired I il de all I can to remitt some more for his acctt. p very

3473 3060 2397 125 I am glend you receaved the packett of lace by block & hope N. 6&9

3490 3144 2288 88 by way of douer come, also well to hand, & that you formd the

3502 3218 2356 142 manner of packing & ordering to content N.5 must be att d over

3500 3321 2360 118 by this time N. 10 & 11 shall be sent from hence a friday next, with

3493 3401 2375 126 a most curious assortement & in voyce next post, shall according

3470 3486 2423 136 to order desist buying though you may very well know that what

3473 3583 2330 131 brought of the late is by 10 tr better & cheaper then what

3465 3644 2359 170 the 2 monthes hence shall be to be had so you please to governe yd sef

3490 3741 2305 142 according I have a broad lace of  of a yd with one above ½ ayd &

3472 3848 2408 125 because I would fame have itt not mishandled intend to make avery

3479 3931 2354 145 small their long packett of itt viz of the breath of sandlace

3476 4041 2402 111 & if possible send itt bij the first bimander for London & a sabouenters

3459 4120 2392 99 N. 10 &11 by way of dover ofor yd govend: when I was catt bruffels

3478 4200 2392 132 brought & most curius new patt for crawats, so have then putt itt be

3487 4307 2308 103 worck which must bewell  yett before can be off, butt that shall exceedall
