8023 4588
849 193 2169 131 pack MN5 met ¾3½ gen engelde spaense lakens s N.6

841 266 2211 104 nmeet to rott p. gracklakens, ten eonvivee t geleft daerwoadig

850 323 2322 149 Corge veveld ragen, en adroitere hemewaelt te senden maer op ver late

860 443 2222 120 ick heb geladen aen boet adviaendenes op houden 4 packen & N 10:1

845 528 2177 94 12   waer aene hy de wee dege  ficat e me dereng

862 589 2252 120 en heeft vequsse nderten abechent mej N10 en 3 inaen 12 mote

870 681 2150 83 costij overasceert worden aen boort van sijn broedet mchl

861 740 2229 111 vaoft hij vertroelen sijnde p mant anders & p aensame& pickering

875 814 2198 101 en Lecepand &rebiuson N12 as mijn order geloove p nast

831 903 2223 102 noch nder sal or doenen an hte bij faute van dien gelteft

797 961 2226 143 het selve te ablerte, vee venege packien cantie genet

872 1059 2240 120 t enversenden, dencke daert ae occase saeljnffchene hope N.12

892 1113 1941 130 en het lynvr wer mr vvianaers tn twresde blijv

534 1198 1272 151 meggelen if wigant cimia

2438 1196 328 148 8 mars

805 1262 2099 191 in antwoort aen ue van 4 deser tis mijlest om mijn

826 1373 2199 175 absiutie niet woder heb konen antwoorden oft de ham

845 1436 2213 185 oock tevooger weder sanden de a 18 ƒa ƒ9 venise grond

807 1553 2230 140 detver ƒ 8: en ƒ2:1on aen mij nut dieen asvo ges venis

838 1669 2276 122 gonden begeit wen maer denf ttewen van ƒ 4:ƒ5:10 t: 1n

827 1722 2184 162 ƒ7:8 en ƒ 2:12 die sorteringe hem nrij dieaen dock bewijnd

854 1819 2271 117 de salve hee evespmaten dier, dat daer evesintt toe en can

826 1898 2274 129 teselven oversulx als gul niet gelegeatheyt overland

836 1967 2163 129 en tests nme debrenght kan ul neer advenant tegule

841 2058 2235 102 ooch wat hile nme de brene en alsvaneer ue

837 2130 2195 125 eien als dan kanlaten sien, estaen soo k aeder koop hem

821 2239 2219 100 koopen gelijk mij nu dagelijx voorkomt dansat

844 2293 1380 142 ove dirue vanul hroen

2440 2305 576 169 somann 1681

515 2361 1534 195 mss de hulter van hawig

829 2466 2249 152 by reden van vele rrplate beletgelen en hebbederd

823 2557 2307 131 dan ekogtte goe det ue ooch nude toegesonde

811 2667 2148 114 deec eghter p aldereeent, hebt te verwogt

819 2770 2271 94 terwogt de santet advies aen dat lederneer

814 2812 2262 167 teslijkt veroocken sey jande ryndenveeleut

824 2891 2186 156 ge sende en casse ick aen pak de cast met

818 2987 2241 193 sonde It N2 niet d½ canen gede cleiren het packe

824 3098 2251 167 N 2 niet een kanen suydtte seuyten waer van de res sal volgen

820 3168 2210 140 soo hegest ged van onkosten vande nari & lillo hebbe

838 3233 2141 131 onte suppere sijn indihreet begeiren wat sij ige

834 3319 1864 161 soo heb voor de vraght niet geaccordent

2473 3401 364 104 19 mens

513 3424 1043 166 russelandries atse

800 3476 2152 206 giste heb aen ue den brief van £50 geaccepteert

814 3582 2198 149 terugge gesonden, heden sende dien van £200: als de

783 3671 2304 130 dooreallen saese geirer invoorderen, en in alleer ul

817 3782 866 122 ordie observenen

3268 106 852 181 onden an de ne pel le4

4987 178 795 105 In Antwarp 11yer

3533 218 2399 130 S my last to you was on the 4 curitt sence recd. yd of 2½ past dy

3532 311 2423 108 which I perceant that yd cloth maker would faine have 20 st p cloth

3529 343 2399 113 more thought he is bovund to delives, you whath he hath promised

3532 420 2414 131 I hope you shall secure the 10p. of £9: & the £10:of £10: as you

3535 480 2424 114 writt mee the 31: of Ianu last butt in case you van nott I shall

3528 576 2366 80 content mij self with 10 peeces viz 5 of each which might

3538 623 2397 107 be one bale, besides you please to buy 3 of £8: & 2 aurovas of

3525 691 2405 90 £15:10 a £12 ap. which will be 5p to make an other bale

3530 745 2408 119 I exspect dayly to heare from John nelson, whom I wish migh

3537 825 2333 96 be prived by this time, as soone I see those goodds & that

3515 858 2399 144 I finde that cloth so content, shall in order a good parceel

3533 927 2406 125 to be provided in may & I une next, where fore itt will not

3523 1005 2392 99 beamis, that you p lease to in forme mee how goods rule

3522 1045 2396 117 in the north, as also spanish cloathes in London, iintending

3509 1104 2398 121 do send you some pattarnes p: first to have a small purcell

3549 1185 2208 119 from thene whilst I remaine with my heartykernue

5080 1244 841 137 In Antwaris 17 march

3255 1225 1244 168 London Henry maynard

3524 1309 2319 171 S my last to you was on the 8: curitt sence recd. yd of 25 past my

3534 1400 2392 115 t hanckes for accepting my sundry bills, & seeng you are not pleased with

3523 1457 2417 147 so doing, butt for bidd itt, I'll do itt no more thought Ik neder refusd

3517 1564 2354 101 itt to his correspondents up on such occasion, whoever I'll pleased

3521 1611 2379 128 you & without any faile remitt you the valew, be fore due day

3524 1683 2394 117 on which you may depend, as alss for more for my acctt. & where

3528 1760 2360 121 as I observe that the last parcell of gold did afford no proffitt,

3510 1827 2429 154 shall onely be a remitting for yd acctt. as the ex ruleth: butt where

3527 1930 2363 95 as you feare, that ex will rise more so I should concli de this

3524 1967 2393 150 the gold would rise accordingly: where fore the proffitt by that woud

3512 2063 2372 121 bethe more: please to take noticie, that about this time our

3508 2127 2396 131 customers from out of towne come to mackett, principally the

3517 2231 2402 99 walloones & bring mucth gold in spetie with them which they pince

3517 2285 2399 140 up on us & pay att the rate of the least parcell, & att present have

3518 2359 2384 126 about £400: in gold flom: amonghst which about 30 bo oad peeces

3512 2469 2369 114 of ƒ12: & ƒ23 ap. so shall dispose of that for silves mony oneles

3504 2548 2312 115 you please I send itt to you for yd accompt, where fore shall keep

3512 2619 2394 119 itt by mee till yd answer here unto, which please to returne govery

3509 2689 2366 149 first I shall peruse the pattarnes you sent mee & seeng you call

3517 2753 2369 148 my patt. I sent for instructions, dull coad cullours pray suy some to yd

3516 2878 2292 122 fancy & when the number of 60 p is compleated, desist till

3500 2962 2354 121 fuither order, so that there is butt 12 p. of them wanting I do not

3512 3022 2324 111 know whether my formars shall prove to yd content as for the

3517 3105 2184 107 continuancy of our comp. because you doso much persitt in

3508 3196 2385 135 complaints & you do not once con sidder that the comp accompt of

3515 3286 2391 126 charges from 1680 I anu till udr. june following is chearged witt

3516 3352 2350 123 ƒ561:10 for scoureing the debts till that day which & the dini

3521 3429 2339 114 nition of our charges on this side will come, or make ourgaine

3520 3542 2346 136 now easely 13 a 14 pt. besides our debts ore not so imsertaine as you

3517 3615 2353 146 imagin, for god be thancked I have not one pound standing outt of 1679

3506 3708 2382 143 so that all the debts I have are made 1680, & the present whoever you

3508 3761 2289 173 will finde mee ready to comply with you as you can reasonabley

3525 3855 2331 123 propose for be confident I do not intend to trade for pleasure, or

3497 3931 2384 169 the name of itt, & when I can make 20 p.c. for my mony, shall

3511 4069 2339 69 not do itt less, butt the worst of all is that what one doth not, an other

3504 4118 2380 145 doth, so that the ganes are brought low: John veele sells so cheap his spanees

3505 4190 2361 136 cloathes att brussel, that I can nott sell any thingh there Ik sents so

3497 4288 2375 121 good goods to his freinds here as well northren goods as london that when
