<?xml version="1.0" encoding="UTF-8"?>
<alto xmlns:xsi="http://www.w3.org/2001/XMLSchema-instance"
      xmlns="http://www.loc.gov/standards/alto/ns-v4#"
      xmlns:page="http://schema.primaresearch.org/PAGE/gts/pagecontent/2013-07-15"
      xsi:schemaLocation="http://www.loc.gov/standards/alto/ns-v4# https://www.loc.gov/standards/alto/v4/alto.xsd">
   <Description>
      <MeasurementUnit>pixel</MeasurementUnit>
      <OCRProcessing ID="IdOcr">
         <ocrProcessingStep>
            <processingDateTime>2022-02-04T12:08:00.208+01:00</processingDateTime>
            <processingSoftware>
               <softwareCreator>READ COOP</softwareCreator>
               <softwareName>Transkribus</softwareName>
            </processingSoftware>
         </ocrProcessingStep>
      </OCRProcessing>
   </Description>
   <Layout>
      <Page ID="Page1" PHYSICAL_IMG_NR="1" HEIGHT="4622" WIDTH="8494">
         <TopMargin HEIGHT="0" WIDTH="8494" VPOS="0" HPOS="0"/>
         <LeftMargin HEIGHT="4622" WIDTH="0" VPOS="0" HPOS="0"/>
         <RightMargin HEIGHT="4622" WIDTH="0" VPOS="0" HPOS="8494"/>
         <BottomMargin HEIGHT="0" WIDTH="8494" VPOS="4622" HPOS="0"/>
         <PrintSpace HEIGHT="4622" WIDTH="8494" VPOS="0" HPOS="0">
            <TextBlock ID="region_1638959071797_6393"
                       HEIGHT="4091"
                       WIDTH="2606"
                       VPOS="87"
                       HPOS="829">
               <Shape>
                  <Polygon POINTS="829,87 3435,87 3435,4178 829,4178"/>
               </Shape>
               <TextLine ID="region_1638959071797_6393l1"
                         BASELINE="1142,256 1254,254 1366,254 1478,252 1590,252 1703,252 1815,252 1927,252 2039,252 2151,254 2264,254 2376,254 2488,254 2600,252 2712,252 2825,250 2937,250 3049,247 3161,244 3273,240 3386,236"
                         HEIGHT="118"
                         WIDTH="2275"
                         VPOS="186"
                         HPOS="1127">
                  <String ID="string_region_1638959071797_6393l1"
                          HEIGHT="118"
                          WIDTH="2275"
                          VPOS="186"
                          HPOS="1127"
                          CONTENT="bill for you &amp; redraw to some other freind as this day I was forced"/>
               </TextLine>
               <TextLine ID="region_1638959071797_6393l2"
                         BASELINE="1154,358 1267,354 1381,350 1494,348 1608,346 1722,344 1835,344 1949,344 2062,344 2176,344 2290,344 2403,344 2517,344 2630,344 2744,343 2858,342 2971,340 3085,338 3198,334 3312,330 3426,324"
                         HEIGHT="127"
                         WIDTH="2302"
                         VPOS="257"
                         HPOS="1138">
                  <String ID="string_region_1638959071797_6393l2"
                          HEIGHT="127"
                          WIDTH="2302"
                          VPOS="257"
                          HPOS="1138"
                          CONTENT=" £100- on you to m. Henry Maynard att 2 us att 34.10 for yds actt"/>
               </TextLine>
               <TextLine ID="region_1638959071797_6393l3"
                         BASELINE="1124,448 1237,446 1351,444 1465,444 1578,442 1692,442 1806,440 1919,438 2033,438 2147,436 2261,436 2374,434 2488,432 2602,432 2715,430 2829,428 2943,426 3056,423 3170,420 3284,418 3398,414"
                         HEIGHT="107"
                         WIDTH="2305"
                         VPOS="360"
                         HPOS="1107">
                  <String ID="string_region_1638959071797_6393l3"
                          HEIGHT="107"
                          WIDTH="2305"
                          VPOS="360"
                          HPOS="1107"
                          CONTENT="being for rembourse of the bill of yd sonne, which clease to accopt &amp;"/>
               </TextLine>
               <TextLine ID="region_1638959071797_6393l4"
                         BASELINE="1128,536 1242,534 1356,534 1470,532 1584,532 1698,530 1812,528 1926,528 2040,526 2154,524 2268,524 2382,522 2496,520 2610,518 2724,516 2838,514 2952,510 3066,508 3180,504 3294,502 3408,498"
                         HEIGHT="185"
                         WIDTH="2311"
                         VPOS="408"
                         HPOS="1113">
                  <String ID="string_region_1638959071797_6393l4"
                          HEIGHT="185"
                          WIDTH="2311"
                          VPOS="408"
                          HPOS="1113"
                          CONTENT="pass accordingly, I do long to know what passs in the case of de baysters "/>
               </TextLine>
               <TextLine ID="region_1638959071797_6393l5"
                         BASELINE="2998,658 3023,658 3049,658 3074,658 3100,656 3126,656 3151,656 3177,655 3202,654 3228,653 3254,651 3279,649 3305,646 3330,643 3356,641 3382,638"
                         HEIGHT="196"
                         WIDTH="416"
                         VPOS="518"
                         HPOS="2982">
                  <String ID="string_region_1638959071797_6393l5"
                          HEIGHT="196"
                          WIDTH="416"
                          VPOS="518"
                          HPOS="2982"
                          CONTENT="2 baigh"/>
               </TextLine>
               <TextLine ID="region_1638959071797_6393l6"
                         BASELINE="922,686 966,682 1010,679 1054,676 1099,674 1143,672 1187,670 1232,668 1276,666 1320,666 1365,664 1409,664 1453,664 1497,664 1542,664 1586,662 1630,662 1675,662 1719,662 1763,662 1808,662"
                         HEIGHT="203"
                         WIDTH="920"
                         VPOS="541"
                         HPOS="904">
                  <String ID="string_region_1638959071797_6393l6"
                          HEIGHT="203"
                          WIDTH="920"
                          VPOS="541"
                          HPOS="904"
                          CONTENT="Brugge Raphael Coots"/>
               </TextLine>
               <TextLine ID="region_1638959071797_6393l7"
                         BASELINE="2970,700 2997,702 3024,705 3051,707 3078,708"
                         HEIGHT="103"
                         WIDTH="144"
                         VPOS="647"
                         HPOS="2951">
                  <String ID="string_region_1638959071797_6393l7"
                          HEIGHT="103"
                          WIDTH="144"
                          VPOS="647"
                          HPOS="2951"
                          CONTENT="8"/>
               </TextLine>
               <TextLine ID="region_1638959071797_6393l8"
                         BASELINE="1130,776 1236,778 1343,780 1450,780 1556,780 1663,780 1770,780 1876,778 1983,778 2090,776 2197,776 2303,776 2410,774 2517,774 2623,774 2730,776 2837,776 2943,779 3050,782 3157,786 3264,790"
                         HEIGHT="165"
                         WIDTH="2167"
                         VPOS="677"
                         HPOS="1113">
                  <String ID="string_region_1638959071797_6393l8"
                          HEIGHT="165"
                          WIDTH="2167"
                          VPOS="677"
                          HPOS="1113"
                          CONTENT="alhoewel ul groorgen het noodig hebbe gs. soo nogltans tot mijn"/>
               </TextLine>
               <TextLine ID="region_1638959071797_6393l9"
                         BASELINE="1134,870 1248,872 1362,874 1476,874 1590,874 1704,876 1818,876 1932,876 2046,876 2160,876 2275,874 2389,874 2503,874 2617,874 2731,874 2845,874 2959,872 3073,872 3187,872 3301,873 3416,874"
                         HEIGHT="149"
                         WIDTH="2314"
                         VPOS="788"
                         HPOS="1117">
                  <String ID="string_region_1638959071797_6393l9"
                          HEIGHT="149"
                          WIDTH="2314"
                          VPOS="788"
                          HPOS="1117"
                          CONTENT="verwonderinge, n verneeme met den ul van gsteren geersuis wegens het pack"/>
               </TextLine>
               <TextLine ID="region_1638959071797_6393l10"
                         BASELINE="1148,968 1261,970 1374,970 1487,972 1600,972 1713,972 1826,974 1939,974 2052,976 2165,976 2279,976 2392,978 2505,978 2618,979 2731,980 2844,980 2957,982 3070,982 3183,984 3296,984 3410,986"
                         HEIGHT="136"
                         WIDTH="2293"
                         VPOS="910"
                         HPOS="1131">
                  <String ID="string_region_1638959071797_6393l10"
                          HEIGHT="136"
                          WIDTH="2293"
                          VPOS="910"
                          HPOS="1131"
                          CONTENT="M. n 1 met 12 witte parpetuanen, 't welck noghtans aen boort lvingen is"/>
               </TextLine>
               <TextLine ID="region_1638959071797_6393l11"
                         BASELINE="1124,1056 1238,1060 1353,1064 1468,1066 1582,1068 1697,1070 1812,1070 1926,1072 2041,1072 2156,1072 2271,1072 2385,1072 2500,1072 2615,1072 2729,1072 2844,1072 2959,1072 3073,1074 3188,1074 3303,1076 3418,1078"
                         HEIGHT="83"
                         WIDTH="2326"
                         VPOS="1004"
                         HPOS="1108">
                  <String ID="string_region_1638959071797_6393l11"
                          HEIGHT="83"
                          WIDTH="2326"
                          VPOS="1004"
                          HPOS="1108"
                          CONTENT="volgens het conestem. daer van ontf. waer van hier ingesloten een is"/>
               </TextLine>
               <TextLine ID="region_1638959071797_6393l12"
                         BASELINE="1114,1148 1230,1152 1346,1156 1462,1158 1578,1160 1694,1160 1810,1162 1926,1162 2042,1162 2158,1162 2274,1162 2390,1164 2506,1164 2622,1164 2738,1164 2854,1166 2970,1166 3086,1168 3202,1171 3318,1174 3434,1178"
                         HEIGHT="107"
                         WIDTH="2352"
                         VPOS="1098"
                         HPOS="1098">
                  <String ID="string_region_1638959071797_6393l12"
                          HEIGHT="107"
                          WIDTH="2352"
                          VPOS="1098"
                          HPOS="1098"
                          CONTENT="on del selve ben seer haestigh, soo moet ul devoor doen, op dat dat nevens de"/>
               </TextLine>
               <TextLine ID="region_1638959071797_6393l13"
                         BASELINE="1156,1244 1268,1248 1381,1250 1494,1253 1607,1256 1720,1258 1833,1258 1946,1260 2059,1262 2172,1262 2285,1264 2397,1264 2510,1264 2623,1264 2736,1266 2849,1266 2962,1266 3075,1266 3188,1266 3301,1266 3414,1268"
                         HEIGHT="131"
                         WIDTH="2290"
                         VPOS="1196"
                         HPOS="1140">
                  <String ID="string_region_1638959071797_6393l13"
                          HEIGHT="131"
                          WIDTH="2290"
                          VPOS="1196"
                          HPOS="1140"
                          CONTENT="andee hier is, goet los dat ondan gearriv. is, maer creese dat hij"/>
               </TextLine>
               <TextLine ID="region_1638959071797_6393l14"
                         BASELINE="1140,1346 1253,1346 1367,1346 1481,1348 1595,1350 1709,1352 1822,1354 1936,1356 2050,1358 2164,1360 2278,1362 2391,1364 2505,1366 2619,1368 2733,1368 2847,1368 2960,1370 3074,1368 3188,1368 3302,1366 3416,1364"
                         HEIGHT="170"
                         WIDTH="2305"
                         VPOS="1265"
                         HPOS="1125">
                  <String ID="string_region_1638959071797_6393l14"
                          HEIGHT="170"
                          WIDTH="2305"
                          VPOS="1265"
                          HPOS="1125"
                          CONTENT="alle mijn packen met mede brenght, om dis wille dat ick daghte hij nu"/>
               </TextLine>
               <TextLine ID="region_1638959071797_6393l15"
                         BASELINE="1170,1452 1260,1452 1350,1452 1440,1452 1531,1452 1621,1454 1711,1454 1802,1456 1892,1456 1982,1458 2073,1460 2163,1460 2253,1462 2343,1463 2434,1464 2524,1464 2614,1464 2705,1464 2795,1464 2885,1462 2976,1462"
                         HEIGHT="99"
                         WIDTH="1838"
                         VPOS="1394"
                         HPOS="1154">
                  <String ID="string_region_1638959071797_6393l15"
                          HEIGHT="99"
                          WIDTH="1838"
                          VPOS="1394"
                          HPOS="1154"
                          CONTENT="nogh tot hull was wagh te ul aduys met inpatienie"/>
               </TextLine>
               <TextLine ID="region_1638959071797_6393l16"
                         BASELINE="914,1528 951,1531 989,1534 1027,1536 1065,1538 1103,1540 1140,1541 1178,1543 1216,1544 1254,1546 1292,1546 1329,1548 1367,1548 1405,1548 1443,1548 1481,1548 1518,1548 1556,1548 1594,1548 1632,1548 1670,1548"
                         HEIGHT="187"
                         WIDTH="788"
                         VPOS="1403"
                         HPOS="899">
                  <String ID="string_region_1638959071797_6393l16"
                          HEIGHT="187"
                          WIDTH="788"
                          VPOS="1403"
                          HPOS="899"
                          CONTENT="Brugge Raphael Coots"/>
               </TextLine>
               <TextLine ID="region_1638959071797_6393l17"
                         BASELINE="2392,1572 2436,1568 2480,1566 2525,1564 2569,1563 2614,1562 2658,1562 2702,1564 2747,1564 2791,1564 2836,1566 2880,1566 2924,1567 2969,1568 3013,1568 3058,1568 3102,1566 3146,1565 3191,1561 3235,1559 3280,1552"
                         HEIGHT="144"
                         WIDTH="921"
                         VPOS="1478"
                         HPOS="2375">
                  <String ID="string_region_1638959071797_6393l17"
                          HEIGHT="144"
                          WIDTH="921"
                          VPOS="1478"
                          HPOS="2375"
                          CONTENT="Antwerpen den 3 augusti"/>
               </TextLine>
               <TextLine ID="region_1638959071797_6393l18"
                         BASELINE="1004,1598 1024,1598"
                         HEIGHT="107"
                         WIDTH="52"
                         VPOS="1544"
                         HPOS="988">
                  <String ID="string_region_1638959071797_6393l18"
                          HEIGHT="107"
                          WIDTH="52"
                          VPOS="1544"
                          HPOS="988"
                          CONTENT=""/>
               </TextLine>
               <TextLine ID="region_1638959071797_6393l19"
                         BASELINE="1136,1662 1246,1665 1356,1668 1466,1671 1577,1675 1687,1678 1797,1682 1908,1686 2018,1690 2128,1694 2239,1697 2349,1700 2459,1704 2569,1708 2680,1710 2790,1714 2900,1716 3011,1720 3121,1722 3231,1724 3342,1726"
                         HEIGHT="218"
                         WIDTH="2237"
                         VPOS="1563"
                         HPOS="1121">
                  <String ID="string_region_1638959071797_6393l19"
                          HEIGHT="218"
                          WIDTH="2237"
                          VPOS="1563"
                          HPOS="1121"
                          CONTENT="ijn keer in antwoort van 31 passato en 2 deser sien de packen per"/>
               </TextLine>
               <TextLine ID="region_1638959071797_6393l20"
                         BASELINE="1154,1748 1262,1748 1371,1750 1479,1752 1588,1754 1696,1756 1805,1758 1913,1760 2022,1764 2130,1767 2239,1772 2347,1774 2456,1778 2564,1782 2673,1786 2781,1790 2890,1794 2998,1798 3107,1802 3215,1806 3324,1810"
                         HEIGHT="122"
                         WIDTH="2200"
                         VPOS="1698"
                         HPOS="1138">
                  <String ID="string_region_1638959071797_6393l20"
                          HEIGHT="122"
                          WIDTH="2200"
                          VPOS="1698"
                          HPOS="1138"
                          CONTENT="&amp; vina gearriveert te gemoet en ten blude dat dritchard nnder is"/>
               </TextLine>
               <TextLine ID="region_1638959071797_6393l21"
                         BASELINE="1136,1822 1248,1824 1361,1826 1474,1828 1587,1830 1700,1833 1813,1836 1926,1838 2039,1840 2152,1843 2265,1846 2377,1850 2490,1853 2603,1856 2716,1861 2829,1865 2942,1870 3055,1875 3168,1880 3281,1886 3394,1892"
                         HEIGHT="156"
                         WIDTH="2290"
                         VPOS="1783"
                         HPOS="1121">
                  <String ID="string_region_1638959071797_6393l21"
                          HEIGHT="156"
                          WIDTH="2290"
                          VPOS="1783"
                          HPOS="1121"
                          CONTENT="gearriveert, s&amp; en sten vel al hadde genoteert wat packen ul voor mij"/>
               </TextLine>
               <TextLine ID="region_1638959071797_6393l22"
                         BASELINE="1166,1904 1278,1906 1391,1907 1504,1908 1616,1910 1729,1910 1842,1912 1954,1914 2067,1916 2180,1920 2293,1922 2405,1926 2518,1929 2631,1932 2743,1936 2856,1942 2969,1948 3081,1954 3194,1961 3307,1969 3420,1976"
                         HEIGHT="147"
                         WIDTH="2288"
                         VPOS="1867"
                         HPOS="1149">
                  <String ID="string_region_1638959071797_6393l22"
                          HEIGHT="147"
                          WIDTH="2288"
                          VPOS="1867"
                          HPOS="1149"
                          CONTENT="aen sijn boort betint, alsoo ick vreele dat alle mijn gementioneerde pack"/>
               </TextLine>
               <TextLine ID="region_1638959071797_6393l23"
                         BASELINE="1144,1982 1257,1984 1371,1988 1485,1990 1598,1992 1712,1992 1826,1994 1939,1996 2053,1998 2167,2000 2281,2002 2394,2006 2508,2008 2622,2012 2735,2016 2849,2020 2963,2026 3076,2032 3190,2040 3304,2047 3418,2056"
                         HEIGHT="159"
                         WIDTH="2303"
                         VPOS="1946"
                         HPOS="1128">
                  <String ID="string_region_1638959071797_6393l23"
                          HEIGHT="159"
                          WIDTH="2303"
                          VPOS="1946"
                          HPOS="1128"
                          CONTENT="met mede sijn gecomen, om die wille dat hij derver vol is geraeckt als biy"/>
               </TextLine>
               <TextLine ID="region_1638959071797_6393l24"
                         BASELINE="1154,2064 1266,2066 1379,2068 1492,2068 1605,2070 1718,2072 1830,2072 1943,2074 2056,2076 2169,2078 2282,2080 2394,2082 2507,2084 2620,2088 2733,2092 2846,2096 2958,2100 3071,2106 3184,2112 3297,2120 3410,2128"
                         HEIGHT="160"
                         WIDTH="2287"
                         VPOS="2008"
                         HPOS="1139">
                  <String ID="string_region_1638959071797_6393l24"
                          HEIGHT="160"
                          WIDTH="2287"
                          VPOS="2008"
                          HPOS="1139"
                          CONTENT="ladden verdacnt wat daer van is terwachte met iipatientie te verstaen"/>
               </TextLine>
               <TextLine ID="region_1638959071797_6393l25"
                         BASELINE="1160,2142 1273,2148 1387,2152 1500,2154 1614,2156 1727,2158 1841,2160 1954,2160 2068,2162 2181,2162 2295,2164 2408,2164 2522,2166 2635,2168 2749,2172 2862,2176 2976,2182 3089,2188 3203,2194 3316,2203 3430,2214"
                         HEIGHT="142"
                         WIDTH="2301"
                         VPOS="2083"
                         HPOS="1144">
                  <String ID="string_region_1638959071797_6393l25"
                          HEIGHT="142"
                          WIDTH="2301"
                          VPOS="2083"
                          HPOS="1144"
                          CONTENT="het pack 1M A1 met 12 vritte perpetua nem magh met de hulle packy"/>
               </TextLine>
               <TextLine ID="region_1638959071797_6393l26"
                         BASELINE="1162,2224 1274,2228 1387,2232 1500,2234 1613,2236 1726,2238 1838,2240 1951,2242 2064,2242 2177,2244 2290,2246 2402,2248 2515,2250 2628,2252 2741,2256 2854,2259 2966,2264 3079,2269 3192,2277 3305,2284 3418,2294"
                         HEIGHT="144"
                         WIDTH="2290"
                         VPOS="2174"
                         HPOS="1146">
                  <String ID="string_region_1638959071797_6393l26"
                          HEIGHT="144"
                          WIDTH="2290"
                          VPOS="2174"
                          HPOS="1146"
                          CONTENT="voorts comen, per datid mason &amp; wachte al noch 2 packen 1M n° 35 a 36"/>
               </TextLine>
               <TextLine ID="region_1638959071797_6393l27"
                         BASELINE="1160,2306 1272,2312 1384,2315 1496,2318 1608,2320 1720,2322 1832,2322 1944,2324 2056,2324 2168,2324 2281,2326 2393,2326 2505,2328 2617,2328 2729,2330 2841,2334 2953,2336 3065,2341 3177,2346 3289,2352 3402,2360"
                         HEIGHT="129"
                         WIDTH="2274"
                         VPOS="2253"
                         HPOS="1143">
                  <String ID="string_region_1638959071797_6393l27"
                          HEIGHT="129"
                          WIDTH="2274"
                          VPOS="2253"
                          HPOS="1143"
                          CONTENT="ieder met 12 frisaden de welke nessens d'ander ten arrivemente gelieft"/>
               </TextLine>
               <TextLine ID="region_1638959071797_6393l28"
                         BASELINE="1140,2396 1253,2396 1366,2398 1479,2398 1592,2400 1705,2400 1818,2402 1931,2402 2044,2404 2157,2404 2271,2406 2384,2406 2497,2408 2610,2408 2723,2410 2836,2412 2949,2414 3062,2416 3175,2420 3288,2422 3402,2426"
                         HEIGHT="149"
                         WIDTH="2293"
                         VPOS="2297"
                         HPOS="1125">
                  <String ID="string_region_1638959071797_6393l28"
                          HEIGHT="149"
                          WIDTH="2293"
                          VPOS="2297"
                          HPOS="1125"
                          CONTENT="te depecheren ick &amp; wachte met rischard hauletson 2 haesen voor"/>
               </TextLine>
               <TextLine ID="region_1638959071797_6393l29"
                         BASELINE="1160,2472 1273,2474 1387,2476 1500,2478 1614,2480 1727,2482 1841,2482 1954,2484 2068,2484 2181,2486 2295,2486 2408,2488 2522,2488 2635,2490 2749,2492 2862,2493 2976,2496 3089,2498 3203,2500 3316,2504 3430,2508"
                         HEIGHT="124"
                         WIDTH="2300"
                         VPOS="2427"
                         HPOS="1145">
                  <String ID="string_region_1638959071797_6393l29"
                          HEIGHT="124"
                          WIDTH="2300"
                          VPOS="2427"
                          HPOS="1145"
                          CONTENT="mijn poovisie sijnde de selve afgelaeten door in alboch am tivien tot"/>
               </TextLine>
               <TextLine ID="region_1638959071797_6393l30"
                         BASELINE="1168,2558 1278,2560 1389,2562 1500,2564 1611,2564 1722,2564 1832,2564 1943,2564 2054,2564 2165,2564 2276,2566 2386,2566 2497,2566 2608,2566 2719,2568 2830,2570 2940,2572 3051,2575 3162,2579 3273,2582 3384,2588"
                         HEIGHT="128"
                         WIDTH="2247"
                         VPOS="2483"
                         HPOS="1152">
                  <String ID="string_region_1638959071797_6393l30"
                          HEIGHT="128"
                          WIDTH="2247"
                          VPOS="2483"
                          HPOS="1152"
                          CONTENT="londen ende gemeickt j voor de welcke gelieft te sorgen op date"/>
               </TextLine>
               <TextLine ID="region_1638959071797_6393l31"
                         BASELINE="1156,2646 1267,2644 1378,2644 1490,2644 1601,2642 1713,2642 1824,2644 1935,2644 2047,2645 2158,2646 2270,2648 2381,2650 2492,2651 2604,2652 2715,2654 2827,2656 2938,2658 3049,2660 3161,2662 3272,2664 3384,2668"
                         HEIGHT="161"
                         WIDTH="2259"
                         VPOS="2558"
                         HPOS="1141">
                  <String ID="string_region_1638959071797_6393l31"
                          HEIGHT="161"
                          WIDTH="2259"
                          VPOS="2558"
                          HPOS="1141"
                          CONTENT="mij behoorlijck ter handt comen van t gepasseerde &amp;wachte advis en"/>
               </TextLine>
               <TextLine ID="region_1638959071797_6393l32"
                         BASELINE="1172,2732 1207,2731 1242,2730 1277,2729 1312,2726 1347,2724 1382,2723 1417,2721 1452,2720 1487,2717 1523,2716 1558,2714 1593,2712 1628,2712 1663,2712 1698,2712 1733,2712 1768,2712 1803,2714 1838,2716 1874,2720"
                         HEIGHT="129"
                         WIDTH="735"
                         VPOS="2646"
                         HPOS="1155">
                  <String ID="string_region_1638959071797_6393l32"
                          HEIGHT="129"
                          WIDTH="735"
                          VPOS="2646"
                          HPOS="1155"
                          CONTENT="naer groetenisse blijve"/>
               </TextLine>
               <TextLine ID="region_1638959071797_6393l33"
                         BASELINE="900,2800 938,2804 977,2807 1015,2810 1054,2813 1093,2814 1131,2816 1170,2818 1208,2818 1247,2818 1286,2818 1324,2818 1363,2818 1401,2818 1440,2818 1479,2816 1517,2816 1556,2816 1594,2814 1633,2814 1672,2814"
                         HEIGHT="180"
                         WIDTH="802"
                         VPOS="2700"
                         HPOS="885">
                  <String ID="string_region_1638959071797_6393l33"
                          HEIGHT="180"
                          WIDTH="802"
                          VPOS="2700"
                          HPOS="885"
                          CONTENT="amsterd Samuel de Hulted"/>
               </TextLine>
               <TextLine ID="region_1638959071797_6393l34"
                         BASELINE="2438,2842 2471,2839 2505,2838 2539,2836 2572,2834 2606,2834 2640,2833 2673,2832 2707,2832 2741,2832 2775,2832 2808,2832 2842,2832 2876,2832 2909,2832 2943,2832 2977,2832 3010,2832 3044,2832 3078,2832 3112,2832"
                         HEIGHT="167"
                         WIDTH="704"
                         VPOS="2729"
                         HPOS="2423">
                  <String ID="string_region_1638959071797_6393l34"
                          HEIGHT="167"
                          WIDTH="704"
                          VPOS="2729"
                          HPOS="2423"
                          CONTENT="Adij 3 ougusti 1682"/>
               </TextLine>
               <TextLine ID="region_1638959071797_6393l35"
                         BASELINE="1148,2954 1261,2954 1375,2956 1488,2956 1602,2956 1715,2956 1829,2956 1942,2956 2056,2958 2169,2958 2283,2958 2396,2960 2510,2960 2623,2962 2737,2964 2850,2966 2964,2968 3077,2972 3191,2975 3304,2979 3418,2984"
                         HEIGHT="187"
                         WIDTH="2302"
                         VPOS="2823"
                         HPOS="1131">
                  <String ID="string_region_1638959071797_6393l35"
                          HEIGHT="187"
                          WIDTH="2302"
                          VPOS="2823"
                          HPOS="1131"
                          CONTENT="Monsieur in antwoort aen den uwen van ultimo lest sien de 5 gesondene"/>
               </TextLine>
               <TextLine ID="region_1638959071797_6393l36"
                         BASELINE="1172,3020 1281,3026 1390,3032 1499,3036 1609,3040 1718,3042 1827,3044 1937,3046 2046,3046 2155,3046 2265,3048 2374,3048 2483,3048 2592,3048 2702,3050 2811,3050 2920,3053 3030,3056 3139,3060 3248,3065 3358,3072"
                         HEIGHT="107"
                         WIDTH="2220"
                         VPOS="2980"
                         HPOS="1156">
                  <String ID="string_region_1638959071797_6393l36"
                          HEIGHT="107"
                          WIDTH="2220"
                          VPOS="2980"
                          HPOS="1156"
                          CONTENT="baelen wol per ian Jaussen keyn te gemoet hebbende van de selve noch"/>
               </TextLine>
               <TextLine ID="region_1638959071797_6393l37"
                         BASELINE="1172,3098 1284,3104 1396,3110 1508,3115 1621,3118 1733,3121 1845,3124 1958,3126 2070,3126 2182,3128 2295,3128 2407,3128 2519,3130 2631,3130 2744,3130 2856,3132 2968,3134 3081,3136 3193,3139 3305,3144 3418,3148"
                         HEIGHT="116"
                         WIDTH="2277"
                         VPOS="3053"
                         HPOS="1157">
                  <String ID="string_region_1638959071797_6393l37"
                          HEIGHT="116"
                          WIDTH="2277"
                          VPOS="3053"
                          HPOS="1157"
                          CONTENT="niet vernomen de rekeninge sal examineren ende daecooodt bevindende "/>
               </TextLine>
               <TextLine ID="region_1638959071797_6393l38"
                         BASELINE="1156,3178 1267,3184 1378,3188 1489,3192 1600,3196 1711,3198 1822,3200 1933,3202 2044,3203 2155,3204 2267,3206 2378,3206 2489,3206 2600,3208 2711,3208 2822,3209 2933,3210 3044,3212 3155,3212 3266,3214 3378,3216"
                         HEIGHT="137"
                         WIDTH="2256"
                         VPOS="3127"
                         HPOS="1139">
                  <String ID="string_region_1638959071797_6393l38"
                          HEIGHT="137"
                          WIDTH="2256"
                          VPOS="3127"
                          HPOS="1139"
                          CONTENT="volgens noteven, ingesloten eenen wisselbrieff van £450- in banco"/>
               </TextLine>
               <TextLine ID="region_1638959071797_6393l39"
                         BASELINE="1490,3228 1515,3226 1540,3226 1565,3227 1590,3228 1615,3228 1640,3230 1665,3231 1690,3232 1715,3232 1740,3230 1766,3228"
                         HEIGHT="60"
                         WIDTH="308"
                         VPOS="3189"
                         HPOS="1475">
                  <String ID="string_region_1638959071797_6393l39"
                          HEIGHT="60"
                          WIDTH="308"
                          VPOS="3189"
                          HPOS="1475"
                          CONTENT="Antonio Loves"/>
               </TextLine>
               <TextLine ID="region_1638959071797_6393l40"
                         BASELINE="1144,3268 1256,3268 1369,3268 1482,3269 1595,3270 1708,3271 1821,3272 1934,3274 2047,3276 2160,3278 2273,3280 2385,3282 2498,3284 2611,3286 2724,3288 2837,3288 2950,3290 3063,3290 3176,3292 3289,3292 3402,3292"
                         HEIGHT="119"
                         WIDTH="2290"
                         VPOS="3216"
                         HPOS="1129">
                  <String ID="string_region_1638959071797_6393l40"
                          HEIGHT="119"
                          WIDTH="2290"
                          VPOS="3216"
                          HPOS="1129"
                          CONTENT="too laste waer boue het noodigh gelieft te besorgen ende mijn twager"/>
               </TextLine>
               <TextLine ID="region_1638959071797_6393l41"
                         BASELINE="1140,3346 1251,3346 1362,3348 1473,3348 1584,3350 1696,3352 1807,3352 1918,3354 2029,3356 2140,3357 2252,3358 2363,3360 2474,3362 2585,3362 2696,3364 2808,3366 2919,3368 3030,3368 3141,3370 3252,3372 3364,3374"
                         HEIGHT="113"
                         WIDTH="2256"
                         VPOS="3304"
                         HPOS="1123">
                  <String ID="string_region_1638959071797_6393l41"
                          HEIGHT="113"
                          WIDTH="2256"
                          VPOS="3304"
                          HPOS="1123"
                          CONTENT="Jacomo boussens daer £68½ bane gelt crediteren de reste sijnde"/>
               </TextLine>
               <TextLine ID="region_1638959071797_6393l42"
                         BASELINE="1140,3444 1248,3442 1357,3440 1466,3438 1575,3436 1684,3436 1793,3434 1902,3434 2011,3434 2120,3434 2229,3436 2337,3436 2446,3438 2555,3440 2664,3443 2773,3446 2882,3449 2991,3453 3100,3458 3209,3462 3318,3468"
                         HEIGHT="138"
                         WIDTH="2210"
                         VPOS="3384"
                         HPOS="1125">
                  <String ID="string_region_1638959071797_6393l42"
                          HEIGHT="138"
                          WIDTH="2210"
                          VPOS="3384"
                          HPOS="1125"
                          CONTENT="£82- op mijn rekeeninge te annoteren met ago van h"/>
               </TextLine>
               <TextLine ID="region_1638959071797_6393l43"
                         BASELINE="1164,3512 1217,3514 1270,3516 1323,3516 1376,3518 1429,3518 1482,3518 1535,3518 1588,3519 1641,3520 1694,3520 1747,3518 1800,3518 1853,3518 1906,3520 1959,3520 2012,3520 2065,3520 2118,3521 2171,3522 2224,3524"
                         HEIGHT="139"
                         WIDTH="1090"
                         VPOS="3440"
                         HPOS="1150">
                  <String ID="string_region_1638959071797_6393l43"
                          HEIGHT="139"
                          WIDTH="1090"
                          VPOS="3440"
                          HPOS="1150"
                          CONTENT="vaer mede naer groetenisse blijve"/>
               </TextLine>
               <TextLine ID="region_1638959071797_6393l44"
                         BASELINE="936,3590 978,3590 1020,3592 1062,3592 1104,3593 1146,3594 1188,3596 1230,3597 1272,3598 1314,3599 1357,3600 1399,3601 1441,3602 1483,3602 1525,3602 1567,3602 1609,3602 1651,3602 1693,3600 1735,3598 1778,3596"
                         HEIGHT="141"
                         WIDTH="873"
                         VPOS="3521"
                         HPOS="921">
                  <String ID="string_region_1638959071797_6393l44"
                          HEIGHT="141"
                          WIDTH="873"
                          VPOS="3521"
                          HPOS="921"
                          CONTENT="Cont, franchois herrebout"/>
               </TextLine>
               <TextLine ID="region_1638959071797_6393l45"
                         BASELINE="2358,3600 2393,3600 2428,3600 2463,3600 2498,3600 2533,3598 2568,3598 2603,3598 2638,3598 2673,3598 2708,3600 2743,3600 2778,3602 2813,3602 2848,3604 2883,3606 2918,3608 2953,3611 2988,3615 3023,3619 3058,3624"
                         HEIGHT="207"
                         WIDTH="732"
                         VPOS="3470"
                         HPOS="2341">
                  <String ID="string_region_1638959071797_6393l45"
                          HEIGHT="207"
                          WIDTH="732"
                          VPOS="3470"
                          HPOS="2341"
                          CONTENT="Ady 4 augasti 1682"/>
               </TextLine>
               <TextLine ID="region_1638959071797_6393l46"
                         BASELINE="1148,3722 1261,3724 1375,3726 1488,3728 1602,3728 1715,3728 1829,3728 1942,3728 2056,3728 2169,3728 2283,3728 2396,3728 2510,3728 2623,3728 2737,3728 2850,3729 2964,3730 3077,3732 3191,3736 3304,3738 3418,3742"
                         HEIGHT="128"
                         WIDTH="2299"
                         VPOS="3633"
                         HPOS="1133">
                  <String ID="string_region_1638959071797_6393l46"
                          HEIGHT="128"
                          WIDTH="2299"
                          VPOS="3633"
                          HPOS="1133"
                          CONTENT="Monsieur ingesloten mijnen thol brieff t dienen voor 5 van de comende"/>
               </TextLine>
               <TextLine ID="region_1638959071797_6393l47"
                         BASELINE="1162,3810 1275,3810 1388,3810 1502,3808 1615,3808 1729,3808 1842,3808 1955,3806 2069,3806 2182,3806 2296,3806 2409,3806 2522,3806 2636,3806 2749,3808 2863,3808 2976,3810 3089,3812 3203,3815 3316,3818 3430,3822"
                         HEIGHT="121"
                         WIDTH="2299"
                         VPOS="3727"
                         HPOS="1146">
                  <String ID="string_region_1638959071797_6393l47"
                          HEIGHT="121"
                          WIDTH="2299"
                          VPOS="3727"
                          HPOS="1146"
                          CONTENT="packen van bragge d'andere onvrij sijnde hebbe per beurtman ul toegesonden"/>
               </TextLine>
               <TextLine ID="region_1638959071797_6393l48"
                         BASELINE="1170,3888 1283,3888 1396,3888 1509,3888 1622,3888 1736,3888 1849,3888 1962,3888 2075,3888 2188,3888 2302,3888 2415,3888 2528,3890 2641,3890 2754,3892 2868,3894 2981,3897 3094,3900 3207,3904 3320,3910 3434,3914"
                         HEIGHT="111"
                         WIDTH="2295"
                         VPOS="3831"
                         HPOS="1154">
                  <String ID="string_region_1638959071797_6393l48"
                          HEIGHT="111"
                          WIDTH="2295"
                          VPOS="3831"
                          HPOS="1154"
                          CONTENT="een pack met 80 stucken tijck en gemerckt claverblad 25 daer beneffens"/>
               </TextLine>
               <TextLine ID="region_1638959071797_6393l49"
                         BASELINE="1154,3970 1266,3969 1379,3968 1491,3968 1604,3968 1717,3967 1829,3966 1942,3966 2054,3966 2167,3966 2280,3966 2392,3966 2505,3966 2617,3966 2730,3968 2843,3970 2955,3972 3068,3974 3180,3976 3293,3980 3406,3984"
                         HEIGHT="108"
                         WIDTH="2280"
                         VPOS="3911"
                         HPOS="1140">
                  <String ID="string_region_1638959071797_6393l49"
                          HEIGHT="108"
                          WIDTH="2280"
                          VPOS="3911"
                          HPOS="1140"
                          CONTENT="een packen gemerckt Nj met een stuxken lijnsgaet om de selve op brugge"/>
               </TextLine>
               <TextLine ID="region_1638959071797_6393l50"
                         BASELINE="1164,4054 1275,4052 1387,4050 1498,4048 1610,4046 1722,4046 1833,4044 1945,4044 2056,4042 2168,4042 2280,4042 2391,4042 2503,4042 2614,4044 2726,4044 2838,4046 2949,4048 3061,4051 3172,4054 3284,4057 3396,4062"
                         HEIGHT="149"
                         WIDTH="2262"
                         VPOS="3973"
                         HPOS="1149">
                  <String ID="string_region_1638959071797_6393l50"
                          HEIGHT="149"
                          WIDTH="2262"
                          VPOS="3973"
                          HPOS="1149"
                          CONTENT="aen raphael coots te voor mijn ordre te besorgen blyvende naer groetenissie"/>
               </TextLine>
            </TextBlock>
            <TextBlock ID="region_1638959074966_6396"
                       HEIGHT="4348"
                       WIDTH="2646"
                       VPOS="114"
                       HPOS="3462">
               <Shape>
                  <Polygon POINTS="3462,114 6108,114 6108,4462 3462,4462"/>
               </Shape>
               <TextLine ID="region_1638959074966_6396l1"
                         BASELINE="5970,260 5995,262 6021,263 6046,264 6072,266"
                         HEIGHT="120"
                         WIDTH="138"
                         VPOS="199"
                         HPOS="5951">
                  <String ID="string_region_1638959074966_6396l1"
                          HEIGHT="120"
                          WIDTH="138"
                          VPOS="199"
                          HPOS="5951"
                          CONTENT="253"/>
               </TextLine>
               <TextLine ID="region_1638959074966_6396l2"
                         BASELINE="3508,288 3536,285 3565,281 3594,278 3623,275 3652,273 3680,270 3709,270 3738,267 3767,266 3796,264 3824,263 3853,262 3882,262 3911,260 3940,260 3968,260 3997,258 4026,258 4055,257 4084,256"
                         HEIGHT="175"
                         WIDTH="615"
                         VPOS="155"
                         HPOS="3488">
                  <String ID="string_region_1638959074966_6396l2"
                          HEIGHT="175"
                          WIDTH="615"
                          VPOS="155"
                          HPOS="3488"
                          CONTENT="Even m. Cobbt Cou"/>
               </TextLine>
               <TextLine ID="region_1638959074966_6396l3"
                         BASELINE="5362,298 5387,296 5412,293 5438,292 5463,290 5489,290 5514,288 5540,288 5565,288 5591,288 5616,288 5642,288 5667,288 5693,288 5718,288 5744,288 5769,288 5795,288 5820,288 5846,288"
                         HEIGHT="144"
                         WIDTH="517"
                         VPOS="212"
                         HPOS="5346">
                  <String ID="string_region_1638959074966_6396l3"
                          HEIGHT="144"
                          WIDTH="517"
                          VPOS="212"
                          HPOS="5346"
                          CONTENT="a5 aug 1682"/>
               </TextLine>
               <TextLine ID="region_1638959074966_6396l4"
                         BASELINE="3666,368 3786,362 3906,359 4026,356 4146,354 4267,352 4387,352 4507,354 4627,355 4747,358 4868,360 4988,364 5108,366 5228,370 5348,374 5469,376 5589,380 5709,384 5829,386 5949,390 6070,392"
                         HEIGHT="133"
                         WIDTH="2438"
                         VPOS="267"
                         HPOS="3649">
                  <String ID="string_region_1638959074966_6396l4"
                          HEIGHT="133"
                          WIDTH="2438"
                          VPOS="267"
                          HPOS="3649"
                          CONTENT="on the 24 past was to you my last, sence recd yd. of 11d. or on Ewineg is well arrived "/>
               </TextLine>
               <TextLine ID="region_1638959074966_6396l5"
                         BASELINE="3664,458 3783,451 3903,446 4023,442 4143,438 4263,435 4383,432 4503,432 4623,432 4743,432 4863,432 4982,434 5102,436 5222,440 5342,442 5462,446 5582,448 5702,452 5822,457 5942,460 6062,464"
                         HEIGHT="100"
                         WIDTH="2428"
                         VPOS="381"
                         HPOS="3649">
                  <String ID="string_region_1638959074966_6396l5"
                          HEIGHT="100"
                          WIDTH="2428"
                          VPOS="381"
                          HPOS="3649"
                          CONTENT="&amp; the goods are dayly exspected sere, upon ecamination of the patt. fijnde severall duth"/>
               </TextLine>
               <TextLine ID="region_1638959074966_6396l6"
                         BASELINE="3650,536 3771,534 3892,532 4013,530 4134,528 4255,526 4376,526 4497,524 4618,524 4739,524 4860,524 4981,524 5102,526 5223,526 5344,528 5465,530 5586,533 5707,536 5828,540 5949,544 6070,548"
                         HEIGHT="116"
                         WIDTH="2453"
                         VPOS="472"
                         HPOS="3634">
                  <String ID="string_region_1638959074966_6396l6"
                          HEIGHT="116"
                          WIDTH="2453"
                          VPOS="472"
                          HPOS="3634"
                          CONTENT="cullours, so for the future you please to avorde such, I exspect the perpet op Iirst"/>
               </TextLine>
               <TextLine ID="region_1638959074966_6396l7"
                         BASELINE="3630,630 3752,625 3875,621 3997,618 4120,614 4242,612 4365,610 4487,610 4610,608 4732,608 4855,608 4977,610 5100,610 5222,612 5345,614 5467,616 5590,618 5712,621 5835,624 5957,627 6080,630"
                         HEIGHT="135"
                         WIDTH="2483"
                         VPOS="540"
                         HPOS="3614">
                  <String ID="string_region_1638959074966_6396l7"
                          HEIGHT="135"
                          WIDTH="2483"
                          VPOS="540"
                          HPOS="3614"
                          CONTENT="In the meane wbile I would I lave you provide to send witl the first vessel 2 bales "/>
               </TextLine>
               <TextLine ID="region_1638959074966_6396l8"
                         BASELINE="3644,716 3765,711 3886,706 4007,704 4128,700 4249,698 4370,696 4491,694 4612,694 4733,694 4854,694 4975,694 5096,696 5217,696 5338,699 5459,702 5580,704 5701,708 5822,710 5943,714 6064,718"
                         HEIGHT="147"
                         WIDTH="2452"
                         VPOS="614"
                         HPOS="3629">
                  <String ID="string_region_1638959074966_6396l8"
                          HEIGHT="147"
                          WIDTH="2452"
                          VPOS="614"
                          HPOS="3629"
                          CONTENT="one to cont. about 25 cloth serges ½ to be browne black, &amp; gold, non of the light"/>
               </TextLine>
               <TextLine ID="region_1638959074966_6396l9"
                         BASELINE="3642,804 3763,800 3885,796 4006,792 4128,790 4250,788 4371,786 4493,784 4614,784 4736,784 4858,784 4979,784 5101,784 5222,786 5344,788 5466,790 5587,792 5709,796 5830,798 5952,802 6074,806"
                         HEIGHT="126"
                         WIDTH="2464"
                         VPOS="717"
                         HPOS="3626">
                  <String ID="string_region_1638959074966_6396l9"
                          HEIGHT="126"
                          WIDTH="2464"
                          VPOS="717"
                          HPOS="3626"
                          CONTENT="sort, butt most to this patt. &amp; the  other ½ part of the sparrne grayes amonghst "/>
               </TextLine>
               <TextLine ID="region_1638959074966_6396l10"
                         BASELINE="3638,900 3759,894 3880,888 4001,884 4122,880 4244,876 4365,874 4486,872 4607,872 4728,872 4850,872 4971,874 5092,874 5213,876 5334,878 5456,882 5577,884 5698,888 5819,892 5940,896 6062,900"
                         HEIGHT="128"
                         WIDTH="2455"
                         VPOS="793"
                         HPOS="3622">
                  <String ID="string_region_1638959074966_6396l10"
                          HEIGHT="128"
                          WIDTH="2455"
                          VPOS="793"
                          HPOS="3622"
                          CONTENT="which some of this cutl., also one pack to cont serges 22yds 30 p. vry 18 sparron"/>
               </TextLine>
               <TextLine ID="region_1638959074966_6396l11"
                         BASELINE="3658,990 3778,983 3899,977 4019,973 4140,970 4260,967 4381,966 4501,964 4622,964 4742,965 4863,966 4983,968 5104,968 5224,970 5345,972 5465,974 5586,976 5706,978 5827,978 5947,980 6068,980"
                         HEIGHT="144"
                         WIDTH="2443"
                         VPOS="894"
                         HPOS="3641">
                  <String ID="string_region_1638959074966_6396l11"
                          HEIGHT="144"
                          WIDTH="2443"
                          VPOS="894"
                          HPOS="3641"
                          CONTENT="rays, &amp; gold &amp; black cult &amp; 4 broune mishe in prys about 20 a 41 ƒt &amp; the "/>
               </TextLine>
               <TextLine ID="region_1638959074966_6396l12"
                         BASELINE="3650,1078 3772,1072 3895,1068 4018,1064 4140,1062 4263,1058 4386,1058 4508,1056 4631,1056 4754,1054 4877,1056 4999,1056 5122,1056 5245,1058 5367,1058 5490,1060 5613,1062 5735,1064 5858,1066 5981,1068 6104,1070"
                         HEIGHT="160"
                         WIDTH="2486"
                         VPOS="971"
                         HPOS="3634">
                  <String ID="string_region_1638959074966_6396l12"
                          HEIGHT="160"
                          WIDTH="2486"
                          VPOS="971"
                          HPOS="3634"
                          CONTENT="cloth serges ol about 45a 46 p a gd., the bill of m. Cole I have accepted, &amp; shall "/>
               </TextLine>
               <TextLine ID="region_1638959074966_6396l13"
                         BASELINE="3650,1174 3770,1167 3891,1161 4012,1156 4133,1152 4254,1150 4375,1148 4496,1146 4617,1146 4738,1146 4859,1146 4979,1146 5100,1148 5221,1148 5342,1150 5463,1152 5584,1156 5705,1158 5826,1160 5947,1164 6068,1166"
                         HEIGHT="110"
                         WIDTH="2449"
                         VPOS="1074"
                         HPOS="3633">
                  <String ID="string_region_1638959074966_6396l13"
                          HEIGHT="110"
                          WIDTH="2449"
                          VPOS="1074"
                          HPOS="3633"
                          CONTENT="be duely sahifyed, endeavour to do mee well, &amp; I'le do you well also, for in case "/>
               </TextLine>
               <TextLine ID="region_1638959074966_6396l14"
                         BASELINE="3656,1276 3775,1267 3895,1259 4015,1253 4135,1248 4255,1243 4374,1240 4494,1236 4614,1234 4734,1234 4854,1234 4973,1234 5093,1235 5213,1236 5333,1238 5453,1241 5572,1244 5692,1246 5812,1250 5932,1252 6052,1256"
                         HEIGHT="143"
                         WIDTH="2428"
                         VPOS="1179"
                         HPOS="3639">
                  <String ID="string_region_1638959074966_6396l14"
                          HEIGHT="143"
                          WIDTH="2428"
                          VPOS="1179"
                          HPOS="3639"
                          CONTENT="I cau make itt worth mij while, shall give you largens imploy. the bill of "/>
               </TextLine>
               <TextLine ID="region_1638959074966_6396l15"
                         BASELINE="3644,1366 3670,1362 3696,1359 3722,1356 3749,1353 3775,1352 3801,1350 3828,1348 3854,1348 3880,1348 3907,1348 3933,1348 3959,1348 3985,1348 4012,1348 4038,1348 4064,1348 4091,1348 4117,1348 4143,1348 4170,1346"
                         HEIGHT="131"
                         WIDTH="561"
                         VPOS="1284"
                         HPOS="3626">
                  <String ID="string_region_1638959074966_6396l15"
                          HEIGHT="131"
                          WIDTH="561"
                          VPOS="1284"
                          HPOS="3626"
                          CONTENT="m Cole is £ 20509"/>
               </TextLine>
               <TextLine ID="region_1638959074966_6396l16"
                         BASELINE="5478,1442 5505,1438 5532,1435 5560,1433 5587,1432 5615,1432 5642,1431 5670,1428"
                         HEIGHT="169"
                         WIDTH="227"
                         VPOS="1326"
                         HPOS="5458">
                  <String ID="string_region_1638959074966_6396l16"
                          HEIGHT="169"
                          WIDTH="227"
                          VPOS="1326"
                          HPOS="5458"
                          CONTENT="65d."/>
               </TextLine>
               <TextLine ID="region_1638959074966_6396l17"
                         BASELINE="3490,1472 3518,1470 3546,1467 3574,1464 3602,1462 3631,1460 3659,1460 3687,1459 3715,1458 3743,1458 3772,1458 3800,1459 3828,1460 3856,1462 3884,1462 3913,1465 3941,1466 3969,1470 3997,1472 4025,1475 4054,1478"
                         HEIGHT="177"
                         WIDTH="597"
                         VPOS="1360"
                         HPOS="3474">
                  <String ID="string_region_1638959074966_6396l17"
                          HEIGHT="177"
                          WIDTH="597"
                          VPOS="1360"
                          HPOS="3474"
                          CONTENT="Londen mr. George Cole"/>
               </TextLine>
               <TextLine ID="region_1638959074966_6396l18"
                         BASELINE="3640,1574 3759,1572 3878,1570 3997,1570 4116,1568 4235,1568 4354,1568 4473,1566 4592,1566 4711,1568 4831,1568 4950,1568 5069,1570 5188,1570 5307,1572 5426,1574 5545,1576 5664,1578 5783,1580 5902,1584 6022,1586"
                         HEIGHT="133"
                         WIDTH="2412"
                         VPOS="1488"
                         HPOS="3625">
                  <String ID="string_region_1638959074966_6396l18"
                          HEIGHT="133"
                          WIDTH="2412"
                          VPOS="1488"
                          HPOS="3625"
                          CONTENT="sence mij last to you on the 29 past, recd yd of 17td., I have given you creditt"/>
               </TextLine>
               <TextLine ID="region_1638959074966_6396l19"
                         BASELINE="3654,1664 3773,1663 3893,1662 4013,1662 4133,1662 4253,1662 4372,1660 4492,1660 4612,1660 4732,1662 4852,1662 4971,1662 5091,1662 5211,1664 5331,1664 5451,1664 5570,1666 5690,1668 5810,1668 5930,1670 6050,1672"
                         HEIGHT="140"
                         WIDTH="2428"
                         VPOS="1588"
                         HPOS="3637">
                  <String ID="string_region_1638959074966_6396l19"
                          HEIGHT="140"
                          WIDTH="2428"
                          VPOS="1588"
                          HPOS="3637"
                          CONTENT="for £41.1.11 to pay m. Eeastabrooke of Epgn, as also for £205 „9ƒ for mr. Lobb&amp; comen"/>
               </TextLine>
               <TextLine ID="region_1638959074966_6396l20"
                         BASELINE="3652,1754 3770,1756 3889,1756 4008,1756 4127,1756 4246,1756 4365,1756 4484,1756 4603,1754 4722,1754 4841,1754 4959,1754 5078,1756 5197,1756 5316,1756 5435,1758 5554,1760 5673,1762 5792,1764 5911,1768 6030,1772"
                         HEIGHT="101"
                         WIDTH="2409"
                         VPOS="1674"
                         HPOS="3635">
                  <String ID="string_region_1638959074966_6396l20"
                          HEIGHT="101"
                          WIDTH="2409"
                          VPOS="1674"
                          HPOS="3635"
                          CONTENT="&amp; made you debtor for £205:9 for yd. bill gayable to Rap: Herigues, &amp; for £34„ 10"/>
               </TextLine>
               <TextLine ID="region_1638959074966_6396l21"
                         BASELINE="3640,1856 3760,1852 3880,1850 4000,1848 4121,1846 4241,1846 4361,1844 4482,1844 4602,1846 4722,1846 4843,1846 4963,1848 5083,1850 5203,1850 5324,1852 5444,1854 5564,1854 5685,1856 5805,1856 5925,1858 6046,1858"
                         HEIGHT="134"
                         WIDTH="2437"
                         VPOS="1773"
                         HPOS="3626">
                  <String ID="string_region_1638959074966_6396l21"
                          HEIGHT="134"
                          WIDTH="2437"
                          VPOS="1773"
                          HPOS="3626"
                          CONTENT="to faut lambert boarh, waich I eave accepted, &amp; shall be duuly payd, in the meane"/>
               </TextLine>
               <TextLine ID="region_1638959074966_6396l22"
                         BASELINE="3630,1944 3749,1942 3868,1940 3987,1938 4106,1938 4225,1938 4344,1938 4463,1938 4582,1938 4701,1940 4821,1940 4940,1942 5059,1942 5178,1944 5297,1946 5416,1948 5535,1950 5654,1950 5773,1952 5892,1954 6012,1954"
                         HEIGHT="111"
                         WIDTH="2412"
                         VPOS="1908"
                         HPOS="3615">
                  <String ID="string_region_1638959074966_6396l22"
                          HEIGHT="111"
                          WIDTH="2412"
                          VPOS="1908"
                          HPOS="3615"
                          CONTENT="while exspect yds ord. to valeu sor m. lumm, wsen wee will settle the ballance "/>
               </TextLine>
               <TextLine ID="region_1638959074966_6396l23"
                         BASELINE="3642,2036 3681,2036 3721,2036 3761,2036 3801,2034 3841,2034 3880,2034 3920,2034 3960,2034 4000,2034 4040,2034 4079,2034 4119,2034 4159,2035 4199,2036 4239,2036 4278,2036 4318,2036 4358,2036 4398,2034 4438,2034"
                         HEIGHT="129"
                         WIDTH="825"
                         VPOS="1968"
                         HPOS="3627">
                  <String ID="string_region_1638959074966_6396l23"
                          HEIGHT="129"
                          WIDTH="825"
                          VPOS="1968"
                          HPOS="3627"
                          CONTENT="of m. Jos: viavian deseased "/>
               </TextLine>
               <TextLine ID="region_1638959074966_6396l24"
                         BASELINE="5568,2144 5594,2141 5620,2140 5646,2140 5673,2141 5699,2142 5725,2144 5752,2144"
                         HEIGHT="85"
                         WIDTH="216"
                         VPOS="2081"
                         HPOS="5551">
                  <String ID="string_region_1638959074966_6396l24"
                          HEIGHT="85"
                          WIDTH="216"
                          VPOS="2081"
                          HPOS="5551"
                          CONTENT="a 58"/>
               </TextLine>
               <TextLine ID="region_1638959074966_6396l25"
                         BASELINE="3502,2152 3530,2152 3559,2151 3587,2150 3616,2148 3644,2148 3673,2146 3701,2146 3730,2145 3758,2144 3787,2144 3815,2144 3844,2144 3872,2143 3901,2142 3929,2144 3958,2144 3986,2144 4015,2145 4043,2146 4072,2148"
                         HEIGHT="133"
                         WIDTH="603"
                         VPOS="2056"
                         HPOS="3484">
                  <String ID="string_region_1638959074966_6396l25"
                          HEIGHT="133"
                          WIDTH="603"
                          VPOS="2056"
                          HPOS="3484"
                          CONTENT="London Abram Bivian"/>
               </TextLine>
               <TextLine ID="region_1638959074966_6396l26"
                         BASELINE="3640,2238 3759,2238 3878,2240 3997,2242 4116,2244 4235,2246 4354,2248 4473,2250 4592,2252 4711,2255 4831,2258 4950,2260 5069,2262 5188,2264 5307,2266 5426,2268 5545,2270 5664,2272 5783,2274 5902,2274 6022,2276"
                         HEIGHT="189"
                         WIDTH="2414"
                         VPOS="2143"
                         HPOS="3625">
                  <String ID="string_region_1638959074966_6396l26"
                          HEIGHT="189"
                          WIDTH="2414"
                          VPOS="2143"
                          HPOS="3625"
                          CONTENT="mij last to you was ontle first curtt sence reed yd of 2 past Pindar beeng anved "/>
               </TextLine>
               <TextLine ID="region_1638959074966_6396l27"
                         BASELINE="3622,2334 3742,2336 3863,2338 3984,2340 4104,2341 4225,2344 4346,2345 4466,2348 4587,2348 4708,2351 4829,2353 4949,2354 5070,2356 5191,2358 5311,2360 5432,2361 5553,2362 5673,2364 5794,2364 5915,2364 6036,2364"
                         HEIGHT="140"
                         WIDTH="2444"
                         VPOS="2289"
                         HPOS="3607">
                  <String ID="string_region_1638959074966_6396l27"
                          HEIGHT="140"
                          WIDTH="2444"
                          VPOS="2289"
                          HPOS="3607"
                          CONTENT="I do not as yett know, what packes be on tis board, you say 9 so there must be all"/>
               </TextLine>
               <TextLine ID="region_1638959074966_6396l28"
                         BASELINE="3626,2428 3746,2430 3866,2432 3986,2434 4106,2436 4226,2438 4346,2440 4466,2442 4586,2445 4706,2448 4826,2450 4946,2452 5066,2454 5186,2456 5306,2458 5426,2460 5546,2462 5666,2462 5786,2464 5906,2464 6026,2464"
                         HEIGHT="134"
                         WIDTH="2432"
                         VPOS="2387"
                         HPOS="3611">
                  <String ID="string_region_1638959074966_6396l28"
                          HEIGHT="134"
                          WIDTH="2432"
                          VPOS="2387"
                          HPOS="3611"
                          CONTENT="I have invoyce of, butt sow could you forgett the bayes, where as you know I told"/>
               </TextLine>
               <TextLine ID="region_1638959074966_6396l29"
                         BASELINE="3630,2524 3751,2526 3873,2528 3995,2532 4117,2534 4239,2536 4361,2538 4483,2540 4605,2542 4727,2544 4849,2546 4970,2548 5092,2550 5214,2552 5336,2553 5458,2554 5580,2556 5702,2557 5824,2558 5946,2559 6068,2560"
                         HEIGHT="166"
                         WIDTH="2473"
                         VPOS="2458"
                         HPOS="3613">
                  <String ID="string_region_1638959074966_6396l29"
                          HEIGHT="166"
                          WIDTH="2473"
                          VPOS="2458"
                          HPOS="3613"
                          CONTENT="you before all 2 bales of bayes in each vessel, all the yeare round, now smish is to"/>
               </TextLine>
               <TextLine ID="region_1638959074966_6396l30"
                         BASELINE="3620,2630 3740,2630 3860,2630 3980,2630 4100,2632 4221,2632 4341,2634 4461,2634 4581,2636 4701,2638 4822,2640 4942,2641 5062,2644 5182,2645 5302,2646 5423,2650 5543,2651 5663,2652 5783,2654 5903,2656 6024,2658"
                         HEIGHT="137"
                         WIDTH="2438"
                         VPOS="2581"
                         HPOS="3603">
                  <String ID="string_region_1638959074966_6396l30"
                          HEIGHT="137"
                          WIDTH="2438"
                          VPOS="2581"
                          HPOS="3603"
                          CONTENT="saile within ⅓, so that will be to long, where fore pray gett one bale of bayes by"/>
               </TextLine>
               <TextLine ID="region_1638959074966_6396l31"
                         BASELINE="3622,2720 3736,2720 3851,2721 3966,2722 4081,2724 4196,2726 4310,2728 4425,2729 4540,2730 4655,2733 4770,2736 4884,2738 4999,2740 5114,2742 5229,2744 5344,2746 5458,2748 5573,2750 5688,2752 5803,2754 5918,2756"
                         HEIGHT="166"
                         WIDTH="2328"
                         VPOS="2638"
                         HPOS="3606">
                  <String ID="string_region_1638959074966_6396l31"
                          HEIGHT="166"
                          WIDTH="2328"
                          VPOS="2638"
                          HPOS="3606"
                          CONTENT="way of Rotterdam, &amp; a soundred p. more by smits. I shall remitt I next"/>
               </TextLine>
               <TextLine ID="region_1638959074966_6396l32"
                         BASELINE="3628,2820 3747,2818 3866,2820 3986,2820 4105,2820 4225,2822 4344,2824 4463,2826 4583,2829 4702,2832 4822,2834 4941,2837 5060,2840 5180,2842 5299,2844 5419,2848 5538,2850 5657,2850 5777,2852 5896,2854 6016,2854"
                         HEIGHT="108"
                         WIDTH="2424"
                         VPOS="2771"
                         HPOS="3610">
                  <String ID="string_region_1638959074966_6396l32"
                          HEIGHT="108"
                          WIDTH="2424"
                          VPOS="2771"
                          HPOS="3610"
                          CONTENT="I have given the necestary orders about the cheese, butt you do not mentione then "/>
               </TextLine>
               <TextLine ID="region_1638959074966_6396l33"
                         BASELINE="3636,2920 3755,2920 3875,2920 3994,2920 4114,2920 4233,2922 4353,2922 4472,2924 4592,2926 4711,2927 4831,2930 4950,2932 5070,2934 5189,2936 5309,2940 5428,2942 5548,2946 5667,2948 5787,2952 5906,2954 6026,2958"
                         HEIGHT="178"
                         WIDTH="2420"
                         VPOS="2832"
                         HPOS="3621">
                  <String ID="string_region_1638959074966_6396l33"
                          HEIGHT="178"
                          WIDTH="2420"
                          VPOS="2832"
                          HPOS="3621"
                          CONTENT="cost to credit you accordingly, Inclosed the invoyce of last packett n° 10 for yd ½ in "/>
               </TextLine>
               <TextLine ID="region_1638959074966_6396l34"
                         BASELINE="3628,3024 3748,3024 3868,3024 3988,3024 4108,3024 4229,3026 4349,3026 4469,3028 4589,3028 4709,3030 4830,3031 4950,3032 5070,3034 5190,3036 5310,3038 5431,3040 5551,3041 5671,3042 5791,3044 5911,3046 6032,3048"
                         HEIGHT="113"
                         WIDTH="2435"
                         VPOS="2985"
                         HPOS="3613">
                  <String ID="string_region_1638959074966_6396l34"
                          HEIGHT="113"
                          WIDTH="2435"
                          VPOS="2985"
                          HPOS="3613"
                          CONTENT="which please to give mee credit, now I shall desist till further ord., I am sorry"/>
               </TextLine>
               <TextLine ID="region_1638959074966_6396l35"
                         BASELINE="3620,3118 3740,3118 3861,3118 3982,3120 4103,3122 4224,3124 4344,3126 4465,3128 4586,3130 4707,3134 4828,3136 4948,3138 5069,3140 5190,3142 5311,3144 5432,3145 5552,3146 5673,3146 5794,3146 5915,3144 6036,3142"
                         HEIGHT="142"
                         WIDTH="2446"
                         VPOS="3068"
                         HPOS="3604">
                  <String ID="string_region_1638959074966_6396l35"
                          HEIGHT="142"
                          WIDTH="2446"
                          VPOS="3068"
                          HPOS="3604"
                          CONTENT="for tre loss of yd. pretterres, I shall provide 30 p more to desire, &amp; send them, according"/>
               </TextLine>
               <TextLine ID="region_1638959074966_6396l36"
                         BASELINE="3644,3224 3669,3222 3694,3221 3719,3220 3744,3220 3769,3220 3794,3220 3820,3220 3845,3220 3870,3220 3895,3219 3920,3218 3945,3216 3970,3214 3996,3212"
                         HEIGHT="120"
                         WIDTH="385"
                         VPOS="3148"
                         HPOS="3627">
                  <String ID="string_region_1638959074966_6396l36"
                          HEIGHT="120"
                          WIDTH="385"
                          VPOS="3148"
                          HPOS="3627"
                          CONTENT="to direchon"/>
               </TextLine>
               <TextLine ID="region_1638959074966_6396l37"
                         BASELINE="5010,3278 5038,3277 5066,3276 5095,3276 5123,3276 5152,3274 5180,3274 5208,3274 5237,3274 5265,3274 5294,3275 5322,3276 5350,3276 5379,3276 5407,3276 5436,3275 5464,3274 5492,3274 5521,3274 5549,3272 5578,3270"
                         HEIGHT="155"
                         WIDTH="599"
                         VPOS="3179"
                         HPOS="4995">
                  <String ID="string_region_1638959074966_6396l37"
                          HEIGHT="155"
                          WIDTH="599"
                          VPOS="3179"
                          HPOS="4995"
                          CONTENT="Anters 6 augusti"/>
               </TextLine>
               <TextLine ID="region_1638959074966_6396l38"
                         BASELINE="3482,3296 3525,3294 3568,3292 3611,3291 3654,3290 3697,3289 3740,3288 3783,3288 3826,3288 3869,3288 3912,3288 3955,3288 3998,3290 4041,3290 4084,3292 4127,3292 4170,3294 4213,3295 4256,3296 4299,3298 4342,3298"
                         HEIGHT="135"
                         WIDTH="890"
                         VPOS="3219"
                         HPOS="3467">
                  <String ID="string_region_1638959074966_6396l38"
                          HEIGHT="135"
                          WIDTH="890"
                          VPOS="3219"
                          HPOS="3467"
                          CONTENT="mons Lauvens franchois perin"/>
               </TextLine>
               <TextLine ID="region_1638959074966_6396l39"
                         BASELINE="3626,3392 3744,3390 3862,3390 3980,3390 4099,3392 4217,3392 4335,3393 4454,3394 4572,3396 4690,3398 4809,3400 4927,3402 5045,3404 5163,3405 5282,3407 5400,3408 5518,3410 5637,3412 5755,3414 5873,3414 5992,3416"
                         HEIGHT="116"
                         WIDTH="2397"
                         VPOS="3316"
                         HPOS="3610">
                  <String ID="string_region_1638959074966_6396l39"
                          HEIGHT="116"
                          WIDTH="2397"
                          VPOS="3316"
                          HPOS="3610"
                          CONTENT="prousicur en repouse en la vostre de 3 courant  ie vous envoye ou iourdai le "/>
               </TextLine>
               <TextLine ID="region_1638959074966_6396l40"
                         BASELINE="3628,3468 3747,3468 3866,3468 3986,3468 4105,3470 4225,3470 4344,3470 4463,3472 4583,3472 4702,3473 4822,3474 4941,3476 5060,3476 5180,3478 5299,3480 5419,3482 5538,3484 5657,3484 5777,3486 5896,3488 6016,3490"
                         HEIGHT="119"
                         WIDTH="2419"
                         VPOS="3416"
                         HPOS="3613">
                  <String ID="string_region_1638959074966_6396l40"
                          HEIGHT="119"
                          WIDTH="2419"
                          VPOS="3416"
                          HPOS="3613"
                          CONTENT="drap verd claire avec un brune a la mode poar le noire ne sera pas pret que"/>
               </TextLine>
               <TextLine ID="region_1638959074966_6396l41"
                         BASELINE="3640,3542 3759,3542 3879,3542 3999,3542 4119,3542 4239,3542 4358,3542 4478,3544 4598,3544 4718,3546 4838,3546 4957,3548 5077,3549 5197,3550 5317,3552 5437,3552 5556,3554 5676,3554 5796,3556 5916,3556 6036,3556"
                         HEIGHT="104"
                         WIDTH="2425"
                         VPOS="3497"
                         HPOS="3626">
                  <String ID="string_region_1638959074966_6396l41"
                          HEIGHT="104"
                          WIDTH="2425"
                          VPOS="3497"
                          HPOS="3626"
                          CONTENT="pour la le maine que viene et aussi alors le drap bran bleu, quil sera tent selon"/>
               </TextLine>
               <TextLine ID="region_1638959074966_6396l42"
                         BASELINE="3620,3618 3741,3616 3862,3616 3983,3614 4104,3614 4225,3614 4346,3614 4467,3615 4588,3616 4709,3616 4830,3618 4951,3618 5072,3618 5193,3620 5314,3620 5435,3622 5556,3622 5677,3622 5798,3622 5919,3622 6040,3622"
                         HEIGHT="93"
                         WIDTH="2452"
                         VPOS="3551"
                         HPOS="3604">
                  <String ID="string_region_1638959074966_6396l42"
                          HEIGHT="93"
                          WIDTH="2452"
                          VPOS="3551"
                          HPOS="3604"
                          CONTENT="vostre chantillion estent un drap de pacq WW tous merch quil coutera £ 20 blan"/>
               </TextLine>
               <TextLine ID="region_1638959074966_6396l43"
                         BASELINE="3634,3690 3752,3690 3871,3690 3990,3690 4108,3690 4227,3692 4346,3692 4464,3692 4583,3692 4702,3694 4821,3694 4939,3694 5058,3694 5177,3694 5295,3696 5414,3696 5533,3696 5651,3696 5770,3696 5889,3694 6008,3694"
                         HEIGHT="76"
                         WIDTH="2403"
                         VPOS="3629"
                         HPOS="3620">
                  <String ID="string_region_1638959074966_6396l43"
                          HEIGHT="76"
                          WIDTH="2403"
                          VPOS="3629"
                          HPOS="3620"
                          CONTENT="l'ententure ƒ8 la tonderie ƒ12: font £20- ensemble ates le drap ƒ140-"/>
               </TextLine>
               <TextLine ID="region_1638959074966_6396l44"
                         BASELINE="3630,3772 3748,3770 3866,3768 3984,3768 4102,3768 4220,3766 4338,3768 4456,3768 4574,3768 4692,3769 4811,3770 4929,3770 5047,3772 5165,3772 5283,3774 5401,3774 5519,3774 5637,3774 5755,3774 5873,3774 5992,3772"
                         HEIGHT="102"
                         WIDTH="2391"
                         VPOS="3704"
                         HPOS="3615">
                  <String ID="string_region_1638959074966_6396l44"
                          HEIGHT="102"
                          WIDTH="2391"
                          VPOS="3704"
                          HPOS="3615"
                          CONTENT="ce quil fera a 40 iour e pris un de 18 ½ mais celles de £20- lont le plas"/>
               </TextLine>
               <TextLine ID="region_1638959074966_6396l45"
                         BASELINE="3634,3846 3752,3846 3870,3844 3988,3844 4106,3844 4224,3846 4342,3846 4460,3846 4578,3846 4696,3848 4814,3848 4932,3848 5050,3850 5168,3850 5286,3851 5404,3852 5522,3852 5640,3854 5758,3854 5876,3854 5994,3854"
                         HEIGHT="98"
                         WIDTH="2391"
                         VPOS="3801"
                         HPOS="3618">
                  <String ID="string_region_1638959074966_6396l45"
                          HEIGHT="98"
                          WIDTH="2391"
                          VPOS="3801"
                          HPOS="3618"
                          CONTENT="propves, il ne sera pas par ame de tout, a vostre gouverne, vous ne demend"/>
               </TextLine>
               <TextLine ID="region_1638959074966_6396l46"
                         BASELINE="3644,3930 3760,3926 3877,3924 3993,3924 4110,3922 4227,3922 4343,3924 4460,3924 4576,3926 4693,3928 4810,3930 4926,3932 5043,3934 5159,3936 5276,3938 5393,3940 5509,3942 5626,3943 5742,3944 5859,3944 5976,3944"
                         HEIGHT="114"
                         WIDTH="2364"
                         VPOS="3877"
                         HPOS="3627">
                  <String ID="string_region_1638959074966_6396l46"
                          HEIGHT="114"
                          WIDTH="2364"
                          VPOS="3877"
                          HPOS="3627"
                          CONTENT="pas le drap verd brune le quelle est pres ausi aiant este tent detent vostre"/>
               </TextLine>
               <TextLine ID="region_1638959074966_6396l47"
                         BASELINE="3628,4004 3747,4004 3866,4004 3985,4004 4104,4004 4224,4004 4343,4004 4462,4006 4581,4006 4700,4008 4820,4008 4939,4010 5058,4012 5177,4012 5296,4014 5416,4014 5535,4016 5654,4018 5773,4018 5892,4020 6012,4020"
                         HEIGHT="120"
                         WIDTH="2416"
                         VPOS="3948"
                         HPOS="3611">
                  <String ID="string_region_1638959074966_6396l47"
                          HEIGHT="120"
                          WIDTH="2416"
                          VPOS="3948"
                          HPOS="3611"
                          CONTENT="contramconde, raison pour quoys ie ne pans poin que vostre grace la issera cette la "/>
               </TextLine>
               <TextLine ID="region_1638959074966_6396l48"
                         BASELINE="3636,4082 3752,4082 3868,4080 3984,4080 4101,4080 4217,4080 4333,4080 4450,4080 4566,4080 4682,4080 4799,4082 4915,4082 5031,4084 5147,4084 5264,4086 5380,4088 5496,4090 5613,4092 5729,4094 5845,4097 5962,4100"
                         HEIGHT="88"
                         WIDTH="2354"
                         VPOS="4028"
                         HPOS="3622">
                  <String ID="string_region_1638959074966_6396l48"
                          HEIGHT="88"
                          WIDTH="2354"
                          VPOS="4028"
                          HPOS="3622"
                          CONTENT="sur met brasse, mais que vous sera contend que ie l'envoye avec les autres, le"/>
               </TextLine>
               <TextLine ID="region_1638959074966_6396l49"
                         BASELINE="3628,4156 3747,4156 3867,4156 3987,4156 4107,4156 4227,4156 4346,4155 4466,4154 4586,4154 4706,4154 4826,4154 4945,4154 5065,4154 5185,4154 5305,4156 5425,4158 5544,4160 5664,4164 5784,4169 5904,4174 6024,4182"
                         HEIGHT="132"
                         WIDTH="2428"
                         VPOS="4088"
                         HPOS="3611">
                  <String ID="string_region_1638959074966_6396l49"
                          HEIGHT="132"
                          WIDTH="2428"
                          VPOS="4088"
                          HPOS="3611"
                          CONTENT="drap verd claire et celle a la mode que ie vous en voye ouiourdu sont p"/>
               </TextLine>
               <TextLine ID="region_1638959074966_6396l50"
                         BASELINE="3644,4234 3759,4234 3875,4232 3991,4232 4107,4232 4223,4230 4338,4230 4454,4230 4570,4228 4686,4228 4802,4228 4917,4228 5033,4228 5149,4228 5265,4230 5381,4230 5496,4232 5612,4233 5728,4235 5844,4238 5960,4240"
                         HEIGHT="120"
                         WIDTH="2348"
                         VPOS="4159"
                         HPOS="3628">
                  <String ID="string_region_1638959074966_6396l50"
                          HEIGHT="120"
                          WIDTH="2348"
                          VPOS="4159"
                          HPOS="3628"
                          CONTENT="dans le pacque de mons Jaques trivier, pous de gres blan ies vous avez les"/>
               </TextLine>
               <TextLine ID="region_1638959074966_6396l51"
                         BASELINE="3650,4296 3761,4296 3872,4296 3983,4296 4094,4296 4205,4296 4316,4298 4427,4298 4538,4298 4649,4298 4761,4300 4872,4300 4983,4300 5094,4302 5205,4302 5316,4302 5427,4302 5538,4302 5649,4302 5760,4300 5872,4300"
                         HEIGHT="105"
                         WIDTH="2252"
                         VPOS="4248"
                         HPOS="3635">
                  <String ID="string_region_1638959074966_6396l51"
                          HEIGHT="105"
                          WIDTH="2252"
                          VPOS="4248"
                          HPOS="3635"
                          CONTENT="esch antillions si vous ie peu servire ie ne manqueray pois a mon di tous"/>
               </TextLine>
               <TextLine ID="region_1638959074966_6396l52"
                         BASELINE="3658,4356 3777,4354 3896,4352 4015,4352 4135,4352 4254,4353 4373,4354 4493,4356 4612,4360 4731,4362 4851,4364 4970,4367 5089,4370 5208,4372 5328,4372 5447,4374 5566,4374 5686,4372 5805,4370 5924,4366 6044,4362"
                         HEIGHT="89"
                         WIDTH="2418"
                         VPOS="4299"
                         HPOS="3642">
                  <String ID="string_region_1638959074966_6396l52"
                          HEIGHT="89"
                          WIDTH="2418"
                          VPOS="4299"
                          HPOS="3642"
                          CONTENT="pour le drap brun tenne le panse que vous aviez satifaction sil vous nates"/>
               </TextLine>
               <TextLine ID="region_1638959074966_6396l53"
                         BASELINE="3650,4394 3716,4394 3782,4394 3848,4396 3914,4396 3980,4396 4046,4396 4112,4396 4178,4398 4244,4398 4310,4400 4376,4400 4442,4400 4508,4402 4574,4403 4640,4404 4706,4406 4772,4406 4838,4408 4904,4410 4970,4412"
                         HEIGHT="60"
                         WIDTH="1350"
                         VPOS="4356"
                         HPOS="3636">
                  <String ID="string_region_1638959074966_6396l53"
                          HEIGHT="60"
                          WIDTH="1350"
                          VPOS="4356"
                          HPOS="3636"
                          CONTENT="ne ie laut delaier a vosdre pri miere voiy age"/>
               </TextLine>
            </TextBlock>
         </PrintSpace>
      </Page>
   </Layout>
</alto>
