8248 4567
2408 183 651 132 22 meij 1681

611 190 1371 136 Amst de hulter en van Hunwigh

887 282 2160 117 ue aengenamen van 16 deser tesijne tijde ontf: hebbe

848 388 2189 134 merhelijk de vooren gedaen ul beste verkoopen en vnven

868 452 2111 120 leste noch heden de selve verkogt a ƒ11: deser contant

881 553 2093 102 die den mergen gelevert aen ijn versoek de

886 612 2211 146 ue aen mij p post gelieft te senden eenige staeltiens

904 721 1988 142 van de lestte segoviana, en super fine lagoeische

876 828 2145 105 hebbende van ider soorte ondr 6 balen noodich

923 896 1803 126 de selve sal p eert post verwaghten

2479 971 368 147 22 meij

618 980 1285 171 Rotterdam Joan vander meulen

891 1041 2186 157 den ue van 13 deser ontf: & volgens de ue verwaght. de se alleen

885 1165 2183 109 dat tot london noch packen p costij sijn afgeladen daer af p naest

891 1240 2168 121 breeder: wijders verneme geirne oft ctijt geen verse spaense

899 1310 2201 133 wollen sijn aenkomen van se goviana & pi super fine segorss

900 1394 1059 155 gelieft een stael te senden &

2316 1432 843 166 In Antwerpen 23 mey 1681

904 1490 667 92 Cornelis Real

617 1470 179 114 Antw

890 1534 2211 155 gelieft te claeren p. schip op Rotterdam een pack SN.1 met 34 stuxkens

893 1637 1241 145 rouw lijnwaet gemaeckt tot Enguien

2293 1681 695 142 In Antwerp 28 maij

595 1690 764 163 Lillo - Jean de Grand

881 1766 2241 144 mons. gelieft te verclaren int beurtschip van Cornelis Jacops - op Rott

893 1874 2287 103 Een pack als imargine inhoudende 34 stuxkens row ongeblijck lijnwaert

877 1954 2248 132 kosten £285 vlaems doch hoe veel Ellen daer sijn en kan niet weten

887 2013 2197 148 vermidts deselve hier p transit passeren, eghter dat noodigh sijnde

886 2071 2264 182 te weten soude geen moglijck heijt begeiren, soo gelieft het noodigh daer

907 2184 2193 126 voorte besorgen ende mij p eerste laten weten wat onkosten daer op

647 2234 120 142 8

646 2238 2501 178 N.1 vallen, de welke ul beneffens de leste gepasseirde cassen ten danck

904 2370 1102 129 sal rembourseren, terwijlen

2219 2404 872 141 Antwerpen 23 maij 1681

632 2436 825 145 Rotterdam Jaques Angier

887 2476 2270 161 mons. sende aen ul pr. beurtman heden nae costij een pack gemerckt

877 2561 2186 167 SN.1 inhoudende 34 stux rouw ongeblijckt lijnwaet nae goeden

901 2666 2092 142 ontfanck betaelt vraght nae reden en volght dordre van mons

2558 2723 562 158 23 maij 1681

899 2764 1100 142 segers van Enguien waermede

635 2819 1029 173 Mons. Jan B Masson

904 2873 2264 166 Mons. selon l'ordre de mons.  veraghteren J'ay envoyez a la maison

906 2964 2258 148 mortuure de fen mons dunont 2 perpetuanes noir, quils ont renvoyez

904 3052 2283 122 a cause que les draps que vous demande ne seront pas prest que dans 3 ppmaines

901 3125 2204 128 alors ie vous envoyerez avee si vre grace neles demand pas plus tempse

914 3197 2191 137 entre temp ie commence la fabrique de draps que mons demont aen

902 3288 2149 136 en fin sice vous peu seriire enquelque chose commande bibremente

2516 3342 466 103 13 maij 1681

655 3360 889 145 London Henry Maynard -

923 3394 2157 157 P. the 21: curitt wrott you what was needfull, sence wee have understood

906 3486 2183 141 that the branden bourgh capers or priuatiers have taken severall binlanders, as

901 3560 2174 118 well that come from England as hollant butt as yett wee know nott henames

917 3640 2122 141 of the ships m. onely that 5 were brought up att duynkerque the iy curitt

887 3718 2206 120 this day wee receaved the mindayes letters from london, by which m. Hem

918 3777 2162 138 wrott to Roosendael that Roow lamerd was weighting for a furre wind

905 3862 2179 152 so I hope you have the news fore now of what past & that said lamere is

895 3920 2152 135 detained where for please to take out our goods & schip them for Rotterdam

916 4004 2163 119 or flushing also what Elce is ready or a providing, for I will venterno

909 4103 2118 83 more in spanish vessels till that affaire be advisted whilst intrim

876 4192 2125 134 I supose some english ship will bealoading for ostend & remaine

4999 211 940 101 In Antwap 23 maij 168160

3303 178 883 128 Lille Richd. Southell

3599 294 2307 122 Sr. sence I wrott to you on the 13: curitt non from you this onely for couete

3598 365 2339 95 to the inclosed letter, which I send by way of yd parts for Englend to m maynard

3593 426 2339 85 which pray expediate pr. first I do not doubt butt that you heard what the brandens

3599 487 2331 116 burgh commissioners have take & brought up att duynker que, which doth quite ruun

3589 553 2340 115 our trade, for by that here is very sittle to do, & mony almost no more to be had

3590 619 2331 93 50 finde that I am constraimed to do less how things go with you shall be glad to know

3595 680 2044 113 whilst I hope you are well & all freinds & remaine with kinde saluts

3301 691 997 168 Brussel Bern: vanderklooster

5053 766 856 111 In Antwerpen 23 maij 1681

3572 785 2317 168 Monsr. in gevolghde ul schrijven van 19 deser soo hebbe de 34 stux lijnwaet

3567 889 2221 136 doen herpacken in een pack het selve germerckt SN1 ende gesonden p

3575 961 2348 174 Cornelis Jacobs beurt schip op Rost A monsr Jacques Angier om te volgen

3572 1027 2349 169 d'ordre van mons segers van Enguien, soo haest de Rek becomen vant

3575 1149 2341 130 geen op sort Austrewel & lillo, betaelt heeft sal dan alles samen voegen &

3588 1205 2343 158 Aen ul toesenden gisteren nae middagh hebbe het gelt voor ul bewijs ontfang

3577 1299 2335 119 te weten ƒ 350 daer af ƒ2 soo hebbe in ul rek gestelt ƒ348: waer in ul

3578 1362 1707 104 voorder kan dienen gelieft liberlijk te commandeeren

3283 1397 671 145 Brussel Joan Jacobs

5350 1387 481 154 23 maj 1681

3577 1472 2349 130 Mons. Den ul van 22 deser wel ontfangen wegens het gementioneert sack

3581 1570 2347 139 lakens & is noch niet gekomen, en nu met de confusie daer der branden

3572 1671 2355 118 bourghers cappers en wet niet ofte het selve niet en sal sijn in een van

3577 1700 2325 160 de genomen schepen want tot duynkerque 5 bijlanders sijn opgebroght

3590 1813 2322 104 waer van wij de naemen noch nieten wete daer af morgen meerder

3578 1869 2349 130 be schet verwacht & aen ul sal laten weten terwijlen nae groet blijve

3325 1869 706 176 London Abram vivian

4982 1956 820 147 In Antwerp 24 maij 1681

3584 2001 2311 193 Sr. my last to you was on the 25:t curitt sence recd. yd of 9 ditto in which I observe

3574 2119 2312 93 that itt is with yd laces customers, iust as itt goeths dayly here with our cloth

3575 2175 2366 162 customers which if wee would beleave, would make itt a peare that I sell 5 a 6 p

3584 2256 2350 158 dearer then any other, nay sweere that they buy fine northrens for 5 2 & 53 stuvers

3577 2346 2362 141 an ell from other, andyett they do not part butt they give 55„ 56 a 57 s anell

3583 2421 2344 139 thought itt cost a world of words to persuade them to itt, because they are so much

3590 2492 2339 112 inclined & ised to be for their owne intrest, which I am apt to be leave of yd also

3567 2558 2354 131 & there fore you must not hearken to any of such discourses one thing g observe

3583 2625 2247 114 that yd people will have cours goods & a great shew, butt do not mindeacutions

3570 2706 2346 94 thingh, which I say because I know very well what sorts mr. scawen hath, for

3584 2781 2347 135 I bought some fore him & never had one word of complaints, nay that I buycheap

3574 2881 2363 111 can Demonstrate you bj that viz after I sended away yd last packett, there were

5252 2930 61 57 7

3577 2942 2353 122 4 a 5 peeces over which I tought to have added, butt not finding them penny worth

3583 3010 2318 109 to my minde, kept them here and ordered one of my lace women to sell y und

3574 3085 2331 136 towne which she did & I gott by them  so Jean not com prehend how itt

3576 3186 2279 111 should bepossible, that what I send to you, should not prove better, what laced

3563 3234 2301 128 I buy have not from one hand, nay from 6 butt from many for now I am

3569 3323 2355 95 so well accouainted with the worck women, that bring ym to marketts that

3566 3372 2347 127 there is herdely one butt she knows mee as well att Brussell, Helst, loven

3572 3474 2272 84 meggelen & incloosters, as here amonghst others one which sells for many

3587 3524 2337 152 thousans guilders to mr. taylors partier, as the shewd mee here self: neeter

3579 3625 2337 104 novertheles if ever Iamable to do any thing, shall now end cavour) and in case

3592 3719 2303 111 what I shall now send will not do I shall be content you dedist so then

3569 3791 2355 112 shall prepare 2 packetts to yd dircction and one packett from peece to peece

3586 3897 2309 101 to the rection of m. scawer that so you may see by which manner

3582 3968 2259 97 you finde the best incorrigement to continue there is no apercance here of

3576 4052 2322 137 a yackt comming, so will send for newport as soone as ready of or the broad lace

3599 4119 2279 151 I remember I sent you one, and markett y with a note because itt was loohed upon

3587 4252 2282 93 here to be so good apenni worth itt was of a plaine ground, if itt be that you complaine

3566 4318 2318 122 of I know not I have sent no broadones to mr. scawen butt all cours goods of lo
