8549 4595
1076 196 2306 148 mone did come by smish. I obs what you bonght for ready mow

1089 300 2336 171 if you can content yd. self one fortenighs longer, I do not gquestion, but shall

1079 376 2318 151 shall bee su a good capacctie to remitt to yd satisfacton. shis day I have

1098 479 2271 172 simoured yd. bill of s march on m. vale & pas to yd owne accts as also

1080 557 2303 180 £150 for my inclosed bill on mr. Ed. warner att 2vw att 34.10 for yd acctt

1089 667 2273 173 which in case gives no content dh next wick please to draw £200-  for

1082 794 2294 170 mij acctt. att 28s, I have p for m. warner the menhoned £150- for you

1070 868 2301 163 £100- yo bill on mee of 22 feb & £130  of m. Scawa & all this weel

1093 991 2279 136 sath hutt mee ont of eash, butt now I have nothing more to pay till

1073 1095 2326 132 ½ june, so all what I shall be able to provide in the meane while shall

1078 1145 2273 169 be att yd. service, a remitted without faile. for spanil coathas you wmay

1106 1250 2257 185 gett ready 2 balen y frust, also pact. of which to be of a lovely drap

1091 1349 2258 172 collour missure, & mostall of the heys or like prijses penniworchs

1097 1441 2288 178 Ivonder what you say of IK his buying & shipping of spanish cloathes

1097 1545 2301 160 sure no goods are entred here, butt what I causce, I finde, I receave is

1105 1681 2277 98 maniy goods allo allone, as all in correspondents hee boghetehes, so he must

1122 1771 2252 97 send them some where elce, or I do not understand itt: I hear not

1128 1829 2240 172 one worth of yd. &ther bill on vace, which if comes shall alse beduely

1121 1945 2241 164 discharged, I am Sorry for the disapointment which this vale bustynes

1129 2044 2254 137 doth putt you to, I can not butt wonder that lapt collier doth not pay the

1083 2095 2317 195 £100-o for which pray be some what cnoe urgent, pretending itt to be

1137 2251 2234 160 remitteed for yd accctt as well as the £200- if de can not pay all

1137 2323 2231 180 lett hum pay part of itt, & within fen dayes the rest, for though

1138 2445 2262 184 I shall nnt loose by itt yett would not have you to be to longh ont

1164 2547 1957 176 of yd mony, neithes doth itt stand whis ny convenieree

2758 2675 280 163 C 18 p

933 2665 845 193 londen m. Ed Warnel

1143 2740 2215 203 mij last to you was on the 13 cad. sence non hom you, so this ourly

1153 2864 2239 153 to covert the inclesed invoyce of the packett .25, which Ieasperday

1149 2971 2246 149 is sent forward to Bruges to be thipt aboard Tindall, god send itt

1151 3059 2250 165 tabe to yd landes, for the cost of charges please to give mee vredie

1155 3172 2254 174 then you moy exspect oue packett more in the cornetts till I have the

1149 3265 2195 139 donair to see you or finther commandes, in the meane while our

1166 3363 2172 155 ex. is more a falling & no lekely good of any rifing, there by bang

1153 3472 2064 135 in want of mony, could not convenientley delay drawing on you

1162 3615 2202 110 saveing this day past my bill on you for £150- as 212 payable tow

1141 3679 2219 197 N Meijnard valeu red of Cornelie van de wiel, for which pleose to

1161 3769 1506 182 giee de donme a pass to yd owne acd. att 34 „10

5329 199 706 147 16 meij 168120

3462 182 679 183 Brussel mm. and. Artsens

3614 279 2398 141 sedort den mijnen van 14 deser geene van ul enomen, soo dient desen tol covert van de

3626 398 2343 149 facture van het pacq bayen A.A. gemerckt, waer voor de vraght ƒ 3:10 heb geaccord

3622 461 2438 137 agow., soo nu van eenig soorten meerder gelieft te hebben, sal ul commande verwaghten

3633 549 2395 163 de roy sullen de eerste werckdagen hier connen wesen, gelieft te laten weeten wat ul niet

3627 638 2398 137 de peerle coleure hebt gedaen, den minsten prijs is ƒ 68 a sonder rab, soo ul een

3616 711 2469 168 partije kersejen nu hoodigh ladde sal ul doen seer wel connen aen dienen alwaert 5ost

3630 819 2371 156 voor ul god, hope nhet ul in alles sal aenstaen, want icq seer genegen ben ul wel te

3637 933 248 125 dieen

3476 997 964 162 Brussel m seger vander Borght

5420 1025 230 140 ab

3627 1071 2420 176 volgens 14 deser aen ul hebbe ges. soo sijn de bayen aen m. artsens gesonden & aen ul

3619 1206 2396 129 een pacq voor een monster van jde soorte wat volgens de mede gaende fackre

3614 1303 2420 117 waer van soo ul eenige meet gelieft te hebben, hebt maer lberlijcq te comand

3627 1403 2426 112 het is op het alderminste dat icq de selve can laeten om geen replicken daer over

3622 1502 2442 122 te hebben, & maer te animeeren om oneerder teond. heden seijnde aen ul p bode

3632 1583 2403 132 het gevlams laecken, waer van bij dese facture de reeg staet de roy lakens

3614 1641 2426 162 sullen den eeesten werke dagh hier wesen, altijt een deel, waer r segel voorder

3635 1753 960 153 can dienen gelieft te comand

5442 1857 271 141 a 16d.

3486 1844 906 181 Brussel mr Judocus de Sadeleer

3621 1980 2385 158 desen toe covert van de facture van een pacq goet aen ul gesonden, de groen sijn

3627 2054 2394 167 op malcander gepackt al oft de selve eegens buyten moesten gaen & sijn in de pacq

3618 2176 2444 96 soo gepackt, oversulckx gelieft daer op te letten. het geelamt laecken hebbe heden

3627 2253 2063 135 aen ul & bode gesonden, jets anders tot ul dnies gelieft te comande

5548 2358 276 130 a 16d

3479 2332 567 204 Brussel  Jan Jacobs

3646 2425 2365 170 Icq hadde ul voor nu alhier verwaght, alsoo alle mijne versche goederen al sijn gearrie

3640 2573 2389 142 dogh verneeme heden den de van gisteren, welcken in hout Ick wel verstaen, dogh niis

3627 2633 2355 186 het heden den sabaotk dagh is en hebbe niemant van de vvinden connen vinden, soo

3634 2736 2380 135 dat den eersten st: dagh dat is overmorgen mijn devos sal doen ul versoeck uyt te

3638 2882 2358 110 wercken, & daer af ul adviseeren, waer op gelieft te verlaeten mijn swager sare bouwens

3634 2985 2392 100 verlegen sijnde om tot Brussel te bet. aen p. ant Rousseau ƒ363- hebbe hem niet

3627 3032 2413 144 conen weijgenen daer aen te bedienen, soo hebbe de vrijheyt genomen ende aen hem mijn

3628 3155 2398 86 bewijs op ul van d somme gegeenen, sijnde sonder tijt gemaeckt op dat ul soude

3617 3211 2430 172 gelieven 't selve tereeren als het ul gelegen sal comen, waer mede ul mij sal hoblge

3605 3306 937 156 sal in alle oed geerne tomen

5483 3372 244 184 @ 18d.

3508 3412 854 176 Brussel mr. Hendricq de Smet

3617 3507 2372 170 Icq hebbe nu alle sorteringen van versche goederen ontf, soo is dee saecken dat ul

4894 3623 63 67 2

5071 3620 552 85 aen uijtersten verwilleem

3638 3620 2362 145 segen ons kermisse ons gelieft tecomen besoecken,  sal ul ser wel dienen, doet een

3624 3738 2417 120 speclreys niet ul beminde alsoo icq nu dobbel wel ben versien. mijn swager Jac boauwens

3645 3840 2359 115 moet tet brussel bet. ƒ300 aen im ant resteau & geen ander ocd. hebbende heeft mij

3618 3917 2426 167 versoght hem daer aen te willen dienen, soo hebbe de brijigheyt genomen hem een bewijs te geeven

3638 4021 2386 169 op ul voor d ƒ 300- dogh sonder tijt, op dat ul den vnit magh uijt stellen soo lanck

3627 4136 2423 143 tot dat het ul 't best geleegen cont, versoeckende in dingelijcke occd. mij reciprockelijcq te somden
