8535 4601
2607 201 570 148 C 6 Jnn 1681

876 225 751 166 London mr. Luey Kinghtley

1081 302 2280 188 In answer to yd of 19 & 22t pass shall exspect the goods you ships for mee

1121 421 2253 166 & remitt you p dere frase, hopeing to finde a good marckett for the same, &

1097 491 2255 160 case they prove betder then the low puysed reds in the bale m. 10, which

1102 597 2288 171 bruly are butt cArdifferent. m. Collir is deu, & wee have minded yd. swalth

1104 710 971 157 now & then in @ elas of toim

2832 793 291 144 a68

891 820 915 190 Brussel mr. Joseph Sabbarton

1100 884 2299 200 sence I wrott you on the 2t cour non from you, att which I do wender, laveing heav

1114 1033 2278 135 that the compositonef Joan vale is not accepted, butt to the contraay, & ier

1131 1096 2262 171 be in dn douse, & befled, pray lett iis know the certainitie of itt, aeilt

1089 1188 2316 169 m. Collier is yett here. I hope to see you in the middle of neps week &

1131 1304 2265 156 brugh mr Scawens bill, & yd sill dose with mee, Intrim con you remitt

1122 1413 2247 136 mee mony, I hope to receavea good some, o pray give mee y advise by

1109 1520 1896 166 times, for I inpose to come away a uerday or wedmes day

2858 1612 268 129 a6d

923 1622 734 184 Brussel meous. Pieter

1114 1694 2185 215 In antw. vanden ul 6 deser hope in weijnige dagen tot brussel te sijn, aen

1116 1835 2262 133 wanneer icq van alles sal het gepesseende laten weeten, sal j avonter magen

1121 1910 2222 172 en & dagen comen, daer en tussen icq heb van vn 5 maenden aen slangh te

1133 2019 2242 174 ƒ 1400- gesonden, & in langhs de reste, soo dat ul mij niet gelieft te saspecteren

1136 2087 2247 173 voor Inciviel, maer ul broeden heeft niet een seer onredelijck men ick te doen

1130 2206 2249 198 & met den welcken m. verspoeet, niets en heeft conen uyt reghten tot sijn

1116 2343 1300 146 voordeel, 't soech mij seer het is e

2781 2458 334 140 a 9 Jun

891 2453 982 189 Mechelen juff. anna wigane

1122 2544 2222 191 In Antw. aen din ul 5 deser bevinde de canten soo dier dat icq daer niet en

1137 2650 2261 154 derf aencomen, sij sin voor mij niet, maer voor rinden van buyten, soo dat

1138 2749 2258 165 de corrieten behonden naer advenant mijnen patroon te wesen, icq seynde ul

1139 2867 2183 187 de canten wederom t bode, & hebbe de coriet allen uyt gehonden, waer van

1154 2955 2157 186 geerne het alderminst soude weeten. hebbe geen ander van doen voor

1141 3048 2182 153 aleen dat mijnen vert de saecke dese sal gesien hebben, oversulckx gelieft

1154 3163 2204 133 den naesten prijs te adviseeren, ul beste daer voor te doen van andern

1138 3291 2252 122 sorteerinige van canten hebbe scq geene van doen. ieq geloove dat m. van

1148 3358 2171 152 then d'onde ƒ 200- aƒ 250- sal heblen getelt, soo niet gelieft hem sulckx te

1154 3457 1688 164 vragen, alsoo hij diest aengenomen van over ½ sulck te doen

2836 3510 467 157 C 9 Junni 1682

927 3525 794 199 Lille mr. Richard Soubhll

1167 3597 2227 229 In answer to yd of 3 & 7th curtt. yd letter for mr. John wood have sent to Bruges, been

1155 3721 2138 199 I have not mett hm, thougs se was here you need not to accomodate mee

1164 3798 2175 183 with accepting my bill, for acctt of m follier, thougs I have already payd the

1162 3885 2194 182 valew for hun with itt, because what you do upon that acctt. I will not

1157 3982 2191 175 take to mij obleyd, if you will not accept itt, please to returne itt & first

1170 4065 2212 212 a S'll take my measures accordingly, neither will I sufter, this to give you

1166 4156 2190 216 cause to draw upon mee, where as mee thinckes, I am not vere forwaid

1167 4248 2227 167 upon you, though I could wish I had in my sandes, what is yett with you

5937 189 73 61 23

3640 207 2416 103 inposeinen to advance more by, the loss of time, & of e will bring the gaine to little

3642 304 2401 137 the more because I finde no acctt. from you of any new employ this yeare, se pray

3612 394 2462 109 lett mee know how all things stand for I love to please all my freinds, & you the

3624 436 2255 145 most which I iudge by a good musuall understanding is best maintained

3622 523 2196 167 m. Collier takes wagg on to marrow for Gant in order to see you att lille

3493 621 702 181 lgen mr. wWill lobbe te Comny

5556 633 349 161 a10 jun

3638 712 2371 179 I have recd. the last 2 bales you sent mee, the goods I finde vere ordinaind for their

3637 890 2434 89 sprijfes, a cours principally the cloth serges, so that I doubt they will not ender, what

3618 928 2465 166 I promised my self by the pattarnes, when fore lett mee intreat you to minde bouch

3636 1022 2399 167 our intrest, & do do for mee, that Imight, contineu in with you longhes, so give mee

3632 1146 2373 127 aminds in what now I iuorder by the inclosed note exspecting the ven best godds, for

3640 1273 2420 99 such prijsen, as there by specified, for with the falling of the woole, & thenme, I quession

3631 1330 2443 102 not, butt that the serges will be better & cleaper, & so pray provide these 4 bales to the

3634 1421 2428 104 utmost of yd endeavour, that I might advance some thing by, when heu order the

3628 1512 2416 155 goods as for pressing, foulding & packing as the last, & lett mee dave them by the

3627 1659 2417 104 first vessel that comen for Bruges, which in case itt could not be, so lett mee have

3637 1701 2426 176 att least ½ the parcell by the first, that is to say of every mentioned tort some thing

3611 1818 2453 90 & then the rest by the next, if you can plaise mee, I will not questien butt you wile

3633 1912 2389 142 finde itt worts yd while, lett mee have yd answer s first to god. my self

3622 2004 338 152 accordinglye

5525 2054 254 167 C 10 d.

3497 2068 764 174 London m. Abram Vivian

3627 2153 2446 172 mj last to you wat on the ba cor. sende non from you, so this cleefley for covert to the

3631 2289 2398 143 Inclosed invoyce of the packett n.7 for yd. ½ shae in which please to give mee

3649 2378 2413 127 credit, beeng £58- flemish, as upon examinatiou I 2oye you nielfinde, fortr um god

3634 2499 2434 141 send all safe to you, & a good marhett for them, this packett can not go away befoe

3632 2599 2431 119 nept friday. I shall dispatch the rest of yd orders with all exped., I have bought

3635 2672 2392 171 2 coandis of malime laces with 2 p for cust, most curious thinghs. I exspect

3612 2778 2364 127 to jeare, hom you about goods ships in the north for if wee have not some

3637 2875 2386 119 cloather, & white ware aboard the vere fust that gocts, itt would be preiudital

3644 2993 2312 107 & whilst that smish tarries se long, I doubt not butt that itt will serve our

3629 3066 2392 143 une, se pray endeavour all you can to advance our Intrest with you, as you may

3633 3185 789 143 be fune I'll do bere, &

5558 3230 266 160 a 10 f

3491 3244 930 193 London m. Pickeriug & Robbinsan

3627 3345 2443 167 in some time sence swrott to you, which was for wat of ou in the meane while

3626 3467 2413 145 I do the utmost of my endeavour to patt of our resting cloaches which now are yett

3640 3580 2346 143 14 p & because bij lying they grow woise, am obliged to barter them for tykes, &

3637 3690 2410 119 could with they would all go, I have shovre to m. Collies every p. & be will tell you

3624 3790 2441 126 that be never save the like, so that I feare that acctt. will not under to epspectation

3643 3878 2368 146 yett besure, I'll do my best, in the meane time if you please to dave bed tihes

3651 4002 2352 102 in retournes, I'll send you a parell upon the vere best termes that can be

3638 4082 431 136 exspected
