8105 4561
900 221 2206 81 more thought I exspect to remitt you next month all, what shall be

896 255 2268 131 needfull, because then I have butt lattle other wise to pay, so in case you

896 325 1408 135 spare mee, do itt, if not as you please

889 378 2284 160 as to the bussynes of Peeters, he is not gett here, I shall answer in slaughter

892 499 2208 134 pr next att large. intrim please to take notice that my sifter in law

882 524 2265 160 the widow Bouwens dyed the 24: curitt & non of her children able, or willing

897 628 2208 152 to proceed in the trade & my brother in law beeng exccutours, hath desired

897 696 2234 134 mee this after noon to assist him to make the valuetion of here ware house

899 752 2224 166 all the goods will be sold which will full some what our towne custumers

893 838 2210 136 I understande as if there were more goods underway, which I shall know

864 929 1808 141 this day & be larger p next whilst now I remaine

1501 934 1570 227 these cullours are good in low prijsed spanish cloath

904 1015 396 114 a good cull

885 1056 2158 216 this aney tored from 6 to 9s ayd, butt must bI opserved that the

898 1142 2224 208 no lighter then this Brownest as N. 1& 5„7 be not to reddish or extravagant

904 1195 2214 241 this is aney to yallow these 2 pattarnes of which there is one in the bale

896 1297 2088 206 this no baduil butt must be better mixt & no broad miature n

2270 1399 772 202 In Antwarp 26 Aprill

622 1451 826 167 gend e Lury Hugh lay

977 1497 2192 160 in answer to yd of the 10: curitt am sorry, that yd aque doth still hinder

888 1581 2234 207 yd bussynes, besires the abstaeles yd cltheer maker to deliver thered

904 1651 2180 207 whoever send forward, what is ready for mee not doubting, butt you

901 1744 2238 158 will aggree with him, when he comes to towne, if I have butt a small

886 1806 2220 187 assortement of them as Desired shall desist, till he be better inclijned

871 1867 2267 191 to keep his word  intrim I heare no more of the 6N silver mach

884 1933 2209 205 pack whites, of which I wrott you formerly, pray lett mee have so

880 2020 2229 186 much faveur from you that you provide 5 peeces p very first

875 2085 2217 190 for I have undertaken to deliver them to have them that are our

881 2145 2257 252 Jesuits, wherefore I hope you will prevaile with the maker to have

852 2240 2289 227 them that are pure goodand as cheap as the markett will offordson

909 2355 1866 158 which I do depend, whilst I wish you health & remainer

2437 2330 601 179 26 Aprill 1681

620 2464 1090 151 London Pickering & Ropbinson

885 2522 2301 200 messr. I have before mee yd of 11: curitt where by observe what is past atto

885 2600 2282 211 the desired goods from the north, all which is well, when yd freind there doth

879 2700 2212 175 make up the packes, you please to order him to make a pastarne boock

897 2763 2240 228 of each bale & send itt to ma with the invoyces, because as I noted heree

892 2863 2096 193 before weesell often goods bj the pattarnes before arrivall

878 2895 2279 222 you accept for yd acctt. the bale of tykes N. 14 which is noted accordingly

836 2981 2316 227 &yd remise send for acceptance, & when payd shall be noted myd creditt

876 3069 2222 244 for £117„5„5 without rebate: butt you do complaine that the

875 3155 2269 231 2 seales & greatleadare less then the sire as to that wee can nott

889 3243 2254 199 contradict, then those that are sworen sealers, do seale them

878 3321 2271 207 you say that  great lead & 3 seale are to deare in proportion

865 3426 2244 172 that is because they cost so much more in makeing of each son

883 3484 2276 200 besides they are better fabrig I assure you every sort sold here currantly

885 3606 2277 150 as I note them free aboard: now to compleat the 130„ peeces shall

895 3666 2283 187 pick out the best sort goods & endeavour to make amends, for the worst

876 3755 2292 167 sort is worth the price here as I have noted, wherefore in case you an

878 3844 2255 119 not be incorridged by them, I am confident non will m. Collier

901 3916 2184 132 hat & drawne on mee for you in 2 bills £130:7 aprill which by

872 4012 2344 110 a ni stake he makes  feb. so that I have sent the bil lach to Iam

872 4113 2250 119 & desired that should be made Apill beeng ready to aceept & pay itt

880 4205 2120 121 & yo remaine in exspectation  to know what past in thenort

3303 190 841 131 London Henry Collier

5031 196 925 105 Antwarp 216 aprill 1681

4634 216 145 97 th

3601 254 2359 139 S. my last to you was on the 19: curitt to which please to be reserred sence

3582 330 2351 106 Rec: yd of 11: ditto, as to the cloathes returned, I hope the loss will not

3585 418 2357 128 be so vreat, as doubt less itt should be by keeping them longer, therewas

3592 474 2344 116 never no mode so soone don as the yallow cullours, which keept them

3582 534 2354 152 all Backwards, I shall endeavour all I can to putt off the rest, hav g

3584 632 2322 101 told 3 this week, so there is not many lest & I have not yett hadd any

3562 685 2381 139 restants except itt be of yeallow culloure, as there is aboutt 12 a 15 p more

3599 810 2283 110 which are sent in to mee for acctt. of mr. slaughter, beeng to secure

3589 878 2365 131 him of P from Brussels, & I beleave to bre sent back also he haveng

3582 906 2363 175 advised to sell them for the north countrey trade which made as resolue

3574 1043 2008 97 to what as don, butt pray keep this onely for yds governo

3569 1091 2315 170 I have desired mr. Herrijnee to ddo the utmost to see if any thing yett

3555 1120 2377 179 were to be had from T.H. I am sensible of yd misfortunes, prnipally

3571 1217 2372 158 to what yd ere brought by yd goodness: whoever wee must have patient

3586 1274 2356 204 with what is passed the frift curitt you have drawne on mee £130st

3577 1350 2362 219 in 2 buls h first of februars insteed of Aprill, so have desired that, that

3576 1427 2353 209 might bealtered, & that I shall pay itt att due day, which is the needfull

5101 1518 842 187 In Antwarpe 2 Aprill

3583 1561 1358 151 att present with kinde saluts from

3320 1616 823 164 London Abram vivian

4566 1676 138 90 th

3585 1675 2249 152 Sr. mij last to you was on the 23: curitt, sence receaved yd of 11 ditto where by

3584 1740 2309 171 I understand what endeavours you are readdy to do to promote our conceones

3548 1822 2377 128 in the northren trade sothen I shall leave the further execution on yd side to

3578 1863 2328 149 you in all respects, onely heastely recommand you please to order, that as

3550 1930 2396 160 soone any packes are compleated that the be sent to hull with all exspedition

3573 1987 2387 215 princippally the bayes, for wee want goods here, good goods sell best & seeng

3574 2090 2354 146 m Th. potter was in an amorous tins when he provided the bale N. 29„

3587 2136 2351 191 so hope he will do well now priccipally itt now being the very best time

3576 2195 2361 192 of all the yeare for buying, where fore lett espetiall care betaken that

3564 2265 2374 159 wee be not backward & do endeavour that our cloathes may be of afull

3563 2347 2357 149 lize & lett the lenghts go as itt will, all the bales well assorded, vrapied

3565 2408 2377 140 with 3 or 4 white bayes & sent to hull as formerly, the coones the better

3568 2513 2348 138 for I supose that vowards August wee shall have agreat demand &

3557 2562 2383 169 I haveing few or no goods on ham, shall easely finde sale for y. as soore

3546 2667 2359 106 as they come wherst fore pray be not bachward, the 28: curitt I have to

3570 2732 2367 128 pay £500.  for yd acctt. & then I'll proceed to remitt you as firstas

3540 2787 2373 122 I can here is an engish yacht now aft ancher cap fasebie which

3548 2846 2379 160 I supose will saile in 3or 4 dayes, I am a makeing of a packett of lace

3565 2909 2372 155 N14 to send with him which will be the last that cormes from the

3564 2992 2354 157 worck women till I have further orders from you whilst I remainee

5157 3055 639 147 26 Aprill 1681

3326 3071 726 155 London George Cole

4572 3157 112 93 th

3566 3173 2260 140 Sr. my last to you was on the 19 curitt sence non from you, this then

3546 3242 2288 142 cheefbij for covert to the inclosed bill for £64:10 att the charges of m.

3542 3309 2325 168 Roussell att mijlord mul grave att white hall of 21t curitt 2 uso for

3550 3382 2370 121 accompt of the estate of JS att 35„6 which please to hose accordingly

3544 3477 1203 140 & so remaine wat kinde salut

5323 3463 589 181 27 Aprill 1681

3328 3517 670 159 Brussel John vale

3564 3585 2306 148 mons. 2j deser hebbe aen ul eenen wissel brief van £130 st van Henrij

3570 3709 2229 109 collier der accepticte gesonde verwondere mij grootelijkx dat van ul dien

3564 3753 2357 140 selve niet hebbe wedero bekomen oversulx gelieft in antwoort ditto weder

3554 3842 2235 103 te senden tsij geaccepteert oft niet on mij volgens te reguleren

3550 3912 2320 138 ben grootelij ke verlegen om te betalen ƒ300: aen de wed connecroy

3552 3998 2383 150 de welke de vrijagheiyt hebbe genomen op ul te assigneeren versoekende

3556 4115 2371 116 de selve weirde gelieft te voldoen sal ul daer over contentement gensaten

3550 4206 724 115 wijlen nae quoet
