8563 4608
829 191 995 132 amsterdam mons samuel de hutter

2514 200 715 132 antw: 2 apriel 1682

1106 244 2286 164 mons in antwort aen den ul dan 30 passato remitere aen ul bij den

1096 319 2305 194 in gellyden £242:7:8 in banco ten laste francesco mollo a 2 a 3 dagen sight

1122 462 2275 145 inden brief van ½ fcanio martini waer vore het noodigh te besorgen

1112 557 2269 159 ende morgen doen acepteren mij advies gevende over het selve

1109 644 2253 165 wil niet tweijfelen oft ul sal 4¼ voor banco gelt maken

1124 782 2275 126 komen. de wolle is noch niet aenkomen, soo kan het bevinden

1130 861 2254 143 der selve niet adviseren, nochtans op de caraeten die ul beover

1121 956 2290 129 de selve geeft, soude wel begeren wat meeder, soo gelieft vande

1108 1040 2275 134 soria segoviana noch 2 a 3 balen uyt te doen soecken, ende

1110 1117 2221 161 van de nimo begouisse 2 balen, de welcke mij pr eersten

1113 1204 2283 170 gelieft te laeten toe komen, want soo mij die bevalt sal

1121 1331 2281 136 meeder ordoneeren wegens delorio, gelieft 2 balen jn soort

1113 1388 2257 145 voor een proeve te doen komen van de welcke meeder

1118 1506 2250 137 pertije noodigh sal hebben soo de selve wel valt, soo

1124 1563 2271 156 gelieft hier in mijn int rest te betrachten want voort

1133 1671 2228 155 aen groote perrtijen inclinere te doen komen, soo de

1111 1783 2207 144 selve wel valt, ende dat mij bij ul daer in wel dint

1116 1855 1972 152 bedint kan vinden ul advies verwachten

879 1953 1037 132 deurt mons Robert Hertelly

2517 1977 734 121 antw: 2 aprill 1682

1118 2060 2159 122 mons in antwoort van den ul van 31 passato sien het

1135 2148 2227 108 gesonden goet te gemoet alswanneer wegens de reste largo sal

1133 2191 2242 119 adviseren de weirde van de sel ve beneffens de reste sal aen

1127 2306 2270 141 ul pr amsterdam remitteren, soo hebbe noodigh geordeelt mijn

1130 2407 2164 136 swager in specie mede te geven, alsoo de wissel favorabelis,

1122 2453 2282 173 gelieft morgen mij te laeten wweten oft ul cost iemant anders

1119 2549 2292 148 vande coumt versien is van witte grijse, ende roode dosijn lakens

1130 2651 2263 126 wat quantiteyt al te samen soude konen gelevert worden van

1131 2739 2221 84 ider soort, beneffens de minste puijsen ascontant, alsoo pr

1128 2822 2239 151 avontuer groote pertije noodigh hebben soude wegens de fijne

1133 2889 2156 169 geparste soude van de nevengaende coleuren wesen

1140 2980 2260 137 moeten, oft noch lichter van de seve versiensijnie

1118 3074 1600 164 gelieft eenighe staelen te seynde

1185 3168 1571 116 andries artsens antwerven: 2 asril 1682

846 3174 199 144 brussel

1146 3261 2246 151 Mons in antwoert aen den ul van gisteren ul den wislee brief van

1143 3363 2227 120 vijf condert guldens geraccepteert en twijvele niet uft sal op sijn tijdt

1138 3484 2100 89 betalt woerden als wanneer ul met danck voort geekredidert

1141 3556 2254 94 wegens witte kersien van 22 geirde oft 30 ellen lanck ben versien

1156 3595 2125 118 tot de dinst stijf een ele breet a 21 stuck soo ul aen de sebve

1146 3665 2218 159 oft iet anders kan dienen gelieft mij te commandere en sal in

893 3711 1991 159 bele ocasie die voor doen om ul wel te dienen

3063 3776 96 68 l

2521 3835 735 124 antw 2 april 1682

887 3848 893 150 brussel monsr. Johnvall

1141 3915 2215 175 mons al hoewel 30 passato ul het noodigh heb gescreven

1122 4085 2277 107 soo nochtans en heb van ul geen antwoort, waer aver verworden

1160 4162 2196 105 ben: sedeert bekomen Prijvers van mr collier met

1139 4258 2110 117 al brief aen hem van i7 meirt waer bij ul hem

5924 186 116 81 184

3646 220 2333 152 versocht den geprotesterden brief weder te senden, ende dat ul dien promt

3622 283 2406 170 bout betaelen, den selven heeft hij aen mij gelonden soo gelieft mij

3649 388 2378 150 die weirde te besorgen, oft ten minsten voor den brief, overmorgen

3652 468 2386 159 te betaelen te remitteren, want bij sooverre ul daer voor iet borge

3632 573 2414 98 moet ick ul brieven costij aen mant lenden, om de weirde daer

3647 641 2404 163 voor te becommen op dien oft dander manniere, dwelck gelieft

3643 686 654 116 to proveneiren

3461 779 787 161 Brussel mons. Rousseau

5457 801 593 130 antw: 2 april 16881

3643 876 2385 159 mons en reponce a la vostre du hier, ie suis abusé pour les frais de

3634 965 2421 159 packet pour amsterdam, car ie ay paye 4 3 pour porte de brussel

3635 1028 2313 180 tellement que tout estoit 9b ce que il vous plaira mestre

3623 1165 2396 155 en suite, i'ay bien receu les d'entelles me envoye portent ƒ177:14

3637 1256 2366 146 pour les quelques ie vous creditere iay vendu a mon beaufrere

3624 1361 2427 117 le petit pacquet que il estoit dans le meine ie ne manqueray

3642 1452 2383 122 pas, pour faire desvoor a la depesche de pacquet que vous

3646 1555 2233 118 en voyere pour de maine, et aussi pour vous envoyer les

3639 1619 2239 146 dentelles du vostre vol naijant pas eu le temps du puis

3635 1669 1250 182 mon retour de brussel ie suis

3448 1784 665 174 brugge jonshr. Coots

5118 1761 672 177 3 april 16812

3624 1859 2400 213 mijns. naer dat op 30 passato ul het noodigh had gesereven

3628 2009 2396 166 verstaen noch een quartiel claverlaet iul is toegesonden

3624 2106 2378 161 N. 13 d welck moet sijn 3N.15 voor mu will scaly had

3634 2195 2364 147 gedaght gisteren van ult gepasserde vernomen te hebben om

3637 2250 2331 186 mij volgens te reguleren. behalven het gementioneerde is

3615 2374 2414 162 voor mij aen boort Ben: clarck tot londen geladen MN.6 met

3636 2461 2403 189 12 soo halve als quarten gemengelde stanse lakens N.1 met

3639 2560 2343 196 12 witte pack lackens, de welcke ten arrivement mij gelieft

3631 2645 2403 162 toe te senden, daer en tussen mancquert niet om in antwort

3632 2710 2390 169 desers te neterende onkosten opt claversaet van de 25 &10

3638 2822 2263 148 guartielen ider apart d'welck moet hebben om de

3650 2897 1009 155 rekeningh te sluyten

3465 2897 192 151 ninsponts

3458 2985 1220 176 buysge monsr. michel de vallego

5259 3023 683 150 3 april 1682

3630 3131 2413 160 mons de mijne van 20 & 27 passato sijn bij ul en beantwor

3640 3169 2390 221 eghter hope den inhout ul is geworden, heden pr bode sende

3640 3307 2365 138 aen ul een packettie met op senft aen ul bestaende van

3643 3375 2378 168 ses cleijne packetties daer mede te volgen d'ordre van

3634 3489 2398 160 monsr Anthoni rosseau van brussel, mij van den ontfanc

3650 3532 1361 154 adviserende sal ul obligeren

5345 3600 449 144 3 april 1682

3481 3621 711 141 Mens m Jacques Bassecourt

3632 3676 2364 155 ansuite de me. ord. je vous ay envoye le 28 passe, dans le ballote de mad. Perni un dray

3606 3806 2424 150 noir EE ione marcq pour le quelle je vous ay debite avecq tous frris de tondure & tainture £26 -

3600 3919 2359 119 si je vous peu servir en quelque autre chose, comende moy liberament, & je tackeres de voud

3615 4026 489 144 plaire
