8098 4567
2129 179 1059 122 In Antwerp 23 April 1681

599 210 987 119 London ftbram Vivran

2013 224 147 125 th

886 242 2319 182 S. my last to you was on the 15: curitt to which referre you, nowan

894 380 2241 101 with yd of 8 ditto as i supose, because he is without dato rcame with

888 446 2232 131 y of 8d. I do not question, butt you recd. the packett of lace before mee

872 520 2224 152 I have considdered what you write concerning the northren goods mr.

881 574 2269 134 mirfield is dead & you ppose th pottes will do best, wherefore you have

878 651 2183 123 given him order as 9 durscted seeng you do approve itt so tis well

864 737 2250 159 & butt desire hun to dispatch sort a  bale with all exspedition for wee have butt

893 847 2229 155 fen goods hene, yoi must also vere ertistely recomand the dressing & presoing

897 975 2218 116 that wee have no complaints hene besidesthat he must ent a peece oft the

894 1046 2240 169 list onthich must hang yd. seale with the nmber blenght not that he may

906 1146 2204 149 seane ist past & upott the toop of the clith. besides he must not fould his

888 1279 2242 122 cloates altoghether so brond as he is used to do, butt att least 2 enches lester

892 1362 2210 177 on nannower & all the packes to the vrapped with 3 or 4 whit manchesser bayes

888 1462 2205 193 y on must also dispatch the bayes, for I have butt vere fer lest imsold of

897 1599 2200 123 the louw prijses you bonght so referre the lare ou yo. side to you whilst

888 1694 2190 165 sloose no opportinnte here to makes the best of our goods Iean: the bale

894 1787 2160 154 N.31 is arrived as Rotterdam & here day ly exspectede as some as come

911 1884 2145 150 yur shall know, I take notice what you say that in kent should beven

2543 1978 513 122 23 Aprill 1681

622 2002 765 143 Brugge Raphael Coots

904 2029 2295 143 mijnh. in antwoort aenden ul van 18 & 20 deser tpack 1M „ N. 2 is mij geworden

901 2131 2256 114 nu sien A.T.3 tegemoet de goederen tot londen geladen sal aen boort Antoni

881 2201 2217 110 Develaere sal adroiture verwaghten t cognossement vande selve aen ul

883 2259 2233 117 versonden sijnde van london volgens mr. seuwen mij dat adverteirt

878 2310 2297 148 de lijnwaet balen alhoewel 800 ellen inhoudende, nochtans nae mijn

886 2365 2192 186 opinie voor650 a 700 ellen p bale ten uytterste behoorde te passeren

896 2457 2247 154 int een & dander blijft alles aen ul sorge bevolen als voor eijgen terwijlen

2362 2517 702 131 In Antw: 23 Aprill

546 2531 887 170 afsenemone Cornelis Real

877 2600 1921 144 monsr. pr Albert Willems van Rotterdam op antwerpen

902 2684 1126 161 4 packen inhoudende als volght

1003 2740 1471 175 M„N.8 met ½ grove gemengelde lakens

1149 2736 1950 202 N.9 met 12 quartiens gemengelde lakens  door een terweirde

2445 2850 617 114 van ƒ80-stuck

1151 2874 1120 132 N.7 met 10 gemengelde lakenen

976 2928 1333 147 IM8N.31 met 12 dobbel dosijn laken

1186 2925 1917 184 sonder de bayen vrappers dewelke om de packen sijn gewonden

2560 3135 406 126 a 24 aplr 1681

648 3134 747 162 Leuven mons. Jan de Hoede

924 3237 2174 164 In Antw. van den ul van 21 deser segge dat gisteren eerst de perpetuanen gedaen hebbe

909 3367 2186 153 gekregen, de selve hebbe dan heden aen ul gesonden p den bode Bernard Scoreels en

905 3491 427 120 sijn als volght

977 3577 330 133 1 geil cant

2318 3585 264 170 ƒ80-

1353 3593 528 168 su a ƒ 40-18

974 3667 461 133 1 roy cant 3 2 pp

2371 3724 194 100 33-

935 3746 790 126 eenen blauw cant van ƒ33-

2342 3847 234 82 15-

944 3842 1023 148 voor swart vernen, persen & a ƒ5 pss

2292 3909 281 138 ƒ 123-

2445 4021 135 114 6-

932 4027 1039 154 voor a 4 afgesneden van de geil cant

2267 4057 307 148 ƒ 122-

1519 4109 547 121 deber 8 dese te beste

901 4130 2190 186 ul sal het selve soo bevinden, ijts anders noodig hebbende gelieft te laeten weeten

900 4224 2278 147 ter wijl sien verlegen sijnde om gelt seg mij can veroblig wat te seynden, ul can bes aen d'Engeh

885 4328 2266 102 nonnekens & sij sullen ul een briefken geenen opggnatius clay  dat sal icg dan wel ontf sonder port te beten

3304 141 942 131 Rotterdam John vandermeulen

4965 202 969 101 In Antwerpen 24 aprill 10 1681

3543 195 2394 178 monsr. volgens ul advies van 18 deser hadde niet getwijffelt ofte soude mijn packerle

3558 307 2377 142 lanck voor nu gehadt hebben gelijk den oude lloman willem sastiaens & no

3572 387 2292 98 maendagh leeft van cost e getroken van gisteren hier sijn gelost

3573 433 2361 139 oock den veerman van Dijnsdagh vertroken is hier aen gekomen daer entusschen

3565 495 2375 127 ul doet mij soo groot preuidicie van p avanture u eijgen voor mijnen intrest

5864 552 65 85 d

3577 549 2266 152 in waer te nomen, want ben genogsaem geinformeert dat vrijdagh lest

3567 630 2362 140 willems die ul seght sanderdaghs soude vertreken noch geen ladinge in had ooc

3532 672 2399 162 dat hij dijnsdagh noch costij was, waer over mij niet weijnigh stelle naede

3561 751 2375 146 mael ul wel duiydelijk hebbe geschreven de selve packen p den veerman sout hebbe

3561 822 2381 164 af te laden om de reden daer bij gevoeght, ick en hadde van ul sulx niet verwagh

3559 917 2358 132 al hoewel van andere vrinden verneme dat ul custome te wesen: waer over

3553 989 2340 129 mij hoogelijk hebt te beclagen want onse bijlanders met de goederen nae

3565 1060 2369 149 costij de destineert samen sijn vertroken, de bij lijnder dese weke al hier sijn

3575 1132 2352 166 gelost soo dat aghter net vischen, boven dien hebbe die van lille gisteren ordre

3545 1190 2387 183 gecregen van alle de passeren goederen het wijl gelt af te voorderen waerover

3550 1268 2391 202 sij de schepen aen houde dat ul mijn ordre geobseervert had mijn goet soude

3551 1344 2391 158 voor dan alhier geweest hebben: sulx is mij noyt gebeurt ul &de ul beschadigh

3552 1404 2375 175 mij hier mede soodanigh dat niet genoghsaem kan te kennen geven & bij soo vers

3548 1474 2371 182 ast willems noch costij is sult de goederen hebbe uyt te lossen & p veerman

3553 1571 2345 125 hebbe toe te senden, want met de daet & geene woorde bedient ben an

3331 1626 190 133 Sunncho

5052 1618 875 177 In Antwerpen 26 Aprill

3333 1681 953 157 Gent francois Herrebout

3555 1734 2363 175 Monsr volgens ul van 17 & 23 deser hebbe de 2 packen wel ontfangen in geleyt

3576 1808 2335 178 2 tolbrieven om voor mijne goederen te bedienen, den ingeslyten wisselbrief

3563 1888 2363 152 van £65„ st gelieft te doen accepteeren door De wed: Jan bout & mij cito te

3571 1993 1722 136 rugge senden waer mede nae groetenisse blijve me

5148 1982 776 158 In Antwarp 26 Aprill

3310 2064 704 148 Brugge Raphael Coots

3472 2089 2399 158 mijnh. sedert mijnen van 23 deser den ul van dien dato ontfangen, in gesloten de

3553 2197 2378 134 noodighe certificatie hope havelaer voor mij nu in salvo als mede Richd pindar

3532 2275 2392 147 die van Hull al was vertroken p peeter willaert Den ouden staen differente packen

3555 2344 2325 157 te komen waer van de presie qualiteyt pr naest sal adviseeren also mr maynard

3557 2408 2381 156 ul advies deswegens in tijts had bekomen om desele vervolgens te erpacken

3561 2509 1914 122 wat passeirt verneme geirne & nae groet blijve

5121 2538 778 133 In Antwerp 26 Aprill

3282 2600 904 135 London Henry Maynard

4362 2638 92 75 th

3555 2607 2378 201 S. my last to you was on the 19: curitt to which please to be referred then sent you pattarn

3549 2728 2282 128 of our modecollours that you pleased to provide 24 spanish cloathes according to

3543 2785 2396 143 directions: now send here other nattarnes which are also good in low prijses, in smc

3557 2861 2379 132 that you be able to iudge how to make the assortments, for I would fame have

3568 2964 2366 114 24 spanish cloathes more most all low prises from 6 to 7 st ayd thought here& there

3560 3039 2360 101 ons of 8 a 9 st ayd according you findse good goods, this you have order now to

3556 3091 2304 153 provide 60 spanich cloathes I shall p. his next exspect advise how the bales aboard

3531 3166 2386 162 peeter willlaert are ordered, I could wish them here because I do much want themous

3546 3259 2366 144 goods from Rotterdam are not yett here in which my correspondent doth mee

3557 3355 2361 110 no small preiudicie, he haveing shipt them aboard abeurtman, who is not yett

3552 3404 2340 159 full loaden where as he had order to the contrary, & to ship y aboard aveerman

3550 3488 2367 110 which comes every otherday from theme: I long to see the northrens to send you

3549 3562 2337 130 mij orders for more thought mee thinckes itt would not be a mis, that you

3554 3666 2354 117 ordered a pack of do zins mere as the bale N.10„ provided you have the pattarnes

3554 3741 2325 130 of them for bij them you send aboard pindar (who is not yett arrived& I approve

3542 3847 2312 106 of the cullours & prijses, so in case you have said cullours send them into the

3548 3913 2316 118 north to bay an other such pack except that N. 54 & 58 should be a drap cullours

3554 4003 2337 123 as well as N.50 what you do as to the kersies will be well don al wayes desire

3563 4072 2369 84 good goods for I finde that the best goods, sell best inclosed 2 bills for yd accomp

3546 4153 2372 139 £120: on Abram palmentien, £60 onglande hays att 2 uso att 35„6 for which

3544 4240 2316 135 please to Creditt yd acctt. I have £150 for my acctt. which I shall gett up ony

3544 4291 2366 157 ex. I hope att sight, & in you de straight ned you may draw £100: on mee for my acctt
