<?xml version="1.0" encoding="UTF-8"?>
<alto xmlns:xsi="http://www.w3.org/2001/XMLSchema-instance"
      xmlns="http://www.loc.gov/standards/alto/ns-v4#"
      xmlns:page="http://schema.primaresearch.org/PAGE/gts/pagecontent/2013-07-15"
      xsi:schemaLocation="http://www.loc.gov/standards/alto/ns-v4# https://www.loc.gov/standards/alto/v4/alto.xsd">
   <Description>
      <MeasurementUnit>pixel</MeasurementUnit>
      <OCRProcessing ID="IdOcr">
         <ocrProcessingStep>
            <processingDateTime>2022-02-04T12:07:57.951+01:00</processingDateTime>
            <processingSoftware>
               <softwareCreator>READ COOP</softwareCreator>
               <softwareName>Transkribus</softwareName>
            </processingSoftware>
         </ocrProcessingStep>
      </OCRProcessing>
   </Description>
   <Layout>
      <Page ID="Page1" PHYSICAL_IMG_NR="1" HEIGHT="4615" WIDTH="8528">
         <TopMargin HEIGHT="0" WIDTH="8528" VPOS="0" HPOS="0"/>
         <LeftMargin HEIGHT="4615" WIDTH="0" VPOS="0" HPOS="0"/>
         <RightMargin HEIGHT="4615" WIDTH="0" VPOS="0" HPOS="8528"/>
         <BottomMargin HEIGHT="0" WIDTH="8528" VPOS="4615" HPOS="0"/>
         <PrintSpace HEIGHT="4615" WIDTH="8528" VPOS="0" HPOS="0">
            <TextBlock ID="region_1638958239349_5753"
                       HEIGHT="4283"
                       WIDTH="2577"
                       VPOS="112"
                       HPOS="851">
               <Shape>
                  <Polygon POINTS="851,112 3428,112 3428,4395 851,4395"/>
               </Shape>
               <TextLine ID="region_1638958239349_5753l1"
                         BASELINE="2764,276 2789,273 2815,269 2841,266 2867,264 2893,263 2919,261 2945,259 2971,258 2997,257 3022,256 3048,254 3074,254 3100,254 3126,252 3152,252 3178,251 3204,250 3230,250"
                         HEIGHT="121"
                         WIDTH="499"
                         VPOS="190"
                         HPOS="2748">
                  <String ID="string_region_1638958239349_5753l1"
                          HEIGHT="121"
                          WIDTH="499"
                          VPOS="190"
                          HPOS="2748"
                          CONTENT="C 12 Aui 1682"/>
               </TextLine>
               <TextLine ID="region_1638958239349_5753l2"
                         BASELINE="936,284 973,280 1010,278 1047,275 1084,272 1121,271 1158,269 1195,268 1232,266 1269,266 1306,266 1343,266 1380,266 1417,266 1454,266 1491,266 1528,266 1565,268 1602,268 1639,270 1676,270"
                         HEIGHT="159"
                         WIDTH="771"
                         VPOS="182"
                         HPOS="920">
                  <String ID="string_region_1638958239349_5753l2"
                          HEIGHT="159"
                          WIDTH="771"
                          VPOS="182"
                          HPOS="920"
                          CONTENT="Brugge mr. Brian Reeve"/>
               </TextLine>
               <TextLine ID="region_1638958239349_5753l3"
                         BASELINE="1192,372 1303,377 1414,380 1525,383 1636,384 1748,386 1859,386 1970,386 2081,386 2192,386 2304,384 2415,384 2526,384 2637,384 2748,384 2860,385 2971,386 3082,388 3193,390 3304,394 3416,400"
                         HEIGHT="113"
                         WIDTH="2255"
                         VPOS="293"
                         HPOS="1176">
                  <String ID="string_region_1638958239349_5753l3"
                          HEIGHT="113"
                          WIDTH="2255"
                          VPOS="293"
                          HPOS="1176"
                          CONTENT="desen tot advis van een packettien gemerckt B.K, 4 welck Icq ul heden toeseynde"/>
               </TextLine>
               <TextLine ID="region_1638958239349_5753l4"
                         BASELINE="1158,468 1271,471 1384,472 1497,474 1610,475 1724,476 1837,476 1950,474 2063,474 2176,474 2290,472 2403,472 2516,472 2629,470 2742,470 2856,470 2969,472 3082,472 3195,474 3308,476 3422,478"
                         HEIGHT="111"
                         WIDTH="2294"
                         VPOS="409"
                         HPOS="1142">
                  <String ID="string_region_1638958239349_5753l4"
                          HEIGHT="111"
                          WIDTH="2294"
                          VPOS="409"
                          HPOS="1142"
                          CONTENT="p bode, francq, gelieft daer mede te volgen d'ord. van m. Joteph Sabbarton van Brussel"/>
               </TextLine>
               <TextLine ID="region_1638958239349_5753l5"
                         BASELINE="960,594 1006,592 1053,591 1099,590 1146,590 1193,590 1239,592 1286,592 1332,593 1379,594 1426,596 1472,596 1519,598 1565,598 1612,600 1659,600 1705,602 1752,602 1798,602 1845,602 1892,602"
                         HEIGHT="145"
                         WIDTH="964"
                         VPOS="498"
                         HPOS="943">
                  <String ID="string_region_1638958239349_5753l5"
                          HEIGHT="145"
                          WIDTH="964"
                          VPOS="498"
                          HPOS="943"
                          CONTENT="Mechelen Cornelis van Aken d' eude"/>
               </TextLine>
               <TextLine ID="region_1638958239349_5753l6"
                         BASELINE="2886,624 2913,617 2941,612 2968,609 2996,610 3023,610 3051,609 3078,607 3106,600"
                         HEIGHT="128"
                         WIDTH="254"
                         VPOS="528"
                         HPOS="2867">
                  <String ID="string_region_1638958239349_5753l6"
                          HEIGHT="128"
                          WIDTH="254"
                          VPOS="528"
                          HPOS="2867"
                          CONTENT="@ 12d."/>
               </TextLine>
               <TextLine ID="region_1638958239349_5753l7"
                         BASELINE="1174,684 1283,689 1392,694 1502,697 1611,700 1721,702 1830,702 1939,704 2049,704 2158,704 2268,702 2377,702 2486,700 2596,698 2705,698 2815,696 2924,696 3033,696 3143,696 3252,696 3362,696"
                         HEIGHT="101"
                         WIDTH="2216"
                         VPOS="612"
                         HPOS="1160">
                  <String ID="string_region_1638958239349_5753l7"
                          HEIGHT="101"
                          WIDTH="2216"
                          VPOS="612"
                          HPOS="1160"
                          CONTENT="geden ontf. 8 frisaerden, beneffens ul brief van 8 deser, de selve sal hier tot vord."/>
               </TextLine>
               <TextLine ID="region_1638958239349_5753l8"
                         BASELINE="1174,774 1284,777 1395,780 1505,782 1616,784 1727,786 1837,787 1948,788 2058,788 2169,788 2280,786 2390,786 2501,784 2611,782 2722,780 2833,778 2943,776 3054,774 3164,770 3275,766 3386,764"
                         HEIGHT="134"
                         WIDTH="2243"
                         VPOS="711"
                         HPOS="1159">
                  <String ID="string_region_1638958239349_5753l8"
                          HEIGHT="134"
                          WIDTH="2243"
                          VPOS="711"
                          HPOS="1159"
                          CONTENT="laeten liggen, alsoo die niet verstaen af te schrijven, want ul die finalijcq gecoght heeft"/>
               </TextLine>
               <TextLine ID="region_1638958239349_5753l9"
                         BASELINE="1162,868 1224,870 1286,872 1348,872 1410,872 1472,874 1534,874 1596,874 1658,874 1720,874 1783,874 1845,874 1907,874 1969,874 2031,874 2093,874 2155,874 2217,874 2279,876 2341,878 2404,878"
                         HEIGHT="127"
                         WIDTH="1272"
                         VPOS="819"
                         HPOS="1148">
                  <String ID="string_region_1638958239349_5753l9"
                          HEIGHT="127"
                          WIDTH="1272"
                          VPOS="819"
                          HPOS="1148"
                          CONTENT="soo can ul sigs naer adverant regeleeren"/>
               </TextLine>
               <TextLine ID="region_1638958239349_5753l10"
                         BASELINE="2914,962 2939,962 2965,964 2991,964 3016,964 3042,961 3068,958 3094,950"
                         HEIGHT="178"
                         WIDTH="217"
                         VPOS="819"
                         HPOS="2893">
                  <String ID="string_region_1638958239349_5753l10"
                          HEIGHT="178"
                          WIDTH="217"
                          VPOS="819"
                          HPOS="2893"
                          CONTENT="ond"/>
               </TextLine>
               <TextLine ID="region_1638958239349_5753l11"
                         BASELINE="952,962 997,962 1042,962 1087,964 1132,965 1177,966 1222,968 1267,970 1312,972 1357,974 1402,975 1447,977 1492,978 1537,980 1582,981 1627,982 1672,982 1717,982 1762,980 1807,980 1852,978"
                         HEIGHT="220"
                         WIDTH="932"
                         VPOS="828"
                         HPOS="936">
                  <String ID="string_region_1638958239349_5753l11"
                          HEIGHT="220"
                          WIDTH="932"
                          VPOS="828"
                          HPOS="936"
                          CONTENT="Jurn dout Balchazar verstralen"/>
               </TextLine>
               <TextLine ID="region_1638958239349_5753l12"
                         BASELINE="1182,1078 1286,1078 1390,1080 1495,1080 1599,1080 1704,1080 1808,1080 1912,1080 2017,1078 2121,1077 2226,1076 2330,1074 2434,1074 2539,1072 2643,1072 2748,1072 2852,1072 2956,1072 3061,1073 3165,1074 3270,1076"
                         HEIGHT="122"
                         WIDTH="2117"
                         VPOS="982"
                         HPOS="1168">
                  <String ID="string_region_1638958239349_5753l12"
                          HEIGHT="122"
                          WIDTH="2117"
                          VPOS="982"
                          HPOS="1168"
                          CONTENT="hadde gemeijnt dat ul volgens belofte mij de tijten sende geproord. hebben"/>
               </TextLine>
               <TextLine ID="region_1638958239349_5753l13"
                         BASELINE="1184,1166 1294,1168 1404,1170 1514,1170 1624,1170 1735,1170 1845,1168 1955,1168 2065,1166 2175,1164 2286,1162 2396,1160 2506,1158 2616,1156 2726,1156 2837,1156 2947,1156 3057,1156 3167,1158 3277,1160 3388,1164"
                         HEIGHT="105"
                         WIDTH="2235"
                         VPOS="1098"
                         HPOS="1168">
                  <String ID="string_region_1638958239349_5753l13"
                          HEIGHT="105"
                          WIDTH="2235"
                          VPOS="1098"
                          HPOS="1168"
                          CONTENT="dats tot mijne preind sniets vernemende bidde geen voorder uytstel daer in te"/>
               </TextLine>
               <TextLine ID="region_1638958239349_5753l14"
                         BASELINE="1170,1258 1281,1262 1393,1264 1504,1266 1616,1266 1728,1266 1839,1266 1951,1264 2062,1262 2174,1260 2286,1256 2397,1254 2509,1252 2620,1250 2732,1248 2844,1246 2955,1246 3067,1246 3178,1246 3290,1249 3402,1252"
                         HEIGHT="141"
                         WIDTH="2262"
                         VPOS="1179"
                         HPOS="1155">
                  <String ID="string_region_1638958239349_5753l14"
                          HEIGHT="141"
                          WIDTH="2262"
                          VPOS="1179"
                          HPOS="1155"
                          CONTENT="permitteeren, alsoo de naeste weeke moete packen oocq heeft ionder waer ieijt"/>
               </TextLine>
               <TextLine ID="region_1638958239349_5753l15"
                         BASELINE="1174,1354 1282,1356 1391,1358 1499,1360 1608,1362 1717,1362 1825,1362 1934,1362 2042,1362 2151,1360 2260,1360 2368,1358 2477,1356 2585,1354 2694,1350 2803,1348 2911,1344 3020,1341 3128,1337 3237,1333 3346,1328"
                         HEIGHT="143"
                         WIDTH="2202"
                         VPOS="1264"
                         HPOS="1159">
                  <String ID="string_region_1638958239349_5753l15"
                          HEIGHT="143"
                          WIDTH="2202"
                          VPOS="1264"
                          HPOS="1159"
                          CONTENT="nu genoegh gedelayeert, &amp; ul comoetige in alles plaets gehadt oversulckx"/>
               </TextLine>
               <TextLine ID="region_1638958239349_5753l16"
                         BASELINE="1176,1454 1286,1458 1397,1460 1508,1460 1618,1462 1729,1462 1840,1460 1950,1460 2061,1458 2172,1457 2283,1456 2393,1454 2504,1452 2615,1450 2725,1446 2836,1444 2947,1442 3057,1440 3168,1438 3279,1436 3390,1434"
                         HEIGHT="117"
                         WIDTH="2247"
                         VPOS="1372"
                         HPOS="1160">
                  <String ID="string_region_1638958239349_5753l16"
                          HEIGHT="117"
                          WIDTH="2247"
                          VPOS="1372"
                          HPOS="1160"
                          CONTENT="vfseecke d'observante van de reden, &amp; mij op oncf desen nmet een partije te "/>
               </TextLine>
               <TextLine ID="region_1638958239349_5753l17"
                         BASELINE="1172,1558 1198,1556 1224,1556 1250,1556 1276,1556 1302,1556 1328,1556 1355,1556 1381,1554 1407,1554 1433,1553 1459,1552 1485,1550 1512,1548"
                         HEIGHT="97"
                         WIDTH="371"
                         VPOS="1505"
                         HPOS="1157">
                  <String ID="string_region_1638958239349_5753l17"
                          HEIGHT="97"
                          WIDTH="371"
                          VPOS="1505"
                          HPOS="1157"
                          CONTENT="gerieven"/>
               </TextLine>
               <TextLine ID="region_1638958239349_5753l18"
                         BASELINE="2800,1638 2827,1640 2855,1641 2883,1642 2911,1644 2938,1644 2966,1644 2994,1644 3022,1644"
                         HEIGHT="128"
                         WIDTH="256"
                         VPOS="1563"
                         HPOS="2783">
                  <String ID="string_region_1638958239349_5753l18"
                          HEIGHT="128"
                          WIDTH="256"
                          VPOS="1563"
                          HPOS="2783"
                          CONTENT="a12d"/>
               </TextLine>
               <TextLine ID="region_1638958239349_5753l19"
                         BASELINE="922,1672 956,1670 991,1667 1026,1666 1061,1664 1096,1664 1130,1662 1165,1661 1200,1660 1235,1658 1270,1658 1304,1658 1339,1656 1374,1656 1409,1655 1444,1654 1478,1652 1513,1652 1548,1650 1583,1648 1618,1646"
                         HEIGHT="141"
                         WIDTH="729"
                         VPOS="1570"
                         HPOS="905">
                  <String ID="string_region_1638958239349_5753l19"
                          HEIGHT="141"
                          WIDTH="729"
                          VPOS="1570"
                          HPOS="905"
                          CONTENT="Tmandont Marijs diel"/>
               </TextLine>
               <TextLine ID="region_1638958239349_5753l20"
                         BASELINE="1184,1750 1291,1748 1399,1744 1507,1742 1615,1739 1723,1736 1830,1734 1938,1734 2046,1732 2154,1730 2262,1730 2369,1730 2477,1730 2585,1730 2693,1730 2801,1732 2908,1734 3016,1736 3124,1738 3232,1740 3340,1744"
                         HEIGHT="127"
                         WIDTH="2186"
                         VPOS="1660"
                         HPOS="1170">
                  <String ID="string_region_1638958239349_5753l20"
                          HEIGHT="127"
                          WIDTH="2186"
                          VPOS="1660"
                          HPOS="1170"
                          CONTENT="hier seynde ul sijne reeg, waer bij blijckt ul nogh schuldigh is ƒ 180:3"/>
               </TextLine>
               <TextLine ID="region_1638958239349_5753l21"
                         BASELINE="1162,1844 1269,1840 1376,1836 1483,1832 1590,1830 1697,1828 1804,1826 1911,1824 2018,1822 2125,1822 2233,1822 2340,1822 2447,1822 2554,1822 2661,1822 2768,1824 2875,1824 2982,1826 3089,1826 3196,1828 3304,1828"
                         HEIGHT="99"
                         WIDTH="2174"
                         VPOS="1768"
                         HPOS="1146">
                  <String ID="string_region_1638958239349_5753l21"
                          HEIGHT="99"
                          WIDTH="2174"
                          VPOS="1768"
                          HPOS="1146"
                          CONTENT="oversulckx dan de tijken verwaghte, alsoo toecomende weeke moete packe"/>
               </TextLine>
               <TextLine ID="region_1638958239349_5753l22"
                         BASELINE="1162,1944 1268,1938 1374,1932 1481,1927 1587,1923 1694,1920 1800,1918 1906,1916 2013,1914 2119,1912 2226,1912 2332,1912 2438,1912 2545,1912 2651,1912 2758,1914 2864,1914 2970,1916 3077,1916 3183,1918 3290,1918"
                         HEIGHT="111"
                         WIDTH="2159"
                         VPOS="1881"
                         HPOS="1147">
                  <String ID="string_region_1638958239349_5753l22"
                          HEIGHT="111"
                          WIDTH="2159"
                          VPOS="1881"
                          HPOS="1147"
                          CONTENT="soo in d nef. voorders te handelen hebbe sal het geerne doen om ul te dienen"/>
               </TextLine>
               <TextLine ID="region_1638958239349_5753l23"
                         BASELINE="2900,2060 2928,2059 2956,2058 2984,2055 3012,2052 3040,2049 3068,2045 3096,2043 3124,2040"
                         HEIGHT="117"
                         WIDTH="265"
                         VPOS="1970"
                         HPOS="2877">
                  <String ID="string_region_1638958239349_5753l23"
                          HEIGHT="117"
                          WIDTH="265"
                          VPOS="1970"
                          HPOS="2877"
                          CONTENT="a 12d."/>
               </TextLine>
               <TextLine ID="region_1638958239349_5753l24"
                         BASELINE="944,2060 981,2060 1019,2058 1056,2058 1094,2058 1132,2058 1169,2058 1207,2058 1244,2060 1282,2060 1320,2060 1357,2060 1395,2060 1432,2060 1470,2060 1508,2060 1545,2058 1583,2058 1620,2058 1658,2058 1696,2058"
                         HEIGHT="147"
                         WIDTH="782"
                         VPOS="1957"
                         HPOS="929">
                  <String ID="string_region_1638958239349_5753l24"
                          HEIGHT="147"
                          WIDTH="782"
                          VPOS="1957"
                          HPOS="929"
                          CONTENT="Lille m. Richard Sutkell"/>
               </TextLine>
               <TextLine ID="region_1638958239349_5753l25"
                         BASELINE="1168,2154 1280,2156 1393,2156 1505,2158 1618,2158 1731,2160 1843,2162 1956,2162 2068,2164 2181,2165 2294,2166 2406,2166 2519,2166 2631,2166 2744,2166 2857,2164 2969,2162 3082,2160 3194,2158 3307,2154 3420,2150"
                         HEIGHT="116"
                         WIDTH="2282"
                         VPOS="2102"
                         HPOS="1152">
                  <String ID="string_region_1638958239349_5753l25"
                          HEIGHT="116"
                          WIDTH="2282"
                          VPOS="2102"
                          HPOS="1152"
                          CONTENT="In onswer to yd of 10 sch. referre you to mine of yeaserday in the meane whil "/>
               </TextLine>
               <TextLine ID="region_1638958239349_5753l26"
                         BASELINE="1156,2262 1267,2258 1379,2256 1491,2254 1603,2254 1715,2252 1827,2252 1939,2252 2051,2254 2163,2254 2275,2254 2386,2256 2498,2256 2610,2256 2722,2256 2834,2254 2946,2253 3058,2251 3170,2248 3282,2244 3394,2240"
                         HEIGHT="138"
                         WIDTH="2267"
                         VPOS="2173"
                         HPOS="1142">
                  <String ID="string_region_1638958239349_5753l26"
                          HEIGHT="138"
                          WIDTH="2267"
                          VPOS="2173"
                          HPOS="1142"
                          CONTENT="I finde my bill actrned for non acceptance by which you de monstrate what "/>
               </TextLine>
               <TextLine ID="region_1638958239349_5753l27"
                         BASELINE="1154,2358 1265,2354 1377,2350 1489,2348 1601,2346 1713,2346 1824,2344 1936,2344 2048,2344 2160,2344 2272,2344 2383,2344 2495,2344 2607,2344 2719,2344 2831,2344 2942,2343 3054,2342 3166,2340 3278,2338 3390,2334"
                         HEIGHT="163"
                         WIDTH="2264"
                         VPOS="2260"
                         HPOS="1140">
                  <String ID="string_region_1638958239349_5753l27"
                          HEIGHT="163"
                          WIDTH="2264"
                          VPOS="2260"
                          HPOS="1140"
                          CONTENT="effert yd word should have taken, in case I sad payd for H.C. what you ordred"/>
               </TextLine>
               <TextLine ID="region_1638958239349_5753l28"
                         BASELINE="1162,2450 1273,2448 1385,2446 1496,2444 1608,2443 1719,2442 1831,2442 1942,2442 2054,2442 2165,2442 2277,2442 2388,2442 2500,2442 2611,2442 2723,2442 2834,2440 2946,2438 3057,2436 3169,2433 3280,2429 3392,2424"
                         HEIGHT="121"
                         WIDTH="2261"
                         VPOS="2358"
                         HPOS="1147">
                  <String ID="string_region_1638958239349_5753l28"
                          HEIGHT="121"
                          WIDTH="2261"
                          VPOS="2358"
                          HPOS="1147"
                          CONTENT="mee to do are you not a shamed to persuade mee in yd freind, so trest "/>
               </TextLine>
               <TextLine ID="region_1638958239349_5753l29"
                         BASELINE="1152,2548 1265,2546 1378,2544 1492,2542 1605,2542 1719,2542 1832,2542 1945,2544 2059,2544 2172,2544 2286,2546 2399,2546 2512,2546 2626,2544 2739,2544 2853,2542 2966,2538 3079,2535 3193,2529 3306,2522 3420,2516"
                         HEIGHT="152"
                         WIDTH="2298"
                         VPOS="2458"
                         HPOS="1136">
                  <String ID="string_region_1638958239349_5753l29"
                          HEIGHT="152"
                          WIDTH="2298"
                          VPOS="2458"
                          HPOS="1136"
                          CONTENT="so deeply as I have been &amp; am still, &amp; to refuse £100- for Him nay had you"/>
               </TextLine>
               <TextLine ID="region_1638958239349_5753l30"
                         BASELINE="1168,2644 1280,2638 1393,2636 1506,2634 1619,2632 1732,2632 1844,2632 1957,2634 2070,2634 2183,2636 2296,2638 2408,2638 2521,2640 2634,2640 2747,2640 2860,2638 2972,2635 3085,2632 3198,2626 3311,2619 3424,2610"
                         HEIGHT="133"
                         WIDTH="2285"
                         VPOS="2556"
                         HPOS="1153">
                  <String ID="string_region_1638958239349_5753l30"
                          HEIGHT="133"
                          WIDTH="2285"
                          VPOS="2556"
                          HPOS="1153"
                          CONTENT="no effects of mine in yd dandes, you might have don so for him, butt as last"/>
               </TextLine>
               <TextLine ID="region_1638958239349_5753l31"
                         BASELINE="1174,2738 1284,2736 1394,2732 1504,2730 1615,2730 1725,2728 1835,2728 1946,2728 2056,2728 2166,2728 2277,2730 2387,2730 2497,2730 2607,2730 2718,2730 2828,2730 2938,2730 3049,2728 3159,2726 3269,2724 3380,2722"
                         HEIGHT="112"
                         WIDTH="2237"
                         VPOS="2681"
                         HPOS="1159">
                  <String ID="string_region_1638958239349_5753l31"
                          HEIGHT="112"
                          WIDTH="2237"
                          VPOS="2681"
                          HPOS="1159"
                          CONTENT="not in my regarde, perhaps you beleave that itt is a bill preforme, "/>
               </TextLine>
               <TextLine ID="region_1638958239349_5753l32"
                         BASELINE="1160,2842 1271,2838 1383,2835 1494,2832 1606,2830 1718,2828 1829,2827 1941,2826 2052,2826 2164,2824 2276,2824 2387,2824 2499,2824 2610,2824 2722,2824 2834,2822 2945,2822 3057,2822 3168,2820 3280,2818 3392,2816"
                         HEIGHT="174"
                         WIDTH="2264"
                         VPOS="2733"
                         HPOS="1144">
                  <String ID="string_region_1638958239349_5753l32"
                          HEIGHT="174"
                          WIDTH="2264"
                          VPOS="2733"
                          HPOS="1144"
                          CONTENT="assure you I have recd the valeu from the van first day, sere S resurne itt"/>
               </TextLine>
               <TextLine ID="region_1638958239349_5753l33"
                         BASELINE="1150,2936 1261,2934 1372,2933 1483,2932 1594,2930 1705,2928 1816,2928 1927,2926 2038,2926 2149,2924 2261,2924 2372,2922 2483,2922 2594,2922 2705,2920 2816,2920 2927,2918 3038,2918 3149,2918 3260,2916 3372,2916"
                         HEIGHT="123"
                         WIDTH="2252"
                         VPOS="2839"
                         HPOS="1135">
                  <String ID="string_region_1638958239349_5753l33"
                          HEIGHT="123"
                          WIDTH="2252"
                          VPOS="2839"
                          HPOS="1135"
                          CONTENT="&amp; in case you do not send itt back with acceptace towards minday, you"/>
               </TextLine>
               <TextLine ID="region_1638958239349_5753l34"
                         BASELINE="1166,3038 1277,3033 1388,3028 1499,3024 1610,3020 1721,3018 1832,3016 1943,3014 2054,3014 2165,3014 2276,3014 2387,3012 2498,3012 2609,3012 2720,3012 2831,3012 2942,3010 3053,3008 3164,3006 3275,3004 3386,3000"
                         HEIGHT="123"
                         WIDTH="2252"
                         VPOS="2927"
                         HPOS="1150">
                  <String ID="string_region_1638958239349_5753l34"
                          HEIGHT="123"
                          WIDTH="2252"
                          VPOS="2927"
                          HPOS="1150"
                          CONTENT="maij assure yd. self &amp; m. sollies, that £ 200-  which de dadee drawne on me"/>
               </TextLine>
               <TextLine ID="region_1638958239349_5753l35"
                         BASELINE="1154,3148 1266,3140 1378,3131 1490,3126 1602,3120 1714,3116 1826,3112 1938,3110 2050,3108 2162,3108 2275,3106 2387,3106 2499,3106 2611,3106 2723,3106 2835,3106 2947,3106 3059,3104 3171,3104 3283,3102 3396,3100"
                         HEIGHT="155"
                         WIDTH="2273"
                         VPOS="3021"
                         HPOS="1138">
                  <String ID="string_region_1638958239349_5753l35"
                          HEIGHT="155"
                          WIDTH="2273"
                          VPOS="3021"
                          HPOS="1138"
                          CONTENT="In 2 severall bills &amp; are sent for acceptance will both returne for non for"/>
               </TextLine>
               <TextLine ID="region_1638958239349_5753l36"
                         BASELINE="2944,3152 2970,3150 2996,3149 3022,3147 3048,3145 3074,3144 3100,3142 3126,3142 3152,3140 3179,3139 3205,3138 3231,3138 3257,3136 3283,3136 3309,3134 3335,3134 3361,3133 3387,3132 3414,3130"
                         HEIGHT="109"
                         WIDTH="503"
                         VPOS="3084"
                         HPOS="2927">
                  <String ID="string_region_1638958239349_5753l36"
                          HEIGHT="109"
                          WIDTH="503"
                          VPOS="3084"
                          HPOS="2927"
                          CONTENT="the lose with lops yo specke "/>
               </TextLine>
               <TextLine ID="region_1638958239349_5753l37"
                         BASELINE="1156,3238 1269,3229 1383,3222 1496,3218 1610,3214 1724,3210 1837,3208 1951,3206 2064,3206 2178,3204 2292,3204 2405,3204 2519,3202 2632,3200 2746,3198 2860,3196 2973,3192 3087,3187 3200,3180 3314,3173 3428,3164"
                         HEIGHT="150"
                         WIDTH="2305"
                         VPOS="3114"
                         HPOS="1138">
                  <String ID="string_region_1638958239349_5753l37"
                          HEIGHT="150"
                          WIDTH="2305"
                          VPOS="3114"
                          HPOS="1138"
                          CONTENT="I take it as the greatest in kindenes evor showne to mee  you have delivored yd st ts"/>
               </TextLine>
               <TextLine ID="region_1638958239349_5753l38"
                         BASELINE="1140,3274 1253,3270 1366,3265 1479,3262 1592,3260 1705,3257 1818,3256 1931,3254 2044,3252 2157,3252 2270,3250 2383,3250 2496,3248 2609,3248 2722,3246 2835,3244 2948,3241 3061,3238 3174,3233 3287,3229 3400,3224"
                         HEIGHT="108"
                         WIDTH="2291"
                         VPOS="3180"
                         HPOS="1126">
                  <String ID="string_region_1638958239349_5753l38"
                          HEIGHT="108"
                          WIDTH="2291"
                          VPOS="3180"
                          HPOS="1126"
                          CONTENT="m seaman butt 25 which aln still wath mee for m. Pindar more) nept, I finde ndhug better then drive less trade &amp;"/>
               </TextLine>
               <TextLine ID="region_1638958239349_5753l39"
                         BASELINE="1896,3300 1948,3298 2001,3296 2053,3296 2106,3294 2159,3294 2211,3294 2264,3294 2316,3296 2369,3296 2422,3296 2474,3296 2527,3296 2579,3296 2632,3294 2685,3293 2737,3290 2790,3289 2842,3285 2895,3281 2948,3276"
                         HEIGHT="92"
                         WIDTH="1083"
                         VPOS="3243"
                         HPOS="1880">
                  <String ID="string_region_1638958239349_5753l39"
                          HEIGHT="92"
                          WIDTH="1083"
                          VPOS="3243"
                          HPOS="1880"
                          CONTENT="that for omer one then all what he otherto I have don"/>
               </TextLine>
               <TextLine ID="region_1638958239349_5753l40"
                         BASELINE="936,3334 972,3334 1009,3334 1046,3334 1082,3334 1119,3334 1156,3334 1192,3332 1229,3332 1266,3331 1303,3330 1339,3330 1376,3328 1413,3328 1449,3326 1486,3325 1523,3324 1559,3324 1596,3322 1633,3322 1670,3320"
                         HEIGHT="161"
                         WIDTH="765"
                         VPOS="3236"
                         HPOS="921">
                  <String ID="string_region_1638958239349_5753l40"
                          HEIGHT="161"
                          WIDTH="765"
                          VPOS="3236"
                          HPOS="921"
                          CONTENT="Lille m. Henrij Collien"/>
               </TextLine>
               <TextLine ID="region_1638958239349_5753l41"
                         BASELINE="2804,3344 2830,3337 2856,3334 2882,3330 2908,3329 2934,3327 2960,3325 2986,3322"
                         HEIGHT="84"
                         WIDTH="219"
                         VPOS="3281"
                         HPOS="2784">
                  <String ID="string_region_1638958239349_5753l41"
                          HEIGHT="84"
                          WIDTH="219"
                          VPOS="3281"
                          HPOS="2784"
                          CONTENT="C 12 d"/>
               </TextLine>
               <TextLine ID="region_1638958239349_5753l42"
                         BASELINE="1164,3448 1272,3443 1381,3438 1489,3434 1598,3431 1707,3428 1815,3428 1924,3426 2032,3426 2141,3426 2250,3426 2358,3428 2467,3428 2575,3428 2684,3428 2793,3428 2901,3428 3010,3426 3118,3424 3227,3422 3336,3418"
                         HEIGHT="207"
                         WIDTH="2204"
                         VPOS="3285"
                         HPOS="1148">
                  <String ID="string_region_1638958239349_5753l42"
                          HEIGHT="207"
                          WIDTH="2204"
                          VPOS="3285"
                          HPOS="1148"
                          CONTENT="In answer to yd of m. cour. amglad you recd. duely yd somes letter"/>
               </TextLine>
               <TextLine ID="region_1638958239349_5753l43"
                         BASELINE="1164,3538 1271,3531 1378,3525 1485,3521 1592,3518 1699,3516 1806,3516 1913,3514 2020,3514 2127,3516 2234,3516 2341,3516 2448,3518 2555,3518 2662,3518 2769,3518 2876,3518 2983,3516 3090,3514 3197,3512 3304,3506"
                         HEIGHT="148"
                         WIDTH="2170"
                         VPOS="3432"
                         HPOS="1148">
                  <String ID="string_region_1638958239349_5753l43"
                          HEIGHT="148"
                          WIDTH="2170"
                          VPOS="3432"
                          HPOS="1148"
                          CONTENT="hope you ar att lills, ly this time, &amp; finde all things to yd contenten "/>
               </TextLine>
               <TextLine ID="region_1638958239349_5753l44"
                         BASELINE="1140,3634 1245,3630 1350,3626 1456,3624 1561,3621 1667,3620 1772,3618 1877,3618 1983,3616 2088,3616 2194,3615 2299,3614 2404,3614 2510,3612 2615,3612 2721,3610 2826,3608 2931,3605 3037,3602 3142,3598 3248,3592"
                         HEIGHT="161"
                         WIDTH="2138"
                         VPOS="3521"
                         HPOS="1124">
                  <String ID="string_region_1638958239349_5753l44"
                          HEIGHT="161"
                          WIDTH="2138"
                          VPOS="3521"
                          HPOS="1124"
                          CONTENT="Ireceave uise hod, beeng ready to go for Brussels, boath yd bills for "/>
               </TextLine>
               <TextLine ID="region_1638958239349_5753l45"
                         BASELINE="1156,3722 1265,3718 1375,3714 1484,3712 1594,3710 1704,3708 1813,3706 1923,3706 2032,3706 2142,3704 2252,3704 2361,3703 2471,3702 2580,3702 2690,3700 2800,3698 2909,3696 3019,3693 3128,3690 3238,3686 3348,3680"
                         HEIGHT="136"
                         WIDTH="2222"
                         VPOS="3640"
                         HPOS="1141">
                  <String ID="string_region_1638958239349_5753l45"
                          HEIGHT="136"
                          WIDTH="2222"
                          VPOS="3640"
                          HPOS="1141"
                          CONTENT="acceptance vos £100- of wanner, &amp; £100- for lovers, the latder Trawme"/>
               </TextLine>
               <TextLine ID="region_1638958239349_5753l46"
                         BASELINE="1156,3824 1263,3818 1370,3812 1478,3808 1585,3804 1693,3802 1800,3800 1907,3798 2015,3798 2122,3796 2230,3796 2337,3796 2444,3796 2552,3796 2659,3796 2767,3794 2874,3792 2981,3790 3089,3787 3196,3784 3304,3778"
                         HEIGHT="142"
                         WIDTH="2179"
                         VPOS="3706"
                         HPOS="1141">
                  <String ID="string_region_1638958239349_5753l46"
                          HEIGHT="142"
                          WIDTH="2179"
                          VPOS="3706"
                          HPOS="1141"
                          CONTENT="att 35:6, when the cur.  is bett 35.3 a 4, yett itt beeng so, Iad resolved "/>
               </TextLine>
               <TextLine ID="region_1638958239349_5753l47"
                         BASELINE="1152,3924 1261,3916 1371,3910 1480,3905 1590,3901 1700,3898 1809,3896 1919,3894 2028,3892 2138,3892 2248,3892 2357,3890 2467,3890 2576,3890 2686,3888 2796,3886 2905,3884 3015,3880 3124,3876 3234,3872 3344,3866"
                         HEIGHT="142"
                         WIDTH="2224"
                         VPOS="3815"
                         HPOS="1136">
                  <String ID="string_region_1638958239349_5753l47"
                          HEIGHT="142"
                          WIDTH="2224"
                          VPOS="3815"
                          HPOS="1136"
                          CONTENT="to accept boath, if att the same time m. R: Souchell by letder had not "/>
               </TextLine>
               <TextLine ID="region_1638958239349_5753l48"
                         BASELINE="1164,4012 1272,4008 1381,4002 1490,4000 1599,3996 1708,3994 1816,3992 1925,3992 2034,3990 2143,3990 2252,3988 2360,3988 2469,3986 2578,3985 2687,3984 2796,3982 2904,3978 3013,3976 3122,3972 3231,3967 3340,3962"
                         HEIGHT="140"
                         WIDTH="2207"
                         VPOS="3908"
                         HPOS="1148">
                  <String ID="string_region_1638958239349_5753l48"
                          HEIGHT="140"
                          WIDTH="2207"
                          VPOS="3908"
                          HPOS="1148"
                          CONTENT="Tindred, for he doth returne my bill of £100 fleighe drawne on i"/>
               </TextLine>
               <TextLine ID="region_1638958239349_5753l49"
                         BASELINE="1156,4106 1267,4099 1378,4093 1489,4089 1600,4086 1712,4084 1823,4084 1934,4084 2045,4084 2156,4084 2268,4084 2379,4086 2490,4086 2601,4086 2712,4084 2824,4083 2935,4081 3046,4076 3157,4072 3268,4065 3380,4056"
                         HEIGHT="173"
                         WIDTH="2255"
                         VPOS="3984"
                         HPOS="1140">
                  <String ID="string_region_1638958239349_5753l49"
                          HEIGHT="173"
                          WIDTH="2255"
                          VPOS="3984"
                          HPOS="1140"
                          CONTENT="for yd accct for non acceptance, truly you can not be so much discompensed "/>
               </TextLine>
               <TextLine ID="region_1638958239349_5753l50"
                         BASELINE="1124,4202 1234,4195 1344,4190 1455,4186 1565,4182 1676,4180 1786,4178 1896,4178 2007,4176 2117,4176 2228,4176 2338,4175 2448,4174 2559,4174 2669,4172 2780,4170 2890,4168 3000,4164 3111,4160 3221,4156 3332,4150"
                         HEIGHT="122"
                         WIDTH="2236"
                         VPOS="4111"
                         HPOS="1110">
                  <String ID="string_region_1638958239349_5753l50"
                          HEIGHT="122"
                          WIDTH="2236"
                          VPOS="4111"
                          HPOS="1110"
                          CONTENT="by mijwords, then I am by that, for it is a fill in favour of y "/>
               </TextLine>
               <TextLine ID="region_1638958239349_5753l51"
                         BASELINE="1126,4300 1238,4294 1350,4289 1463,4286 1575,4282 1688,4282 1800,4280 1912,4278 2025,4278 2137,4278 2250,4278 2362,4278 2474,4276 2587,4276 2699,4274 2812,4272 2924,4270 3036,4266 3149,4263 3261,4256 3374,4250"
                         HEIGHT="132"
                         WIDTH="2279"
                         VPOS="4193"
                         HPOS="1111">
                  <String ID="string_region_1638958239349_5753l51"
                          HEIGHT="132"
                          WIDTH="2279"
                          VPOS="4193"
                          HPOS="1111"
                          CONTENT="darther in lan for whan I am more shy in matter of trade then "/>
               </TextLine>
            </TextBlock>
            <TextBlock ID="region_1638958242414_5756"
                       HEIGHT="4313"
                       WIDTH="2547"
                       VPOS="112"
                       HPOS="3512">
               <Shape>
                  <Polygon POINTS="3512,112 6059,112 6059,4425 3512,4425"/>
               </Shape>
               <TextLine ID="region_1638958242414_5756l1"
                         BASELINE="5976,242 6002,245 6029,247 6056,242"
                         HEIGHT="102"
                         WIDTH="110"
                         VPOS="169"
                         HPOS="5961">
                  <String ID="string_region_1638958242414_5756l1"
                          HEIGHT="102"
                          WIDTH="110"
                          VPOS="169"
                          HPOS="5961"
                          CONTENT="2d"/>
               </TextLine>
               <TextLine ID="region_1638958242414_5756l2"
                         BASELINE="3652,262 3769,262 3886,262 4004,262 4121,262 4239,264 4356,264 4473,266 4591,268 4708,271 4826,272 4943,276 5060,278 5178,280 5295,284 5413,286 5530,288 5647,290 5765,293 5882,294 6000,296"
                         HEIGHT="127"
                         WIDTH="2378"
                         VPOS="205"
                         HPOS="3636">
                  <String ID="string_region_1638958242414_5756l2"
                          HEIGHT="127"
                          WIDTH="2378"
                          VPOS="205"
                          HPOS="3636"
                          CONTENT="for amy marchant in this towne, yett Ihave dixceted all things so, thal no bodd,,"/>
               </TextLine>
               <TextLine ID="region_1638958242414_5756l3"
                         BASELINE="3670,366 3787,359 3904,354 4021,350 4138,348 4256,346 4373,346 4490,347 4607,348 4724,350 4842,354 4959,356 5076,360 5193,363 5310,366 5428,370 5545,374 5662,376 5779,378 5896,380 6014,380"
                         HEIGHT="91"
                         WIDTH="2375"
                         VPOS="308"
                         HPOS="3654">
                  <String ID="string_region_1638958242414_5756l3"
                          HEIGHT="91"
                          WIDTH="2375"
                          VPOS="308"
                          HPOS="3654"
                          CONTENT="car suipect any thing for I told the peopleto send for them bills a minday att"/>
               </TextLine>
               <TextLine ID="region_1638958242414_5756l4"
                         BASELINE="3666,458 3779,454 3892,452 4005,450 4118,448 4232,448 4345,446 4458,446 4571,446 4684,446 4798,446 4911,446 5024,448 5137,448 5250,450 5364,452 5477,455 5590,458 5703,462 5816,466 5930,470"
                         HEIGHT="88"
                         WIDTH="2294"
                         VPOS="397"
                         HPOS="3650">
                  <String ID="string_region_1638958242414_5756l4"
                          HEIGHT="88"
                          WIDTH="2294"
                          VPOS="397"
                          HPOS="3650"
                          CONTENT="my retune, whilst I have sent shis day the bill of £100- back to m sonchell"/>
               </TextLine>
               <TextLine ID="region_1638958242414_5756l5"
                         BASELINE="3662,544 3781,544 3900,544 4019,544 4138,542 4257,542 4376,542 4495,542 4614,542 4733,542 4852,542 4971,542 5090,544 5209,544 5328,546 5447,547 5566,548 5685,550 5804,552 5923,554 6042,558"
                         HEIGHT="87"
                         WIDTH="2411"
                         VPOS="478"
                         HPOS="3647">
                  <String ID="string_region_1638958242414_5756l5"
                          HEIGHT="87"
                          WIDTH="2411"
                          VPOS="478"
                          HPOS="3647"
                          CONTENT="which in case comen bach tewands mindary with acceptance shall speriidge mee"/>
               </TextLine>
               <TextLine ID="region_1638958242414_5756l6"
                         BASELINE="3660,638 3777,638 3895,638 4013,636 4130,636 4248,634 4366,634 4483,632 4601,632 4719,632 4837,632 4954,632 5072,632 5190,632 5307,634 5425,636 5543,638 5660,642 5778,646 5896,650 6014,656"
                         HEIGHT="134"
                         WIDTH="2384"
                         VPOS="584"
                         HPOS="3644">
                  <String ID="string_region_1638958242414_5756l6"
                          HEIGHT="134"
                          WIDTH="2384"
                          VPOS="584"
                          HPOS="3644"
                          CONTENT="to accept y, &amp; this you will see that I never yett ave dn what m souchell"/>
               </TextLine>
               <TextLine ID="region_1638958242414_5756l7"
                         BASELINE="3656,732 3695,732 3735,730 3775,730 3815,728 3855,728 3894,728 3934,728 3974,728 4014,728 4054,728 4093,728 4133,728 4173,728 4213,728 4253,728 4292,728 4332,730 4372,730 4412,730 4452,732"
                         HEIGHT="135"
                         WIDTH="827"
                         VPOS="659"
                         HPOS="3641">
                  <String ID="string_region_1638958242414_5756l7"
                          HEIGHT="135"
                          WIDTH="827"
                          VPOS="659"
                          HPOS="3641"
                          CONTENT="doth suyd regaid to mee "/>
               </TextLine>
               <TextLine ID="region_1638958242414_5756l8"
                         BASELINE="5590,810 5615,810 5640,808 5666,808 5691,807 5716,806 5742,806 5767,805 5792,804 5818,804 5843,804 5868,804 5894,804 5919,804 5944,803 5970,802 5995,802 6020,802 6046,802"
                         HEIGHT="139"
                         WIDTH="486"
                         VPOS="701"
                         HPOS="5574">
                  <String ID="string_region_1638958242414_5756l8"
                          HEIGHT="139"
                          WIDTH="486"
                          VPOS="701"
                          HPOS="5574"
                          CONTENT="C13 Juni 1681"/>
               </TextLine>
               <TextLine ID="region_1638958242414_5756l9"
                         BASELINE="3528,844 3562,841 3596,837 3630,834 3664,833 3698,832 3732,830 3766,830 3800,830 3834,830 3869,830 3903,830 3937,830 3971,830 4005,830 4039,830 4073,830 4107,828 4141,827 4175,826 4210,822"
                         HEIGHT="140"
                         WIDTH="710"
                         VPOS="747"
                         HPOS="3514">
                  <String ID="string_region_1638958242414_5756l9"
                          HEIGHT="140"
                          WIDTH="710"
                          VPOS="747"
                          HPOS="3514"
                          CONTENT="ondon mr. Pemund Warner"/>
               </TextLine>
               <TextLine ID="region_1638958242414_5756l10"
                         BASELINE="3664,930 3783,926 3902,924 4021,920 4140,918 4260,915 4379,912 4498,910 4617,910 4736,908 4856,908 4975,908 5094,908 5213,908 5332,910 5452,910 5571,912 5690,914 5809,918 5928,921 6048,924"
                         HEIGHT="171"
                         WIDTH="2415"
                         VPOS="788"
                         HPOS="3649">
                  <String ID="string_region_1638958242414_5756l10"
                          HEIGHT="171"
                          WIDTH="2415"
                          VPOS="788"
                          HPOS="3649"
                          CONTENT="sence mij last recd. yd. of 14 past, in the meare while this day is gon forward n. 26- "/>
               </TextLine>
               <TextLine ID="region_1638958242414_5756l11"
                         BASELINE="3656,1034 3775,1028 3895,1021 4014,1016 4134,1012 4254,1009 4373,1006 4493,1004 4612,1004 4732,1002 4852,1002 4971,1002 5091,1002 5210,1002 5330,1004 5450,1004 5569,1006 5689,1006 5808,1006 5928,1007 6048,1008"
                         HEIGHT="182"
                         WIDTH="2420"
                         VPOS="910"
                         HPOS="3642">
                  <String ID="string_region_1638958242414_5756l11"
                          HEIGHT="182"
                          WIDTH="2420"
                          VPOS="910"
                          HPOS="3642"
                          CONTENT="for newport of which hee inclosed is the invoyce, for which please to give mee"/>
               </TextLine>
               <TextLine ID="region_1638958242414_5756l12"
                         BASELINE="3672,1120 3786,1115 3900,1110 4014,1107 4128,1104 4242,1100 4356,1098 4470,1097 4584,1096 4698,1096 4812,1094 4926,1094 5040,1096 5154,1096 5268,1097 5382,1098 5496,1100 5610,1102 5724,1104 5838,1106 5952,1108"
                         HEIGHT="125"
                         WIDTH="2312"
                         VPOS="1049"
                         HPOS="3656">
                  <String ID="string_region_1638958242414_5756l12"
                          HEIGHT="125"
                          WIDTH="2312"
                          VPOS="1049"
                          HPOS="3656"
                          CONTENT="credit, the rest of yd orders shall be compleated nept week, &amp; di patched also"/>
               </TextLine>
               <TextLine ID="region_1638958242414_5756l13"
                         BASELINE="3652,1210 3724,1209 3796,1208 3868,1206 3940,1204 4013,1202 4085,1200 4157,1198 4229,1196 4301,1194 4374,1192 4446,1192 4518,1190 4590,1188 4662,1188 4735,1188 4807,1188 4879,1188 4951,1189 5023,1190 5096,1192"
                         HEIGHT="167"
                         WIDTH="1475"
                         VPOS="1105"
                         HPOS="3636">
                  <String ID="string_region_1638958242414_5756l13"
                          HEIGHT="167"
                          WIDTH="1475"
                          VPOS="1105"
                          HPOS="3636"
                          CONTENT="whilst I do exspect the kenw to see you heee"/>
               </TextLine>
               <TextLine ID="region_1638958242414_5756l14"
                         BASELINE="3528,1312 3563,1310 3598,1308 3633,1306 3668,1306 3704,1306 3739,1306 3774,1306 3809,1306 3844,1307 3880,1308 3915,1308 3950,1308 3985,1310 4020,1310 4056,1309 4091,1308 4126,1307 4161,1305 4196,1302 4232,1300"
                         HEIGHT="159"
                         WIDTH="734"
                         VPOS="1209"
                         HPOS="3513">
                  <String ID="string_region_1638958242414_5756l14"
                          HEIGHT="159"
                          WIDTH="734"
                          VPOS="1209"
                          HPOS="3513"
                          CONTENT="michelen juff. anna wigans"/>
               </TextLine>
               <TextLine ID="region_1638958242414_5756l15"
                         BASELINE="5610,1314 5637,1314 5665,1314 5692,1314 5720,1314 5747,1314 5775,1314 5802,1312 5830,1310"
                         HEIGHT="120"
                         WIDTH="251"
                         VPOS="1235"
                         HPOS="5594">
                  <String ID="string_region_1638958242414_5756l15"
                          HEIGHT="120"
                          WIDTH="251"
                          VPOS="1235"
                          HPOS="5594"
                          CONTENT="a 15 d."/>
               </TextLine>
               <TextLine ID="region_1638958242414_5756l16"
                         BASELINE="3666,1410 3784,1406 3903,1402 4021,1400 4140,1398 4259,1398 4377,1398 4496,1398 4614,1398 4733,1398 4852,1400 4970,1402 5089,1404 5207,1406 5326,1408 5445,1412 5563,1414 5682,1418 5800,1420 5919,1424 6038,1426"
                         HEIGHT="126"
                         WIDTH="2403"
                         VPOS="1345"
                         HPOS="3651">
                  <String ID="string_region_1638958242414_5756l16"
                          HEIGHT="126"
                          WIDTH="2403"
                          VPOS="1345"
                          HPOS="3651"
                          CONTENT="Icq meijnde mondelinghs den ul van 10 deser gisteren te beapwoorden, dogh alsoo"/>
               </TextLine>
               <TextLine ID="region_1638958242414_5756l17"
                         BASELINE="3646,1508 3766,1504 3886,1502 4006,1500 4126,1498 4247,1496 4367,1496 4487,1494 4607,1494 4727,1494 4848,1494 4968,1494 5088,1496 5208,1498 5328,1500 5449,1502 5569,1504 5689,1508 5809,1512 5929,1516 6050,1520"
                         HEIGHT="135"
                         WIDTH="2435"
                         VPOS="1443"
                         HPOS="3630">
                  <String ID="string_region_1638958242414_5756l17"
                          HEIGHT="135"
                          WIDTH="2435"
                          VPOS="1443"
                          HPOS="3630"
                          CONTENT="ul iude kercke was, &amp; icq maer een ene tijt en hadde, heb icq ul niet connen spreeken"/>
               </TextLine>
               <TextLine ID="region_1638958242414_5756l18"
                         BASELINE="3650,1596 3768,1594 3886,1594 4005,1592 4123,1592 4242,1592 4360,1591 4478,1590 4597,1590 4715,1590 4834,1592 4952,1592 5070,1594 5189,1594 5307,1596 5426,1599 5544,1602 5662,1605 5781,1608 5899,1613 6018,1618"
                         HEIGHT="117"
                         WIDTH="2400"
                         VPOS="1530"
                         HPOS="3634">
                  <String ID="string_region_1638958242414_5756l18"
                          HEIGHT="117"
                          WIDTH="2400"
                          VPOS="1530"
                          HPOS="3634"
                          CONTENT="ul heeft maer ƒ5- afgedongen op de 4st poinet de malines aen mij gesonden, icq"/>
               </TextLine>
               <TextLine ID="region_1638958242414_5756l19"
                         BASELINE="3648,1690 3762,1691 3876,1692 3990,1692 4104,1692 4218,1692 4332,1692 4446,1690 4560,1690 4674,1688 4789,1688 4903,1688 5017,1688 5131,1688 5245,1688 5359,1692 5473,1694 5587,1698 5701,1704 5815,1710 5930,1718"
                         HEIGHT="124"
                         WIDTH="2312"
                         VPOS="1608"
                         HPOS="3634">
                  <String ID="string_region_1638958242414_5756l19"
                          HEIGHT="124"
                          WIDTH="2312"
                          VPOS="1608"
                          HPOS="3634"
                          CONTENT="dencke, dat de dagentiens daer ul die van heeft die sullen te vreden sijn niet"/>
               </TextLine>
               <TextLine ID="region_1638958242414_5756l20"
                         BASELINE="3658,1790 3775,1790 3893,1790 4011,1790 4129,1790 4247,1790 4364,1790 4482,1790 4600,1790 4718,1790 4836,1792 4953,1792 5071,1794 5189,1794 5307,1796 5425,1799 5542,1802 5660,1804 5778,1808 5896,1812 6014,1816"
                         HEIGHT="114"
                         WIDTH="2388"
                         VPOS="1744"
                         HPOS="3642">
                  <String ID="string_region_1638958242414_5756l20"
                          HEIGHT="114"
                          WIDTH="2388"
                          VPOS="1744"
                          HPOS="3642"
                          CONTENT="tegenstaende wederom te neemen, want nu seg 't een goet bij 't ander ien, soo"/>
               </TextLine>
               <TextLine ID="region_1638958242414_5756l21"
                         BASELINE="3650,1892 3769,1892 3888,1892 4007,1892 4126,1892 4245,1892 4364,1892 4483,1892 4602,1892 4721,1892 4840,1892 4959,1892 5078,1894 5197,1894 5316,1896 5435,1898 5554,1900 5673,1902 5792,1905 5911,1908 6030,1912"
                         HEIGHT="112"
                         WIDTH="2411"
                         VPOS="1816"
                         HPOS="3634">
                  <String ID="string_region_1638958242414_5756l21"
                          HEIGHT="112"
                          WIDTH="2411"
                          VPOS="1816"
                          HPOS="3634"
                          CONTENT="bevinde, dat seg gistenen hebbe gecoght tot ƒ 59- een coove, soo goet, sijnde  winder"/>
               </TextLine>
               <TextLine ID="region_1638958242414_5756l22"
                         BASELINE="3670,1996 3787,1996 3904,1996 4022,1996 4139,1996 4257,1996 4374,1996 4491,1996 4609,1998 4726,1998 4844,1998 4961,2000 5078,2000 5196,2002 5313,2004 5431,2006 5548,2009 5665,2012 5783,2016 5900,2019 6018,2024"
                         HEIGHT="135"
                         WIDTH="2379"
                         VPOS="1930"
                         HPOS="3656">
                  <String ID="string_region_1638958242414_5756l22"
                          HEIGHT="135"
                          WIDTH="2379"
                          VPOS="1930"
                          HPOS="3656"
                          CONTENT="als die van ul tot ƒ74-, oversulckx soude seg versoecken de selve wederom te seijnden"/>
               </TextLine>
               <TextLine ID="region_1638958242414_5756l23"
                         BASELINE="3646,2088 3765,2088 3884,2088 4004,2088 4123,2090 4243,2090 4362,2092 4481,2094 4601,2096 4720,2098 4840,2100 4959,2103 5078,2106 5198,2108 5317,2111 5437,2114 5556,2116 5675,2119 5795,2122 5914,2123 6034,2124"
                         HEIGHT="134"
                         WIDTH="2418"
                         VPOS="2045"
                         HPOS="3631">
                  <String ID="string_region_1638958242414_5756l23"
                          HEIGHT="134"
                          WIDTH="2418"
                          VPOS="2045"
                          HPOS="3631"
                          CONTENT="ten minsten eenen van de 2, want daer bij anders geen danck sal haelen. ul gelieft"/>
               </TextLine>
               <TextLine ID="region_1638958242414_5756l24"
                         BASELINE="3650,2202 3768,2198 3887,2194 4005,2192 4124,2192 4242,2192 4361,2192 4479,2194 4598,2194 4716,2197 4835,2200 4953,2202 5072,2204 5190,2208 5309,2210 5427,2212 5546,2214 5664,2216 5783,2218 5901,2218 6020,2218"
                         HEIGHT="138"
                         WIDTH="2403"
                         VPOS="2138"
                         HPOS="3634">
                  <String ID="string_region_1638958242414_5756l24"
                          HEIGHT="138"
                          WIDTH="2403"
                          VPOS="2138"
                          HPOS="3634"
                          CONTENT="in dat warck voor mij geen meerder te besorgen, ter wijlen ul antw. verwaghte blijve"/>
               </TextLine>
               <TextLine ID="region_1638958242414_5756l25"
                         BASELINE="3520,2324 3549,2323 3578,2322 3607,2322 3636,2321 3665,2320 3694,2318 3723,2318 3752,2317 3781,2315 3810,2314 3839,2313 3868,2312 3897,2312 3926,2310 3955,2310 3984,2310 4013,2310 4042,2310 4071,2310 4100,2312"
                         HEIGHT="160"
                         WIDTH="615"
                         VPOS="2206"
                         HPOS="3501">
                  <String ID="string_region_1638958242414_5756l25"
                          HEIGHT="160"
                          WIDTH="615"
                          VPOS="2206"
                          HPOS="3501"
                          CONTENT="Leuven mr. Jan de Goede"/>
               </TextLine>
               <TextLine ID="region_1638958242414_5756l26"
                         BASELINE="5616,2354 5641,2356 5666,2355 5691,2353 5716,2351 5741,2349 5766,2348 5791,2348 5816,2350"
                         HEIGHT="131"
                         WIDTH="233"
                         VPOS="2263"
                         HPOS="5598">
                  <String ID="string_region_1638958242414_5756l26"
                          HEIGHT="131"
                          WIDTH="233"
                          VPOS="2263"
                          HPOS="5598"
                          CONTENT="a 15d."/>
               </TextLine>
               <TextLine ID="region_1638958242414_5756l27"
                         BASELINE="3664,2422 3781,2422 3898,2424 4016,2426 4133,2427 4251,2428 4368,2430 4485,2432 4603,2434 4720,2436 4838,2437 4955,2440 5072,2442 5190,2444 5307,2446 5425,2449 5542,2452 5659,2454 5777,2458 5894,2462 6012,2464"
                         HEIGHT="139"
                         WIDTH="2378"
                         VPOS="2351"
                         HPOS="3648">
                  <String ID="string_region_1638958242414_5756l27"
                          HEIGHT="139"
                          WIDTH="2378"
                          VPOS="2351"
                          HPOS="3648"
                          CONTENT="alsoo Icq uyter stadt ben geweest heb seq el van 29 pass &amp; 10 deser niet eenden"/>
               </TextLine>
               <TextLine ID="region_1638958242414_5756l28"
                         BASELINE="3646,2530 3764,2528 3883,2526 4002,2526 4121,2526 4240,2526 4358,2528 4477,2529 4596,2530 4715,2532 4834,2535 4952,2538 5071,2540 5190,2544 5309,2546 5428,2548 5546,2551 5665,2554 5784,2556 5903,2558 6022,2560"
                         HEIGHT="154"
                         WIDTH="2405"
                         VPOS="2451"
                         HPOS="3631">
                  <String ID="string_region_1638958242414_5756l28"
                          HEIGHT="154"
                          WIDTH="2405"
                          VPOS="2451"
                          HPOS="3631"
                          CONTENT="beantw, ben wel genoegh versien van swarte laeckens, van alder hande prijsen"/>
               </TextLine>
               <TextLine ID="region_1638958242414_5756l29"
                         BASELINE="3646,2628 3764,2626 3883,2626 4002,2624 4120,2624 4239,2624 4358,2624 4476,2624 4595,2626 4714,2628 4833,2628 4951,2630 5070,2632 5189,2635 5307,2638 5426,2640 5545,2644 5663,2646 5782,2650 5901,2654 6020,2658"
                         HEIGHT="175"
                         WIDTH="2406"
                         VPOS="2543"
                         HPOS="3630">
                  <String ID="string_region_1638958242414_5756l29"
                          HEIGHT="175"
                          WIDTH="2406"
                          VPOS="2543"
                          HPOS="3630"
                          CONTENT="het laecken n° 388- sal bij de facture examineeren, wegens het inlants sijn wij"/>
               </TextLine>
               <TextLine ID="region_1638958242414_5756l30"
                         BASELINE="3648,2728 3767,2726 3887,2724 4006,2722 4126,2722 4246,2722 4365,2722 4485,2722 4604,2724 4724,2724 4844,2726 4963,2728 5083,2730 5202,2732 5322,2734 5442,2736 5561,2738 5681,2741 5800,2743 5920,2745 6040,2746"
                         HEIGHT="104"
                         WIDTH="2421"
                         VPOS="2681"
                         HPOS="3634">
                  <String ID="string_region_1638958242414_5756l30"
                          HEIGHT="104"
                          WIDTH="2421"
                          VPOS="2681"
                          HPOS="3634"
                          CONTENT="a ƒ4:12 geaccord., oversulckx dat dat geen erreur in is, oock en hebbe dingelijcke voor"/>
               </TextLine>
               <TextLine ID="region_1638958242414_5756l31"
                         BASELINE="5366,2792 5400,2794 5434,2796 5468,2798 5503,2799 5537,2802 5571,2803 5606,2805 5640,2806 5674,2808 5709,2810 5743,2810 5777,2813 5811,2814 5846,2815 5880,2816 5914,2818 5949,2820 5983,2822 6017,2823 6052,2824"
                         HEIGHT="126"
                         WIDTH="719"
                         VPOS="2746"
                         HPOS="5349">
                  <String ID="string_region_1638958242414_5756l31"
                          HEIGHT="126"
                          WIDTH="719"
                          VPOS="2746"
                          HPOS="5349"
                          CONTENT="sal ul re brieften ewaghten"/>
               </TextLine>
               <TextLine ID="region_1638958242414_5756l32"
                         BASELINE="3672,2826 3756,2823 3840,2820 3925,2818 4009,2816 4094,2814 4178,2814 4262,2814 4347,2814 4431,2814 4516,2814 4600,2815 4684,2816 4769,2818 4853,2819 4938,2820 5022,2822 5106,2824 5191,2826 5275,2829 5360,2830"
                         HEIGHT="150"
                         WIDTH="1717"
                         VPOS="2726"
                         HPOS="3657">
                  <String ID="string_region_1638958242414_5756l32"
                          HEIGHT="150"
                          WIDTH="1717"
                          VPOS="2726"
                          HPOS="3657"
                          CONTENT="geen ƒ4„8 weeten vercoopn, soo seijnde scq de sachire wederom"/>
               </TextLine>
               <TextLine ID="region_1638958242414_5756l33"
                         BASELINE="3518,2946 3554,2944 3591,2942 3627,2941 3664,2938 3701,2938 3737,2936 3774,2936 3810,2936 3847,2936 3884,2938 3920,2938 3957,2938 3993,2938 4030,2940 4067,2940 4103,2940 4140,2940 4176,2940 4213,2940 4250,2940"
                         HEIGHT="177"
                         WIDTH="761"
                         VPOS="2811"
                         HPOS="3504">
                  <String ID="string_region_1638958242414_5756l33"
                          HEIGHT="177"
                          WIDTH="761"
                          VPOS="2811"
                          HPOS="3504"
                          CONTENT="Ams. mr Samuel de Hulaer"/>
               </TextLine>
               <TextLine ID="region_1638958242414_5756l34"
                         BASELINE="5584,2962 5611,2962 5638,2962 5665,2962 5692,2962 5719,2962 5746,2962 5773,2961 5800,2958"
                         HEIGHT="148"
                         WIDTH="247"
                         VPOS="2873"
                         HPOS="5567">
                  <String ID="string_region_1638958242414_5756l34"
                          HEIGHT="148"
                          WIDTH="247"
                          VPOS="2873"
                          HPOS="5567"
                          CONTENT="C 15 "/>
               </TextLine>
               <TextLine ID="region_1638958242414_5756l35"
                         BASELINE="3650,3052 3768,3052 3886,3052 4005,3054 4123,3055 4242,3057 4360,3059 4478,3062 4597,3064 4715,3068 4834,3070 4952,3074 5070,3076 5189,3080 5307,3082 5426,3086 5544,3088 5662,3090 5781,3092 5899,3092 6018,3094"
                         HEIGHT="164"
                         WIDTH="2402"
                         VPOS="2952"
                         HPOS="3633">
                  <String ID="string_region_1638958242414_5756l35"
                          HEIGHT="164"
                          WIDTH="2402"
                          VPOS="2952"
                          HPOS="3633"
                          CONTENT="In antw. aen den ul van 12 deser, sal het gesondene monster van soria te goviana exan"/>
               </TextLine>
               <TextLine ID="region_1638958242414_5756l36"
                         BASELINE="3656,3158 3773,3156 3890,3156 4007,3154 4125,3154 4242,3156 4359,3156 4477,3158 4594,3158 4711,3160 4829,3162 4946,3164 5063,3167 5180,3170 5298,3172 5415,3175 5532,3178 5650,3180 5767,3184 5884,3186 6002,3190"
                         HEIGHT="162"
                         WIDTH="2376"
                         VPOS="3068"
                         HPOS="3640">
                  <String ID="string_region_1638958242414_5756l36"
                          HEIGHT="162"
                          WIDTH="2376"
                          VPOS="3068"
                          HPOS="3640"
                          CONTENT="naesten ul adviseeren, ter wijlen hier beneffens aen ul remitt £101- bco tee laste da"/>
               </TextLine>
               <TextLine ID="region_1638958242414_5756l37"
                         BASELINE="3658,3260 3774,3258 3890,3258 4007,3258 4123,3258 4240,3258 4356,3258 4472,3258 4589,3258 4705,3258 4822,3260 4938,3260 5054,3262 5171,3264 5287,3266 5404,3268 5520,3272 5636,3275 5753,3279 5869,3282 5986,3288"
                         HEIGHT="180"
                         WIDTH="2361"
                         VPOS="3174"
                         HPOS="3641">
                  <String ID="string_region_1638958242414_5756l37"
                          HEIGHT="180"
                          WIDTH="2361"
                          VPOS="3174"
                          HPOS="3641"
                          CONTENT="veratane billiott arigna in and. op 2 dagen sight, waer van het noodige gelieft te"/>
               </TextLine>
               <TextLine ID="region_1638958242414_5756l38"
                         BASELINE="3652,3362 3711,3362 3771,3362 3831,3362 3890,3360 3950,3360 4010,3360 4069,3360 4129,3360 4189,3360 4249,3360 4308,3360 4368,3360 4428,3360 4487,3360 4547,3360 4607,3361 4666,3362 4726,3362 4786,3364 4846,3364"
                         HEIGHT="139"
                         WIDTH="1223"
                         VPOS="3283"
                         HPOS="3638">
                  <String ID="string_region_1638958242414_5756l38"
                          HEIGHT="139"
                          WIDTH="1223"
                          VPOS="3283"
                          HPOS="3638"
                          CONTENT="besorgen &amp; van den ontfen mij adrvijs geeven"/>
               </TextLine>
               <TextLine ID="region_1638958242414_5756l39"
                         BASELINE="5552,3454 5578,3456 5604,3457 5630,3458 5656,3458 5683,3458 5709,3458 5735,3458 5761,3458 5788,3456"
                         HEIGHT="149"
                         WIDTH="269"
                         VPOS="3370"
                         HPOS="5535">
                  <String ID="string_region_1638958242414_5756l39"
                          HEIGHT="149"
                          WIDTH="269"
                          VPOS="3370"
                          HPOS="5535"
                          CONTENT="C 10 d"/>
               </TextLine>
               <TextLine ID="region_1638958242414_5756l40"
                         BASELINE="3526,3454 3554,3454 3583,3454 3612,3454 3641,3454 3670,3455 3698,3456 3727,3456 3756,3458 3785,3458 3814,3459 3842,3460 3871,3461 3900,3462 3929,3464 3958,3465 3986,3466 4015,3468 4044,3470 4073,3471 4102,3474"
                         HEIGHT="159"
                         WIDTH="610"
                         VPOS="3360"
                         HPOS="3508">
                  <String ID="string_region_1638958242414_5756l40"
                          HEIGHT="159"
                          WIDTH="610"
                          VPOS="3360"
                          HPOS="3508"
                          CONTENT="Lille mr. Henry Collier"/>
               </TextLine>
               <TextLine ID="region_1638958242414_5756l41"
                         BASELINE="3660,3556 3778,3560 3897,3562 4015,3566 4134,3568 4252,3571 4371,3574 4489,3578 4608,3582 4726,3584 4845,3589 4963,3592 5082,3596 5200,3600 5319,3604 5437,3608 5556,3614 5674,3617 5793,3622 5911,3626 6030,3632"
                         HEIGHT="201"
                         WIDTH="2404"
                         VPOS="3468"
                         HPOS="3644">
                  <String ID="string_region_1638958242414_5756l41"
                          HEIGHT="201"
                          WIDTH="2404"
                          VPOS="3468"
                          HPOS="3644"
                          CONTENT="mij last to you was on the 9 curtt. sence non from you, yett I hope you are safe arrived"/>
               </TextLine>
               <TextLine ID="region_1638958242414_5756l42"
                         BASELINE="3650,3658 3767,3658 3885,3660 4002,3662 4120,3664 4237,3667 4355,3670 4472,3672 4590,3676 4707,3680 4825,3683 4942,3686 5060,3690 5177,3694 5295,3698 5412,3701 5530,3704 5647,3707 5765,3710 5882,3712 6000,3714"
                         HEIGHT="180"
                         WIDTH="2381"
                         VPOS="3595"
                         HPOS="3634">
                  <String ID="string_region_1638958242414_5756l42"
                          HEIGHT="180"
                          WIDTH="2381"
                          VPOS="3595"
                          HPOS="3634"
                          CONTENT="att Lille, though m. southell in dis laeder, of the 24 makes no mediton there of, I have"/>
               </TextLine>
               <TextLine ID="region_1638958242414_5756l43"
                         BASELINE="3646,3764 3762,3762 3879,3762 3996,3762 4112,3762 4229,3764 4346,3766 4462,3768 4579,3772 4696,3776 4813,3778 4929,3784 5046,3786 5163,3790 5279,3794 5396,3797 5513,3800 5629,3802 5746,3804 5863,3804 5980,3804"
                         HEIGHT="107"
                         WIDTH="2366"
                         VPOS="3721"
                         HPOS="3629">
                  <String ID="string_region_1638958242414_5756l43"
                          HEIGHT="107"
                          WIDTH="2366"
                          VPOS="3721"
                          HPOS="3629"
                          CONTENT="been att Brussel where I found de bustijnes of vale compoted att 40 , &amp; sin mother in"/>
               </TextLine>
               <TextLine ID="region_1638958242414_5756l44"
                         BASELINE="3630,3870 3749,3868 3869,3868 3988,3866 4108,3868 4227,3868 4347,3868 4466,3870 4586,3872 4705,3874 4825,3876 4944,3878 5064,3882 5183,3884 5303,3886 5422,3890 5542,3892 5661,3894 5781,3896 5900,3900 6020,3902"
                         HEIGHT="108"
                         WIDTH="2421"
                         VPOS="3806"
                         HPOS="3615">
                  <String ID="string_region_1638958242414_5756l44"
                          HEIGHT="108"
                          WIDTH="2421"
                          VPOS="3806"
                          HPOS="3615"
                          CONTENT="las sicuritie as by the inclosed coppaye you may see, m Sabbarton intends to be in England "/>
               </TextLine>
               <TextLine ID="region_1638958242414_5756l45"
                         BASELINE="3656,3954 3773,3956 3890,3958 4007,3960 4125,3962 4242,3962 4359,3964 4477,3966 4594,3968 4711,3970 4829,3972 4946,3974 5063,3976 5180,3978 5298,3982 5415,3984 5532,3988 5650,3992 5767,3996 5884,4000 6002,4004"
                         HEIGHT="109"
                         WIDTH="2379"
                         VPOS="3911"
                         HPOS="3640">
                  <String ID="string_region_1638958242414_5756l45"
                          HEIGHT="109"
                          WIDTH="2379"
                          VPOS="3911"
                          HPOS="3640"
                          CONTENT="within 3 weekes, &amp; will then tell you more particolars, I have delivered iyd"/>
               </TextLine>
               <TextLine ID="region_1638958242414_5756l46"
                         BASELINE="3646,4052 3765,4054 3885,4056 4005,4058 4124,4059 4244,4060 4364,4062 4483,4065 4603,4068 4723,4070 4843,4072 4962,4074 5082,4078 5202,4080 5321,4084 5441,4088 5561,4091 5680,4096 5800,4100 5920,4105 6040,4110"
                         HEIGHT="167"
                         WIDTH="2424"
                         VPOS="3987"
                         HPOS="3631">
                  <String ID="string_region_1638958242414_5756l46"
                          HEIGHT="167"
                          WIDTH="2424"
                          VPOS="3987"
                          HPOS="3631"
                          CONTENT="procuration, m. soushell hach sesurned my bill accopted, so have accepted yd., butt finde "/>
               </TextLine>
               <TextLine ID="region_1638958242414_5756l47"
                         BASELINE="3654,4154 3771,4152 3888,4152 4005,4152 4122,4152 4239,4154 4356,4156 4473,4160 4590,4162 4707,4166 4824,4170 4941,4174 5058,4176 5175,4180 5292,4184 5409,4186 5526,4188 5643,4190 5760,4192 5877,4192 5994,4192"
                         HEIGHT="103"
                         WIDTH="2369"
                         VPOS="4100"
                         HPOS="3640">
                  <String ID="string_region_1638958242414_5756l47"
                          HEIGHT="103"
                          WIDTH="2369"
                          VPOS="4100"
                          HPOS="3640"
                          CONTENT="yd. sonnes letter of the 2 cur, advising of an other £100- which m kinghtley hach"/>
               </TextLine>
               <TextLine ID="region_1638958242414_5756l48"
                         BASELINE="3642,4244 3759,4244 3876,4244 3994,4246 4111,4248 4229,4250 4346,4252 4463,4254 4581,4256 4698,4260 4816,4262 4933,4264 5050,4268 5168,4271 5285,4274 5403,4276 5520,4278 5637,4280 5755,4282 5872,4284 5990,4284"
                         HEIGHT="135"
                         WIDTH="2379"
                         VPOS="4195"
                         HPOS="3628">
                  <String ID="string_region_1638958242414_5756l48"
                          HEIGHT="135"
                          WIDTH="2379"
                          VPOS="4195"
                          HPOS="3628"
                          CONTENT="drawne, truly m. Collus you do not fariely for yd &amp; my intrest, I do not supose "/>
               </TextLine>
               <TextLine ID="region_1638958242414_5756l49"
                         BASELINE="3632,4342 3750,4340 3869,4340 3988,4340 4107,4342 4226,4344 4344,4346 4463,4348 4582,4352 4701,4355 4820,4358 4938,4362 5057,4365 5176,4368 5295,4372 5414,4374 5532,4376 5651,4378 5770,4378 5889,4378 6008,4378"
                         HEIGHT="116"
                         WIDTH="2407"
                         VPOS="4293"
                         HPOS="3617">
                  <String ID="string_region_1638958242414_5756l49"
                          HEIGHT="116"
                          WIDTH="2407"
                          VPOS="4293"
                          HPOS="3617"
                          CONTENT="that now you will blame mee for refusal, for whilst you will not leave of whee "/>
               </TextLine>
            </TextBlock>
         </PrintSpace>
      </Page>
   </Layout>
</alto>
