8440 4656
2453 249 830 119 In Antwerpen 20 July 1681

704 264 583 131 Brussel Joan Jacobs

961 347 2263 126 mijnst: gisteren heb volgens ue ordr de 19 op lakens en 3 pack

969 442 2253 121 195N.1:2:3 over meggelen hertee gesonden nerpeck bevonde

960 511 2258 149 synde met eenen bay vaan die van st4, hope deselvtet een

974 585 2239 159 ientement sjngewordn, de 2 geperste coleur de spine lakens

990 645 2191 189 enresterende 19 bayen sijn in een pack B S N.4 geladen int

973 781 2208 166 seturdaeghs beuitscin op  Brussel, beneffens de bale wolle

981 856 2301 149 IN.5 weeght 24 ½ e  amst & 228: waermede ul belft

1827 939 879 127 voors malees  3¼

1978 985 1278 159 te betalen nitto -194 a 34 - ƒ 329:16

1537 1078 1694 145 voor S.Vanrabat 21 maenden 14 p „ 40:12

2958 1160 203 100 289:

1004 1180 2261 162 waervore mij gelieft te crediteren niet twijfelende oft uesat

1016 1303 2162 136 alles tot contentement ender vinden: onderlussen wenst

976 1364 2239 141 dat uen wel by caswas alsoo ick opt alderhooght veregen

987 1472 2292 143 aen, ende ue mij helpen kan pover sulx gelnest teordonne

971 1536 1618 180 naergelieven & ue sal veroblegen

1282 1646 887 158 de bays sijn gesortien n

1621 1719 337 134 ƒ5:172

1116 1724 132 148 s

1104 1776 1427 172 3 att 702 ƒƒ2442.16. 10 stuck aƒ 27

1077 1892 290 121 21N

1646 1893 179 133 34

2523 1997 566 152 @ 21 July 1681

735 2052 959 148 Colonia Luysten & van bon

1027 2113 2192 133 messr. volgens ul aengenaeme van 15 deser sien het packettie pr voermars

1001 2202 2145 110 streat koppen tegemoet, het tweede ul p. leste ordinaris van P. mischine

1009 2265 2183 141 de genowa had ontfangen hope voor nu oock sal sijn versonden, ul de goede

1026 2315 2139 170 sorge recommandeerende vooralle de packetties die noch souder komen

1011 2376 2093 148 te volgen om die al ordnars te seiuteeren & aen mij toe te senden p

1030 2429 2253 205 getrouwe voerluyden ul dis bourse wort aen ul promt tot danke vol daen

2575 2526 577 101 @ 21 ditto 1681

765 2571 832 133 Turnhout Pieter Robert

1046 2605 2073 135 mons sende ul eenigh monsters van coleure serges tot  ƒ27:-

1021 2701 2103 153 stuck kollansche weirde ende een mulkens lanck breet tot „39:-

1039 2745 2184 181 soo ul gelieft het maer te laeten weten, ende soo die niet wel sen

1046 2813 2082 161 verwaghte dese weeke een pertije van over de 100: stucken endan kan

1067 2908 1435 132 l fijn gerief hebben waerede blijv

2606 2898 430 165 @ 22 July

764 2999 784 129 Lille Richle Shuthell

1055 3020 2194 161 Sr. the 15:th curitt remitted you the £50:0- on John packett which I hope is

1052 3090 2191 150 well come to yd handes thought sence non from you so shall further answer

1055 3155 2086 162 yd of 16: curitt do still hope that yd naturalisation shall pass according

1019 3179 2189 205 tolaer, that you shall finde yd bussynss & trade to content I have

1049 3286 2132 167 give you creditt for my share in the bale N.10 & what further you de

1052 3325 2182 184 shall be approved of, for I referre all to yd prudent menagement, here

1054 3397 2152 164 all things go vere slowley, no, or a small sale, & hadely, many to be had

1048 3480 2113 140 for goods sold  yett those that sett up here besune mighty brishe

1050 3567 2140 135 &HM is their finde, he wrott mee pr. formar post to see mee in the

1072 3682 2146 99 winter next, this day receaved a letter from him where in he tell

1065 3716 2137 137 mee to be here vere sudd amlij to speake to a freind butt not concerning

1067 3762 2183 161 wollen manifactoryes, so they are all for advancing their owne inrest

1061 3844 2161 152 & rinning the trade as mr. randall doth much for he serves many of

1057 3912 2149 163 our shop keepers thing they waat 3 o14 sorts to make up one bale by

1055 4005 2152 141 that wee dayly appressend warr: the more sence the freinch king is so

1065 4091 2124 114 much upon us, intrim the Engliss are asleep, & quarrell about the

1069 4151 2162 141 plott, butt I supose the plost will come to anend, sence my lore

1079 4219 2088 148 shofs burry the cheaf in ventor is a close prissncor precy a word

1057 4320 1445 133 of advise of what passes whilst premen

5131 227 885 108 In Antwerp 23 July 1

3334 243 739 108 London Lucy knightley

4184 252 213 80 th 2

4005 276 124 65 12

3527 293 2480 106 Sr. in answer to yd of 8: curitt. as to what you draw on my acctt. is alwayes hindely

3520 364 2449 77 accepted & punctually payd, & thought to yd & my freinds accommodation, you have

3516 415 2369 110 beeu pressed some thimes there unto, yett itt hath been no less honoured, butt

3536 453 2449 125 I supose he will now desist there in, because his intrest here declines vre much

3528 506 2431 124 & Iendeavour to avoid all manner of drawing & redrawing where fore hope

3535 552 2308 117 to sell off his resting goods & make an end so itt t: observe what you write

3531 595 2461 143 concerning the 6N. I hope you shall prevaile with the maker to deliver you the

3527 660 2458 121 5 p. pr vere first & if I could butt gett in here with our father Jesuitts o deliver

3524 732 2376 104 them I should be able to advise you how mony peeces I should receauw yearly

3536 786 2366 117 where fore crustly wish to have the 5p. for atryall & that the sooner & the

3549 863 2415 106 better of which shall be gladd to have the news of the succes: steven warnier

3538 924 2379 97 with the last bale of reds is well arrived & the goods are on their way from

3536 981 2424 104 bruges. hether I can not yett utt off yd kerseds itt beeng asort not much

3530 1047 2382 104 uso here & much in knowne, yett shall endeavour to sell y as best I can p7d

3560 1136 2308 93 next please to note the first cost & charges of them whilst I remaine

3334 1122 678 140 London Henry Maynard

4408 1190 96 68 th

5503 1166 409 116 23 ditto 1681

3547 1188 2422 167 Sr. my last to you was on the 19: curitt to which please to be referred sence rect

3539 1275 2428 114 yd of 8 ditto bij which I understand yd resolution to leave london for 10 a 12 dayds

3550 1363 2409 106 you will be keartely wel kom, here & then wee may diecours further so shall not

3536 1421 2441 104 cen large, onely that I have given credies for my half share in the bale N. 33, the

3558 1489 2385 109 patt. are in different: well assorted & where as I want more spanish cloathes

3549 1556 2370 96 of all sorts, butt most low prijses, so should wish you would pick up now

3549 1607 2403 117 & then a good cloth, att leest for half drap cullours of a lively please cullour

3551 1697 2416 98 the rest as best you can iudge because I do not know my self which to invede

3551 1756 2351 112 I have seen a pattarne boock for 24 cloathes in 2 bales which you sent to JK

3547 1808 2403 107 of brussels & itt may be not yett come to his handes amoughst them were

3540 1869 2458 119 severall lovely cullours, so you knowing the demanded sorts will do well to provide

3520 1949 2421 117 & ouy some when you most meet them to content though itt ware to make every

3563 2024 2315 87 12 dayes a 3 weeks one bale, each bale to be vrapped with 2 bayes onely or

3543 2060 2336 123 Rather a demy cottong till you can send mee bayes from london that are

3556 2112 2452 103 worth the 45:6 a 44 st those I receave from the north of 36 a 37  are mn

3555 2178 2351 104 better please further to buy one pach of white cottons besides that in ordered

3559 2234 2398 136 forredI vit from 22 to 25 pence a goad 12 demy cottons m abale & ½ for vrapped

3549 2286 2347 146 & send them with first opportaniie seeng the 6N silver stuck cloathes

3561 2380 2372 107 can not be sooner ready imust have posentie & stay out the time wee have no

3563 2430 2276 118 news yett of Richd pindar I could wish the goods here whist I remaine

5289 2487 592 121 @ 23 ditto 87

3341 2515 763 139 London Abram vivian

4553 2538 118 126 th

3556 2588 2444 157 S. my last to you was on the 19 curitt sence recd. yd of 8 ditto tis well you wa

3562 2665 2446 158 shall given the nessecary order to provide the desired bale of fine long cloather

3570 2756 2399 127 I long to know how our goods are shipped & so much want the kersies here

3549 2817 2401 137 I leave the whole divection on yd side to yd self all I have to say that is

3561 2927 2375 74 that I may have good goods & punctuall provided that no noglect be comitted

3572 2905 2420 176 in dispatch: I supose for the future mr. potter must be the man, as also in bayes

3567 3002 2362 162 for mr. Chipping comitts great fault & never yett had ond pes. sort weres

3560 3041 2429 168 now there comes 2 sorts never, should any bayes be packt butt that before

3552 3149 2406 119 they must be assorted, & each bale with itts korts perticular mentioned

3572 3236 2313 88 in the invoyce as mr. schipping   didother wise itt is a

3583 3274 2375 100 confusion to mee here if m. chipping be not satisfied that 2 bayes are to

3581 3319 2393 142 little I can send acert ficatie signed by 2 that I have iu ployd to the purpose

3577 3451 2376 70 to open all 3 the bales togheter. yd bill of £200: shall accept & passto

3583 3504 2323 101 yd acctt. and shall be mightly gladd to see you here where fore as soone

3578 3566 2354 116 as you thingk couveient, you can comebutt our goods ought most part

3573 3624 2336 105 to be dispatched which I do supose will vere well be 3 freekes hence of

3589 3705 1700 102 what further passes exspect tijds advise I remanne

5321 3708 602 167 @ 25 ditto 1681

3584 3773 542 104 J Puijsbart

3375 3756 178 137 gent

3581 3816 2394 138 mons. 19 deser hebbe aen ul geremitt. ƒ700 tot laste Joan de hardin alsoo van

3591 3894 2410 131 ul over den ontfanck geen advies verneme ben beducht den selve wel intongereet

3597 3974 2314 154 geraekt was t welk niet wille hope oversulx gelieft in antwoordt deser

3579 4093 2319 126 gepasseirde te laten weten waermde Blijve  23 ditto

3416 4117 815 145 Brugge Raphael Coots -

3600 4187 2394 120 mijn st. in antwoort aende ul van 16 & 18 deser, het pack No. 20 als geshhl. seght

3597 4286 2360 88 is mij prompt geworden N.° 22 sien tegemoet, als mede N 27 & N7„ pr Adriaen

3580 4335 2361 133 de keyser, beneffens peeter de reijder met de pack perse & toe behoorte
