7982 4601
524 152 841 117 Turnhout Willem Sanen

2181 138 882 148 In Antwerpen 12 £s 1681

802 218 2307 127 Mons. in antwoort vanden ul vangisteren sal heden de tijken in de halle

811 311 2307 118 nae sien oftese mij bevallen ende deselve dan op ick stellen t sortement

814 370 2316 107 van ul stalen ben eensdeels voorsien ende inde naeste weeke verwaght noch

811 437 2170 106 meerder pertijen, soo dat ul sal konnen aen 5od guld gerieven

511 427 853 185 Brussel Andries Ahesens

2119 483 1001 149 In Antwerpen 14 feb 1681

778 576 2293 109 Mons. De ul van 11 & 12 deber sijn mij tsamen eerst behandight soo dat ick

804 635 2257 127 de staelen anders niet hebbe connen senden, soo dan ingesloten 2 van de lights

776 719 2352 168 grijs dewelke bij mij hebbe in prijs van 51 t hab van 8 p den staelboeck

756 775 2245 190 us van een soorte van 55 st  p hab doch de selve en sijn noch niet

796 916 2308 135 gearriveert soo dat ul daer haestegh mede sijnde daer van niet soude kommen

760 934 2334 163 bedienen als alleen van detwee soo de selve light genoch waren den ssal

778 1059 2255 150 boeck gelieft mij wederom te besorgen, laken de ul trato van ƒ300 heb

794 1123 2287 148 al dat vol daen volgens ul dat adviseerde, ende salt goetvinden uyt de weird

800 1229 2248 116 van o1500 tot last van fran van bruyssende welk ontfangen sijnde ul

801 1292 2274 107 sal remitteeren & volgens ordre ul rek seynden terwijlen nae groet

486 1330 397 159 Brussel Ah

931 1380 486 103 Bonnecroy

2251 1369 741 168 In Antwerpen 14 feb

778 1451 2246 145 Jff. Ick heb den ul van 13 deser wel ontfange ende gesien dat ul de

783 1554 2253 116 peninge ul bewesen had becomen, soo dat wij dat dato effen sijn ick

788 1636 2202 127 ben gecontramandeert geene cante meer te koope tot haede ordre

784 1711 2252 147 over sulx gelieft niet haestigh te sijn als alleenlijk te besorgen den nietr

783 1790 2261 109 pattarons & manchett advenant met het truill werck daer van hebbe

772 1885 2231 134 gesprocken de welcke verwaghte sal als geseyt waer mede nae groet

496 1928 818 156 London will. pindar

2108 1944 917 144 In Antwerpen 15 feb 1681

786 2045 2255 129 S in answer to yd of 22 pass do send here inclosed yd acctt. as well of sale as

742 2086 2264 156 curitt where by you will finde mee £19:14 t in disbourse - due to you

764 2209 2310 102 £42:9:4 besides 17 resting serges the standinghs out debts I can recoves presently

766 2309 2251 119 in case I would take bedtijkes in payement, so if you have aminde to

766 2344 2284 166 have yd return in that com. Ill procure itt pr. first it could also serve for

774 2447 2298 129 atrjall, because bedtijkes are much demanded in England: the actt sent

759 2515 2310 143 you ult. june last will shew what is transferred to mr. southell fo that

746 2618 2319 125 leave so you, both to do as you thinck most convencent ill willangly

747 2684 1178 130 follow yd order whilst I remaine

2128 2692 857 174 In Antwarp 18 fe 16:1

482 2753 890 174 London Abram vivian

768 2776 2340 206 S my last to you was on the 11 curitt sence non from you, in closed invoyce

745 2878 2331 145 of 2 packetts of laces sent to newport to mr. vallego N. 10 will come with these

732 2979 2231 121 letters & is extreanly currous & wel assorted N11 will come with next

731 3054 2301 170 packett then there is the last packett N. 12 which doth containe 2 broad laces

759 3143 2307 145 wherefore beeng ¼ of ayd long will come by the first binlander & thenghan

754 3221 2246 161 no more laces with mee acept a fewnew pattarnes, that are att

751 3295 2211 168 worck, if you see the se goods you will doubtless beimcorridged so

744 3403 2306 134 wish them safe to yd handes. I could wish the goods att hull where here

728 3445 2329 223 for our demand com on & have no bayes & our customes beeng much

731 3570 2293 142 dimmighed, shall make our gaine more my next shall carry allour acctt

746 3691 2097 108 of sale & calculation how thaddrade renders & so remaine

2433 3726 575 161 Antwarp 15 ftb

486 3718 912 140 London Henry Maynard

1766 3797 71 84 th

741 3806 2342 135 S. my last to you was on the 11: curit to which beferma referse you because

708 3921 2334 104 sence non from you inclosed a remise on Pietes de cohre junios att 2 uso for

729 3974 2356 105 £60 att 35:5: for yd acctt for which please to procure the needfull & note accordingly

736 4058 2292 121 our demand for goods comes on so please to dispatch the in ordered goods

723 4146 2313 117 the inclosed cullours is also good forlow prijses spanish cloathes sb take some

722 4211 2310 101 of them I hope to remitt mote p ferst & att the latter end of this month

711 4291 1117 120 send the acctt of sule & so remaine
