8528 4636
1149 192 2263 114 onne, & thongs Jacobs mone yett if ge will de can ven well give tst ready

1140 282 2293 131 I have given in my accqusrance for itt, pray be se hnde ar togett itt sion

1133 338 2236 165 them, sure they will not refuse itt, if you the tell them of yd going for

1149 465 2233 141 Eng., you can not meet with the 21 caccording to my measure, proy

1152 563 2239 142 ntonne itt withous faile, for I have non other so gest itt accordingly, & yett

1139 686 2266 154 Imuse davet, itt beeng for some consegueme I suppose you or not

1151 766 2251 123 concerned with m. THomas M. de beeng futt in trison for beeng to dasty

1146 894 1696 143 to seenne hm self a bad debt, butt keep itt to yd. self

2756 979 535 158 @ 19 aui 1682

907 976 764 167 Leuven mr Barte Cortsont

1157 1123 2257 97 hebbe geloove seg versuymt ul te seyndende mede gaende facture van e goet aen ul

1149 1216 2281 126 10 deser hiet sijnde vercoght, hope ul wel is gearriveert & de goederen wel gewoorden

2915 1264 449 150 C20 d.

908 1264 737 178 Leuven Juf. le febure

1143 1391 2299 136 Icklaet mij voorstaen, dat gij met mij den tot lons, 't welck van ul noyt hadde erwegt

1166 1487 2263 146 eerlijcke lieden sonden hn woort, maer en strijcken nietmant uyt gelijck gij aen mij doet

1137 1591 2293 139 en nu Iek gelt vrage, ryge voor antw cagge voor antw. dat gij det selve an de wolle eest

1160 1696 2278 100 moet imployeren, ick segge u reght uijt, dat gij niet geen consientie mijngels cont

1147 1758 2279 151 imployeeren, maer onreyheveerdelijck het mijne onedort, 't en can niet bedeneke

1169 1861 2266 119 dat gij soo on beschaemt tijt, van met mij soodanige, te dandelen, daeren tussen snedte

1148 1972 2269 141 Ick ul met desen andermael, & versoecke dat ul mij gelt gelieft te besorgen 't sij ten

1149 2092 2290 131 geheele ofte ten decl, ofte sal genootsaeckt sijn anderen middel te gebruycken on

1166 2188 674 129 aen t mijne te geraecken

2963 2277 258 121 C 20 d.

930 2254 814 162 leuven m Joan de Goede

1158 2351 2272 154 In antw. aen den ul, segge dat icg tegenwoordigh geen ereep witte laeckens geneet

1153 2493 2278 123 en hebbe, maer de naeste weeke sullender eenige uyt de perste comen, als wanner

1156 2591 2111 122 ul een stael sal seynden, 't gene dat puijck en goet voor sijnen prijs sal tijn

1168 2657 2266 110 men deeft mij nogh treyt stalen van geerwitte oft swerte laeckens gevraeght, want

1144 2755 2265 156 als hie goet geverft woort & geleyt is, dan is op 't coleur niet te seggen, evenwel

1165 2880 2235 94 is hier een stael van de soorte van ƒ 3a10, son miij sijn wel wae dichen dan e

1156 2961 2244 127 vallen dan wae groven a god., ul reeg sal icq met meerder staey en gelegentheijt

1169 3034 2244 144 naer sien. heeft ul gelt te seynden, ofterussels., sal mij seer welcemen wesen, alsoo icq

1168 3155 669 133 dat aleys noodigh hebbe

2890 3202 279 166 ƒ20d

954 3230 862 179 Londen m. Henry Maynard

1161 3370 2257 128 mj last to you was on the 17 curtt, sence recd. yd of 5d. the PN silver marce

1168 3483 2250 107 au tootheu, & I finde se made 5 66 yd more out of the same weight of woole

1173 3551 2223 129 as the last, or first ) p. were, so pray ende avoir to persuade dim to serve you no

1165 3679 2263 108 worse then de dath don Jck. or elce I should loose the custnmers sen, & as sam

1149 3753 2293 136 informed, could dispose of do C 40: a yeare, I hope shere is 5 come to you againe

1170 3844 2262 158 to be shipped p first, because wee do much want them as for frises thedrag

1172 3948 2214 149 collours will be the onely demanded with the first opportuite, att least

1141 4049 2275 143 befores yd. going nnt the north please to provide one bale bo com. 12 or 16-

1165 4159 2217 138 demie p made up as last yeare, in prijce nonepacoing 4:6 butt ander

1173 4245 2164 122 as least year, assorted in coullours as the pacq of spanish cloathes

5896 160 158 97 2 1

3661 196 2405 106 N 20 now aboaud klerck, lett the ba one or 2 miish as the inclosed spat

3657 306 2442 123 or som what ligeter. the same pat. is to serve you for the buying of sp: cloothes

3652 393 2427 95 of sevenall prijsen, onder 8 p that each bale, which you ae preparng, so

3642 430 2438 150 last 4 p of that cullour or there aboutt a gad., I can nott enougs recommaand

3652 565 2391 110 you all pore endeavou, because I finde that I am mul out don by . his

3657 680 2406 115 oustumens here amonghst the northres you sent mee, then is w 8 cest 4:9 xa

3628 709 2448 188 beleave mee itt is not worck 4 p ayd, & so most part prove deare, I have gamined

3646 824 2432 147 what orders I gave you so provide in the norts, & finde the is wanthing 30 f do

3640 931 2439 148 henseyed of 1½ lenght, which I hope an ready by this time for I must meds have

3647 1016 2373 147 them, imposeing you dave observed my ord. in their longht, & breat es qualikes

3659 1134 2407 135 besides I desire one bale more to cont. to white kerties 22 yd of abart 27 a 28 ƒ

3651 1202 2393 135 a p p fiust, I yau can meet wish sime good white cotons, of above 25 pence

3653 1348 2390 114 a good, please to send mee one bale ot 2, afsorted wish to deme p of 26 sece

3645 1391 2400 162 w donne p of 250 24gence, & 4 of 15 & n0 pene tobe 24 demu p shale

3640 1490 2434 184 butt I desue better then last Irrad froms you & in all yds ntmost pnnitualitie

3641 1605 2407 131 Inclosed £150- on John lanmbe of 24 aple 2 rs 8d., is dine the 2 sulv

3651 1737 2427 112 the first accepted is by m. Ed. Browne, which I leose to procure, & the needfull

3639 1823 2454 122 ett due day & plae it to my acct monmest, for I would not save you coma

3642 1893 781 133 of me because & a

5524 1944 394 178 C 20 un

3528 1970 671 144 ondon m. ab. Vrvian

4579 2063 150 105 130

3652 2081 2378 168 mj last to you was on the 17., curr. sence reed. yd of 5 d. inclosed invoy ce of

3648 2175 2417 156 .8 which goed goeth forward aminday nept yt patt of the pouit de maline

3626 2272 2396 162 the rest with following sacketts, for yd. L share please to give mee credit, god

3646 2413 2439 115 sond all will to yd handes, & to a good manhett, as to the plaine gound with puales

3647 2495 2417 117 is still under dand because wee finde non ready made of that sort, so itt will be yett aboue

3631 2581 2439 109 before I can send you the desired offortment, I hope by this sime you recd. the rest of cla

3646 2668 2396 123 packets, & finde good sale for them, which I shall be glad to understand, for I could wish

3632 2768 2403 116 with all my geart, to incorridge butt you, & my freind moend. I exspect bill of loading

3618 2854 2403 128 of the bal n. 56 of fine norshrens, & the 60 bayes which I will not doubt butt are aboard

3641 2959 2390 141 of snnel, otherwise I should be much att a loss, pray advise mye flainly how thinglis

3639 3049 2399 109 go su the noach, & that from time to time, because I donbe wee shall nott save our

3637 3167 2388 103 goods hae, when they shall be most demanded, so pray do yd endeavour to be a

3637 3210 2409 166 forward as por, inclosed a patt. according to which you please to procure one

3635 3318 2411 138 p. of fine broad cloth of about 5 I say 5 p ayd naw, I must needs have ene so

3633 3429 2421 156 there for if non be ready made, gett one made so, besides what heefes I have In ordered

3640 3513 2387 167 please to ord. 100 s more of 22 yd whito, of about 27„28 a 29 ƒ 0 p. butt you muse

3640 3614 2378 124 endeavour to have good breach att lase ⅔ of ayd & 3 euch forincase they be no

3624 3739 2392 151 broader then 4, pley will not sell, by them Iotone pack more of 30 yd red lists

3639 3814 2390 160 of about 46 a 47 p Cp, for as much I can expres my self, lett mee inreat yon to

3625 3932 2431 130 minde our intrest, for I can not abide to be outdn by others whilst God grants

3630 3993 2357 157 in the oppontunite of proffitt. I doubt yd. voyage seather hach been delayd to

3615 4100 2397 136 long, because bey this sime a good quantitie should have been shipp, I depend

3617 4175 713 148 teser yd endeavoure
