8235 4567
895 193 2297 117 so that the while bale I meane the dozins onely misht be non butt draps

868 254 2324 125 & modecolleurs & mish & tone grajes for I do not like att all his iie grayes

894 371 2298 97 a governo - give him also yd order for 30 white kerseis 22 yd of the vere bes

887 438 2309 81 sost that tis to be hadd: in demonts beeng dead will be the better for us, thought

855 488 2249 124 his relations will keep the ware house open & draw out in time, for he

889 583 1758 116 hath a world oof goods nu sold & standing out debt

863 607 2253 176 I supose that to wards gb roctos. wee might venter a good parcell of

902 722 2282 121 morster frises to sell for the winter all of sundry drap cullours as last seaso

878 800 2282 116 so you may with time & leasure remember itt to have what ad vantadge

877 866 2312 110 you can in the buying of them, thought itt should be as good to buynon

876 940 2244 101 butt what are made in t he summer for feare of motts in old goods

897 1040 2271 103 besides yd packer must take neaver noticie in examing them, for

878 1106 2246 89 the last have had abomimable faults our callicoes are still att Bridges

902 1188 2252 135 where I was not butt att Brussells, as I thinck I wrott you & lest the

894 1251 2200 164 menagement of that to mr Coots which writes mee that ƒ6or ƒ700:

892 1337 2273 148 will make up the composition, thought he could not as yett gett itt don

894 1452 2276 86 tis the onely fault of willart, becauses he hath opened the bales & gott them

900 1506 2173 136 packett againe att Bridges, where itt zeems itt was there by betrayed

887 1595 2214 135 so that I will have him arrested when he comes to london, or elce payes

908 1682 2252 101 a share in the loss, as coots shall advise as to the 2 bills of m. slaughter

904 1757 2229 107 in handes of the excuteurs of mad. Rouwens I told them the needfull &

902 1827 2226 139 shall procure them whilst I do exspect his order if my propositions be

886 1898 2235 134 to content they would fame have the goods aboare smith to be disposed

896 1968 2209 153 off other wise, because they shall not know how to be did of y. all for

903 2079 2232 123 the sale by the candle is a great preiudice to that com they exspectan

911 2152 2211 126 acctt curit from you inclosed ours of sale of Aprill last & so remainer

907 2257 2232 86 order m. Hill the providing of 10 single dozins red. each to be 3:6 a 3 18 pen

2442 2307 92 60 nm

899 2280 2298 167 a yd or 4  with charges & to be made a small bale of y. onely & vrappped with ond

924 2433 426 80 ont bajer

2172 2411 848 146 In Antwerp 21 maij 1681

636 2453 813 163 London Abrans vivian

904 2482 2196 157 Sr. my last to you was on the 13: curitt sence recd. yd of 2 ditto, by which

905 2564 2167 155 I observe that you have ordered the needfull for 9 babes of cloth, if you

899 2638 2144 154 finde the apearence so evident of rising the cloth lett mr. potter have yd

909 2747 2173 115 order for the resting 3 bales to make up in, for shall whnt them

911 2812 2160 132 & more, recommend yd freinds to buy no ve grayes principally

911 2911 2206 114 am onghnt the dolins & take rather modecolleurs, for them weewant

892 2996 2205 131 imost, so faile not to write this besides I have not given any order

912 3060 2196 159 yett for white kersies so please to in order the providing of 100 peeies

901 3157 2211 137 22 yd of the best some sorts red lists if possible & att least ½ of ayd &3

896 3257 2146 107 a 4 enckes broad, besides 50 & 60 kersies 30 yd broad peeces, red lists

903 3345 2203 95 of ⅓ of ayd broad, good goods for them sell best, so do not so much

904 3403 2195 139 lamitt prijses, butt oblige them to bay good & of best goods & assoone

913 3486 2141 145 as my ready to be curiously drest & prest (as nichipping  didvere

925 3574 2102 156 well, & send to Hull to be dispatched for ostend in English vessels of

920 3690 1531 150 what passes in them affaires I long to know

904 3692 2145 247 I observe what you write concerning laces I am sorry you should

895 3840 2218 173 finde occasion to complaine, I wonder without ground should not

911 3941 2064 153 sell where as here yett is noless, nay more demanded then

915 4002 2195 155 others I do much wonder how in taylor should sell cheaper then you

917 4090 2230 172 where as wee are att the please where goods are brought to markett

917 4178 2192 148 & can pick & chose now what I please, so then to putt off the rest

916 4252 1981 158 have made a beginning to provide the parcell you order

3582 143 2351 175 uer not  p l betdserce to momale espeteil mm

3572 264 2348 65 for I understand yd direction very well, except Antwarp laces, for there is

3560 330 2351 88 is no sort soealled, so pray send mee ap atturn thought butt of one nnck

3564 373 2368 116 long, that I may see what kinde of ground you meane: I have no newsg

3585 459 2357 124 ee yarht coming up here, butt if itt doth, shall endeavour to have itt

3584 542 2319 130 ready & to please you in all respects: I shall remitt without faile &

3577 581 1029 129 remaine with kinde salute

5087 604 845 156 In Antwarp 21 maij 1681

3308 621 1088 161 Brussel Joseph Sabberton

4542 685 91 69 th

3581 684 2359 138 S. my last to you was on the 14: curitt this onely for advise of the a sortment

3585 775 2321 90 which I desire you to provide & send mee when ready butt lett mee in treat

3582 834 2238 119 you to be very curious in this parcell, because itt is for atrjall to a new

3595 859 2299 129 d'orrespondent, which promises much in case I could serve him to content so

3585 921 2329 148 leave boath our intrest to you in all respects & you may dispose reade of

3582 1012 2329 98 the valew as soone as you send the goods & you shall finde due complanee from

3566 1062 2348 133 Antwarp laces from 28 stiversanell to ƒ2:40 about 32 a 3 belles as troad as

3566 1169 698 104 this line iust

3564 1145 2304 185 suped ground from ƒ7: to poo anell for crawats 2 or 3 peeces each of 4 ells

3580 1230 1671 167 of severall patt. and as broad as the inclosed paper -

3583 1214 2353 258 Luped fround about 32 elles in sundry peees from p2:to ƒ4 anell broad to hislins

3578 1346 2353 184 or as broad as the little bitt added att fin thest non broader of that low prijsed

3575 1409 2354 204 son 48 elles of plaine ground in sundry peeces & patt. of the same breuth

3576 1528 1506 135 as said Luped sort from ƒ3: to 4 an Ell

3581 1546 2360 157 2or 3 peeces of planne ground of 4 elles a peece fore crawats according to the

3578 1623 2279 142 in closed paper in breath and in prijses from ƒ9: to ƒ22 anell besides

3567 1688 2351 139 in case you meet an lazard of  ayard broade plaine ground bay itt also

3577 1775 2329 119 & expediate itt as soone as possible - my freind orders mee to putt past

3575 1889 2345 67 boards in the laces which you please to take of the thinnest sort, to fould

5012 1898 885 144 In Antwerpen 21 maj 1688

3577 1938 424 86 itt ue

3319 1959 869 152 Brussel Jffr. Bonnecroy

3567 1984 2348 187 Jff Ick entwijffele niet ofte Jan vale heeft ul voldaen alsoo hij mij dat

3567 2083 2375 146 noder handt noch heeft gelooft ul gelieft p eerst occasie mij te senden 4 acrawert

3570 2115 2378 170 cant renise gront van ƒ6:½ aƒ9 p a &46 renise gront van ƒ8 a9a 10t

3574 2214 2283 143 vande brede van dit bretste pampier, oock 2 a 3 stuxkens van ider 4 a 8 a

3577 2313 2308 115 van 45 st tot 75 stuj p alle boven dien 32 a sijn 4 stuxkens van 8 a traille

3577 2355 2318 167 gront van 50tot 80 stuy delle desen soorten leege prijsen moeten sijn vande

3551 2441 2309 152 breede van het smaelste stae pampierken hier ingesloten niet breeder

3569 2491 2367 147 maer wel een clejn weijnigh smalder noch een stuxken traill gront voor

3549 2606 2309 128 crawatten van ƒ5 delle ofte daer ontrent ende een stuxken van a 4 van

3568 2653 2368 142 ƒ9 a 12 delle dese crawat canten moeten vant langhste matie sijn: ist saeke

3558 2733 2332 118 dat ul bovendien noch een hasaerdeken hebt van traille cant van boven de

3572 2815 2324 108 van een ell hoogh oft ½ laet dat medekomen a 4  doet u uyt terste beste

3565 2879 2079 132 om dese pertije wel te besorgen, want mij daer seer veel aengelegenis

5111 2938 788 123 In Antwerp: 21 maij 81

3315 2944 670 151 Brussel Joan Wale

3553 3025 2345 101 mons. volgens ul advies van 15 deser hope ul de ƒ300: Aen off boumeeroij

3570 3085 2321 137 sal hebben getelt de ƒ200: sijn hier aen ul ordre voldaen verlangen ten

3561 3189 2294 81 uytterste nae de 2 brusselse lakens daer noch niets van verneme ende de

3555 3199 2351 160 selve geirne int werck hadde om merkelijk redenen die daer nae wel sal

3564 3303 2318 93 verhalen, soo gelieft die cits texpedieren de roj & den deventer bay niet

3562 3370 1874 111 konnende verkoopen gelieft mij die wedertoe sende

5085 3420 729 145 22 meij 1681

3266 3452 810 158 Leyden adam scoleerd

3612 3516 2300 172 inanwoort aenden ne van 20 deser heb be di lakens wel

3592 3622 2330 105 ndf: het lighste coleur is te light en oock sijvallen te dier, alseo

3571 3684 2351 128 dement die geeft voor ƒ4:4: en ƒ 4:10 het hooghee, oock is mij

3520 3767 2398 115 2e„ 576 414 geboden naer vele n wijn en kan heriie daer

3588 3886 1900 93 & ven miet geeen ien hhem mdt verkrme

3561 3925 2348 156 a is geseyt dat ick aen ul soude nemitteren soe weee

3562 4036 2335 106 als de vee honde niet de ƒ8 a ƒ 900 ten vollen, ick en hn

3556 4088 2330 126 maer 5a ƒ500: pa, en sonde dat heden groeirtver

3554 4174 2327 115 sheben maer uene geen briven on leydn als allien

3570 4271 2182 90 pamst a 4½ p avace soo sal ue advies

3622 4342 467 88 al waght
