8563 4629
2257 229 901 89 Antw: 2 xb 1681

779 241 745 123 London Rogier &ones

1050 318 2287 88 Sithougle I promised, yett could not in large sooney concerning the red dozins which

1066 386 2255 92 mr. Thomas seaman him self hath delivered to my man I have fully examined

1055 451 2264 73 the case & can finde no great reason whj you should pretend them to beyds

1085 528 2194 84 when I can gett suffirantly te stifyed that they he his godds for haveing

1080 578 2209 87 examined the bookes of the kings tolldo finde that never hes entre

1078 650 2240 97 any goods in commission butt alwayes for his owne acctt. so there

1074 701 2240 95 is nothought for you to make then ydt yett never the lew I have you

1061 786 2203 84 any pretence up on them in commission  yon condition that

1069 845 2216 125 may abate about £40: fleish which m. seaman owes mee the

1077 916 2225 91 goods are vere ill conditioned mott eaten & hales, & without press att

1070 962 2275 145 all, so that they are not vendable, as they are now so I will not keepthem

1061 1059 2277 93 for my acctt. butt they must beaired, ffopt & represt agance & thengI well

1089 1126 2242 147 sell them in commission other wise not which is all I have tosely att sorsent

1061 1207 2284 130 roman can blame mee for what &say because the goods arend vendable goods

2799 1277 456 106 a 2 xb 1681

807 1258 870 143 London Henry Maynard

1083 1317 2278 138 Sr. my last to you was on the 24: past sence recd. yd. of 13 ditto now againe do eonessely

1085 1446 2256 89 desire the expedition of the worster frises, which must not exceedy as pin

1100 1501 2231 101 ayd and in cullours as noted & praynegleat not to make apattarne botck of

1077 1567 2212 118 them & to send itt mee p post on which I dodenend for I would fame have

1102 1636 2185 115 them withim s weekes, so pray doull you can to dispatch them the

1094 1739 2175 112 wanskins & de voushire bayes may come att more leasure as also the

1095 1793 2219 94 cottons John simons is well arrived: as to m. baudier the first parcell

1085 1847 2132 116 of £269: 15:1 ½ is past to acctt & carried over accordingly butt this

3057 1901 227 99 whick

1093 1915 1735 138 parcell is now £506:17  flemish att 36:6 is s

1102 1993 2249 100 inclese you please may be nast to my acctt which couldwish did aggree

1117 2036 2197 123 in time with my bookes, for wee ballance ordinary  xb a with

1099 2118 2196 144 the new yeare of new acctt. yett as you please, itt will finde itt

1102 2177 2216 162 self att last, I have no answer yett from mr. slanghter & could wish

1083 2265 2237 150 that bussynes was cleared also, haveing noother intrest in the case

1103 2322 1959 143 btt that I know Peeters give what they can & so rest

2733 2380 423 97 @ 2 ab 8s

814 2413 996 127 London francus meulenaer

1087 2461 2183 151 mons. hebnoyt aen ul gescreven foute van occasie, dese alleen

1103 2476 2215 203 om te versoeken te weten wat de bedtijken present costij verkoght wad

1092 2605 2242 128 & voor wat provisie ul die gelieft te verkoopen selfs in credere te

1090 2683 2167 116 staen op 14 a 6 maenden, ende donhoffen op de selve int in komen

1068 2739 2187 162 ben van groote partije versien, soo ul mij kan animeeren sal

1100 2806 2238 165 groote pertije senden ofte wel voor ul egge Rek tot soo cleynenwijse

1087 2879 2204 153 stieren dat memant anders deselve daervoor sal konnen behodege

2752 2961 473 137 a 9 xb 187

1100 2987 1307 132 tul ant woort p eerst sal verabligeeren

815 3016 848 146 London Emnd varner t

1071 3048 2216 169 Sr. my last to you was on the 21: nast when sent you invoyce of the

1096 3135 2247 146 por kett N.7 sence rec. yd of 18 ditto, whereby you complaine that the

1070 3213 2275 166 laces are vere ill coulloure which I wonder att & can not magimgrhent

1076 3324 2215 136 the cause should be except they had been some what to hard prest in

1072 3341 2194 156 the packetts, which in case you de receaveds I sent most prove

1089 3391 2242 183 well, butt low prijse laees can not altoghether beensperte sopme

1101 3486 2206 183 white as fine oves yett hence forward shall take care for itt, and

1086 3568 2225 199 pr first provide more what now you desire & doubt I shall not be

1093 3675 2256 143 able to send a packett this post because there is some & as Sr. hekinde

1086 3788 2207 91 which are up on the kusson & not yett finished 3 of thembeeng

1070 3839 2268 121 coo corwats of such breads you desire so the whole order will be complated

1070 3915 2232 120 towards nent week without faile, whilst you may asure yd self

1067 3979 2260 160 that Ill doale I canto incorridge you & lett yd ex. people do what they

1089 4044 2206 151 will tis onely to bate dorne yd prijses for & know best what ever

1081 4147 2281 117 dey is sent forward, & & am surs no man is serve cheaper, for others

1085 4259 2058 111 allow mee 5 for provision which is all the present

4997 210 982 107 Antw: 3 xber 1681 16

3403 218 818 99 London michiel peeters

3520 260 2475 145 mons. Den ul van 9 passato wel ontfangen, doch sedert tot nochtoe van inslanglte

3528 364 2507 85 niet vernomen verwondere mij over tgeene ul srijft wegens derek want een advistemente

3543 442 2464 86 moet likiet sijn en sonder clauselen, ende waert sake dat ul dat soo strickt en obligatoor

3536 497 2450 90 gemaekt hadde, meynt gij dat ick een stuy van die soude begeiren, waert saken datt er

3525 557 2475 90 brruven gevonden houde worden, ul hadde eens op een memorie aen ul eroeder John sal

3539 617 2442 114 decontradittien en omissa opgegeven, maer de selve sijn vant eerst tot bestaen geweste

3551 681 2432 106 en bevonden ul negligentie, maer miet de mijn, soo dat ul wel magh gerust sijn, ende

3535 744 2389 124 aen mij eenliquite quetantie senden gelieft ul dat niet te doen sprekt n u& geeft

3550 844 2370 85 mant hier procuratie die het verstaet, ende ick sal het hem anders aenwijsen

3558 886 2428 116 want mijn rekeningen sijn altijt vanses manden tot es maenden en een saer gesloten

3542 943 2442 134 geweest oock en moet ick niet ongeessent blijve, ende mijne affairen met feirte

3540 1009 2450 147 houden: de lakens sijn geloove nu costij hebbe al geschreven t geene ick houde daerover

3556 1086 2409 141 wegens de gastos seere tos sal ul dat genogh aen wijsen & soo blijve nae kooot

5149 1155 550 124 a 9 4 xb 1681

3414 1195 813 127 Gent francois Herrebout

3560 1218 2404 166 mons. heb aen ul geordoinneert het versenden van het pack M52 p wagens, ende

3564 1316 2355 129 dandere 2 a droiture pr schepe, sedertvenience de confusie die men hier leght

3561 1364 2432 141 onstaet ontrent costij dor het aen naderender fransen waer door selfs de bargie

3557 1434 2425 156 vanbrugge niet soude varen wat daer van is verneme geirne alsoo mijn gelt

3557 1550 2441 97 niet en will perciliteren, ende soo geen perysel is liever d'een voor en dander

3574 1546 2431 190 nae bewagen soude laten comen soo adviseert mijt geene is gepasseirt

3561 1605 2388 169 om nae te regulen ende geen perykesijnde soo laet N52 te wagen komen

3558 1741 1353 105 & dandere tot naerordre coft blijven

5234 1694 555 165 a y 4 xb 1681

3432 1795 654 127 euven vande goede

3567 1811 2415 171 mons. in antwoort aenden ul van 30 pass. heeft pr hubbens geseyt dat hij ƒ150: sal

3562 1888 2333 129 tellen, de welke vreese wederstot sullen wesen evenwel sal het ul laete weten

3567 1992 2448 103 daer ontusschen hebbe heden pr scorels den roode bay gesouden den welke cost met

3581 1994 2432 167 verven & ƒ35:- den bruyne baye en hebbe wij niet konnen droogherggh

3568 2058 2467 180 doch heden is het goet weder & sal den selve droogh & saturdagh mede senden, tot nocht

3548 2121 2478 189 toeen heeft memant voolet oftiarme sijn geverf soo dat denandere bay daer

3577 2153 2446 201 is onderde ververs soo weynigeh te doen dat men niet wel staet kan maken

3580 2249 2411 191 evenwel sal mijn best doen wegens roij lakens ben seer wel versien gelieft

3578 2320 2274 190 dat ick aen ul een stuck ofte twee sende sal dat ato doen & soo nae groet

5410 2396 500 124 a 4 46„ 1681

3444 2465 703 143 sedort Robert startely

4208 2497 114 74 th

3605 2439 2423 187 S. in answer to yds of 2: curitt & sent you soveraines, because you did not except them

3577 2542 70 63 6d

3581 2555 2389 123 & the rather, because you sayd to send weighty gold & soveorames are alwayes the

3575 2622 2371 122 most weightie, for I could as well have sent pistells orducates, they yoalding

3581 2660 2432 147 here ƒ5:ƒ9: ƒ150 f our mony & that ascuritt as a ducatoon three gulders to do

3595 2764 2413 133 not know whij you would make me debt. on that parcell, neither is gold here

3594 2816 2320 141 weight itt beeng sold as it comes & I have no better assurance then the dayly

3587 2893 2357 131 experience for & soll much in the walloon countrey & all they payement

3607 2944 2376 126 is gold, which wee kly & sell even as itt comes besides have butt of late sent good

3594 3013 2355 134 parcells to leyden for hollants cloth & not one is refused for the price

3591 3059 2438 174 so I will not have you to make anyerception, if you do Ill give you contend

3562 3174 2392 112 for gnever parted without haveing given satisfaction att least you ought

3575 3228 2410 128 to have advised mee, that must loose so much & I could order itt fobessent

3591 3302 2404 118 als where & sent you other spetia now if you have sent forward the 5 kersies

3583 3350 2404 120 & 10 bayes you shall have yd valew in goods durates. butt go to the fudge of 13 p.

3600 3431 2414 105 not knowing their weight can not give you my resolution ence you would

3611 3491 2405 127 Send them yon condetion that a il & like them fry pricco not & sorenn

5538 3547 413 119 ad 4 nb 1681

3453 3533 1071 147 usse De Hulter & van Homright

4753 3608 127 79 m

3614 3623 2404 105 mess. in antwoort aenden ul van P. deser wegens de boter die by mij is berustende

3618 3692 2404 97 heeft tot austreeweel de sware eaenten moeten betaelen saemen ƒ 89:2: alhoewa

3603 3738 2411 110 daer tegens hebbe geopposeert & noch daghelijkx debroor don om rabateringe, doch

3608 3788 2438 107 vreese weijnigh sal opdoen alsoo daer niet veel reden ofte consideratie gebrught worde

3605 3885 2432 84 daer entusschen worter ingebroght, die om de groote claghte sedert geschiet voor smeer

3617 3931 2401 109 passeert & soo maer weijnigh betaelt, t geene tot mijne eet wesen de merten onder

3622 3993 2335 91 hout ende oorsaek is dat die niet wel hem verkoopen ten ware ter prijse als

3624 4013 2413 143 wordesen, ul heeft meuwe derrij boter tot brugge & onkosten van daer tonier sijn

3626 4095 2389 137 ontrent 12 p. sient geweight, en is genogh saem te verkoopen & om wel tedoen, diende

3614 4166 2373 120 ul te prijsen te adviseeren waere vore die oftt minste n die hier soude gelieven

3627 4224 2370 134 te verkoopen  en dan sal sien opleveringe deselve te verkoopen om geene verlore

3631 4289 2317 135 mwijte te doen alhoewel veel over ostend herrewaerts comt: de franse syn
