8556 4629
2275 174 993 151 Antw: 16 ap 1682

905 179 992 158 mons Joseph Sabberton

1142 277 2170 159 mij lastiogen wasmmtken  ug sencenr rn

1096 411 2292 126 vniu part I hope to perceace p ent sim good froingon

1104 462 2174 164 endeeavoir in behalfe of Hl, I hop to sae you a

1100 595 2231 113 frday next pres yen the ballome du tot your

1083 645 2307 165 prtrinn pray adese meirt yor shall have occasion

1106 723 2276 176 to gijve mee hunyhere, for d esxmet te haee

1085 834 2301 154 ie good somete rec sat brussels, I delire y

1090 922 2289 155 provide formee towerds my ceming the folloning

1075 1005 2316 184 pacck f or att bast part of them wIle give you good vos

1633 1096 619 136 Lepedgrour

1222 1162 1124 170 4 p forcraid from. o 12:

1175 1254 829 143 Rp ham ƒ315

1200 1342 1328 153 2 for cuttsso½ p hum 28 a 45

2299 1365 544 183 monhigher

1210 1422 946 158 76 freusf of as ƒ 4:-

1181 1448 1869 222 4 Jn wiflecraw. of p ram eno t0 90 s

1169 1583 1294 197 5of  from 15 to 35 st

1164 1676 1279 192 17 demonde van 13 alt s

1412 1732 1281 190 ball shu te beupes gro

1302 1877 693 177 plan ground

1277 1902 907 209 crad a12b a

1260 2047 747 160 2 a 50 p aƒ 6

1222 2123 1037 185 2 eitto a 30 a 50 st

1251 2246 779 141 3 witt le cra

1267 2333 442 133 1 dito £6

1292 2420 443 115 dra

2728 2400 451 185 26 apr

860 2470 1307 229 Brussel ag. Vau Brjt

1125 2600 1955 196 ger dat vele gaedry deseleelevewaght

2779 2697 419 127 26 ap

843 2716 935 215 Brussel debedelor s

1125 2764 1633 218 yrsdert de groe arn gieeen

1156 2876 2044 150 ondat beydack sal keen prekensen valemaekt iet

1135 2949 1879 158 d vlitus ƒ21537 en maer en sugh van geen gelt

2751 3041 520 154 26 ag

854 3062 827 189 Brussel Ssoonn Jacobs

1088 3166 1583 192 get. van 25 packen die vervaghts

2779 3291 462 145 C 27 apli. 1682

910 3275 909 223 Am. m Sannel den Sulter

1151 3370 2226 174 In antw aen den ul van 24 deser 14 is wel dat ul mij voorde ƒ3657 u sal

1155 3506 2229 108 cred ingeslooten remisseere ul ƒ300- cor. gelt, tot laste de wed. Egbertue minter, van

1152 3572 2211 129 heden op 3 a  sight door daer geaccep, soo gelieft die weerde inte voorderen & so mijn

1155 3659 2226 135 earccite te antw.s. hope het waer is dat wegens banco gelt mij is geseyt te sijn onder de 4 p

1164 3742 2197 118 anders soude dier bij seer te cort comen. wegens de bale n 6 sal die henren laeten

1144 3832 2225 144 aen ul een briefen toe seynden om den volgens & eclarre te voldoen 't welck eglter om

1152 3921 2216 147 cortheyt van tijde nu niet can geschieden, daer en tussen verwaghte de 3 leste geord segovisee

1161 4056 2189 110 balen, boven dien is mijn versoeck & desen, dae ul gelieft 2 balen p segoviselen meer in te

1149 4124 2219 117 coopen van de selve soorte, & met minder inderight, & de selve te seynden op Brudael

1150 4202 2222 147 aen laureijs sca lakenmaecker, om d' ord. te volgen van Jac Bauvens aen den welcke

1137 4298 2253 119 ul de fackure over de selve 2 balen sal gelieven te seijnden,  aen mij die van de 3 karnaers

3644 213 2407 122 geord, verleeten mij op ul devot, alsoo het van meerdere consequentie sal weesen

3644 271 1736 148 Jaceo Beouwens is mijn swaeger ul gelieft aen hem ad te schrijven

3483 372 567 160 dat mr. Robers Berteley

5475 413 473 125 a 27 apl 1682

3642 506 2420 133 faute voor oc en hebbe aen ul sjne rest nogh niet geremit. 't welck eghter ten eersten geschiet

3642 600 2426 115 waer op ul sigh magh verlaeten, ben versoght een partije roode laeckens te loeveren te weeten

3628 690 2446 135 van entrent £8- a £8,10 s. 'tst ul van soodanige soort versien sijnde, gelieft mij te laeten

3629 754 2427 129 weeten, ofte bij wie costi daer van partije soude connen vinden, & tot wat prijs ul diee

3660 868 2366 131 soude gelieven te leeveren met eenige bayen van ƒ21 a 22 in, hier op verwaghte morgen

3644 921 1115 143 antw. alsoo mij daer aen is geleegen

3497 981 855 163 Roterdam mr. Francois enword

5541 1038 206 130 C 27d

3631 1129 2437 148 I have a packett of lace ready to be sent you for acctt & biy order of m. Elnatan lumm

3632 1276 2419 105 off dublin, to be sont hum by first oportiunitie, I hope you have his advise there of

3630 1324 2355 134 & that a ship is ready for du blin, whilst & rept post I shall ferward sond sard

3643 1452 2358 135 packett beeng & n°5 to yd god. if can do you any service hen facely

3653 1530 767 117 command him that en

5556 1565 246 136 @ 27 d

3499 1586 662 175 Brugge mr Raphael Coots

3643 1717 2389 145 desen om e antwoorden eens deel den ul van 25 deser wegens den suvenbaars van van

3637 1853 2337 99 vole, m. mertens heeft mij dat gisteren gewaeght & als dan heb hem dat laeter

3638 1951 2405 146 cefieeren, seer valt sijnde dat sulckx hem hadt gerefuseert gelijcq aen ul heft ges, ter

3635 2003 2346 194 contrane hebbe hem selfs laten weeten, dat ic de copge hadden, voor de rest met

3633 2124 2432 163 gelegencheyt breeder, hope vrijdogh morgens tot brussel te weese, is 't dan ul dan nogh

3628 2254 2406 133 daer is sal mij d'een geeven ul te comen vinden, & van andee affaires oock largen

3644 2315 2366 188 spaecken, ten waer ul herwaerts overquan, ondertussen schiecke donderdagh savonts

3631 2412 773 128 van hier te vertrecken

5602 2476 418 156 C29 april

3504 2496 674 143 Diblin m. Elnatan Lumm

3647 2596 2398 156 sence mij last non from you, so this onely to covert the inclosed invoyce of 3 ps of laces, bought

3633 2724 2377 104 & made for you, according to order, & sent to Rotterdam to N. francis green word to be

3626 2795 2428 124 forwarded to you, I have drawne for this ƒ 365.7 hollands, which is att 4¼ s. ƒ348.16

3620 2891 2422 146 on m. Samnel de Sulter & Comp, which please to note accordingly, this comen to mhen yd

3645 2972 2388 120 order was, yett to send an afortment as you desired, I could make itt no less, I hope itt

3644 3051 2346 179 will give good content & proffitt, as also that the formars are with you long sence & told to

3642 3182 2239 120 exspectation, where in I can further serve you frrely command him that remaine -

3468 3203 542 171 London m. Lrey Krighely

5605 3279 245 123 C 29d.

3651 3355 2364 152 mij last to you was on the 18 car. sence recd. yd of 10d. I hope that the rebs are ships by this

3636 3432 2403 168 time, for I have great occasion for them, there fore pray omitt no opportunitie, & lett att least

3638 3558 2375 123 2 or 3 pt bee. by of £8:10 & no rodis, on which I degend. I found no inclosed note of

3635 3624 949 151 charger, so doubt itt is omitted

5624 3701 202 124 C 29d

3491 3666 610 205 London M. Henry Maynard

3642 3821 2391 117 mij last to you was on the 25 surt. sencenon from you, neether any news yett of Pindar of which I much wender

3644 3902 2382 110 God send him well pray dispasch the G.N.silver mary, & other pack whites desined, now Imust deliver here, in

3648 3971 2367 110 a months time 25 duble ps of reds of about 4.4 pence a yd or 4:6 pence, which will be of about £8£8:10

3633 4084 2397 85 butt non epeceding £9- aps. se besides the reds, I desired by my formar: endeavour what you can to gett

3636 4118 2400 126 20 pr more as here mentioned, & lett att least one or 2 bales be shipped by the vee first, for if part of itt

3635 4246 2397 115 should not be here within a monch, I mught loose the opportunitie to sell them, there fore pray be as

3652 4318 1058 87 nimbs as you can, whilst I depend hae one
