8549 4629
2732 177 490 138 27 mey 1682

907 166 922 155 Dubln mr. Elnatan Lumm

1138 309 2280 106 I have recd. yd of 16t case, & I do not doube butt that beore now you have

1142 363 2268 159 reed mine with the inveyce of the last norded broad laces, & that they

1134 474 2302 146 also be with you, & found the formars as well as these to content, & sucoridqu

1141 549 2274 150 though att the first sight you seemed or suposed hem dean, I es

1132 660 2311 134 you when I bought them, they were cheaper by 20p then everlaces have

1131 772 2286 127 been in many yearen, & now thee is so sass a demaind againe that

1132 866 2303 139 the com. is risen well 10  sence, yett I finde that non of my faeindes

1137 989 2290 84 do leave oft orderinng of them that ever had any from mee, where

1115 1102 2309 114 by I do supose that mij buying & endeavours gives them content, as yu

1114 1191 2280 110 maij a ssure you self, I shall not faile to do my ntmose to serve you

878 1276 1985 126 London as will in doyes for a continieny in cordepondency

1155 1364 1887 111 mons Michiel peeters den 27 mey 1682 Antwerpe

1178 1464 2182 117 mons in Antwort aen den ul van  deser ben bedroeft dat mn

1139 1564 2210 137 slanghter ul soo qualijcq traet, inder waerleijt hij moght geluetigh sijn

1137 1682 2237 131 dat hij van randall soo wel voldaen eende woorden, Ick hebbe volgens ord. van

1117 1769 2267 117 mijnsh. verspreet gedilayeert te schrijven, op hope dat die daecke ten eynde soude

1116 1872 2256 106 sijn gebroght, maer nu sien contrare, soo dan sal aen m. slaugher remitt

1120 1955 2244 156 't gene ul nogh comt & aen hem heden sullen schrijven, waer op moght &laten

1115 2020 1755 162 alsoo Ick soo wel as ul wensche dat hij te vreden waerd

905 2133 841 180 London  Paris slaughter

2866 2164 242 137 6 27d.

1116 2255 2210 164 I finde thet neither m. Maynard nor m. ersprect save been able to

1127 2380 2185 141 compose the bustijnes betuipt you & m. Peeters, though I could dare wished

1117 2439 2244 180 itt was don to each content, & that I mighs be discharged of boach, in

1108 2533 2262 148 nder when unt I shall remitt you the ballance due opa that acctt ol ie

1123 2640 2213 148 will be about £80- , so you please to send mee yd ischange & for the

1114 2724 2232 128 rest I can do nomore butt what I haveden, & if I had knowne itt shald

1092 2843 2262 148 have given no betder content, should not fave medeled with itt, I exspect

1116 2930 1749 120 yd answer, & the above menioned valee shall be readye

2909 3028 268 119 a27 d

883 3023 1001 174 London mijndr. Jacomo versprest

1100 3090 2252 199 Icq hadde gedaght voor nu verstaen te hebben dat de saecke van e Peeters sende

1114 3247 2234 118 hebben geadinst geweest met m. slanghter, maer bevinde met sijnen van 12

1118 3300 2262 174 deser geheel contrarie 't welck mij laet is, soo hebbe hem dan ges als dat het

1115 3405 2256 161 elor van die reef. sal remitt, mits mij otlastende van het selve, de billann

1105 3491 2271 152 sal uyt maecken ontrent £80st welcke weerde, ende de lakens soo niet genoegt

1126 3590 2149 138 is om mr slaughter te voldren, mij dunckt wat te regorens sijn soude

1110 3664 2284 183 hebbe heden aen m. flanghtee daer over ges & geseijt dat de weerde van 't stet

1106 3790 2141 129 van die reef. gereet hebbe a gad, soo gelieft in antw. deser ul adrvijs

1116 3902 1057 156 deswegens te laeten toekomen

5302 210 761 133 C 27 meij 1681153

3476 181 530 165 London m. John Loyd

3586 297 2452 168 I have de layed answering yd of 17th past in hopes to have beenable to advise

3585 399 2467 166 you the sale of the almonds, which with all my endeavour could not do to cintert

3575 484 2474 180 yett att last have sold them att ƒ12:10  of which shall make up the acctt p

3577 619 2449 145 frst and when recd. remitt either to you, or m. Harteley, of which yd. advise

3591 679 2480 134 as for the 3 bos of the white yearne is not found, so the fault must save ben

3588 775 2477 171 by them of and. forall he bundels were well gyed & conditioned, & doepspeet

3595 913 2465 136 thakkes for them & first & then you may exspect them wish the acced, if you

3584 1008 2480 171 please to have one bale n 2 more of this, lett mee have yd advise, I shall

3600 1104 1823 146 sell . so cheap that no man elcke shall our do you

3473 1215 625 175 Brugge Raphael Coots

5510 1256 232 101 a 27 d

3589 1298 2486 180 Ick hebden van ul 2 brieven ontf. den eenen gedat. 21 meij sonder jaer, den anderen

3588 1418 2480 150 becomen heden onder dat 25 apls, Icq hope de herniste die van brugge moeten seekertigjn

3594 1522 2470 132 ijnn hermisse langer geviert hebben als wij want de onse al hoe wel op sondagh lest is

3584 1634 2468 120 Ingegaen, is de selve soo goet as gepart., het pack A. N.10, oocq soo aenstons ontf

3587 1718 2455 103 sien de serge & cattoen pacq ad. tegemoet. ul reeq sal met gelegencheyt naer siene

3570 1787 2471 135 & Conf. anott.. warse hope John feiel sal gearriveert sijn, alsoo advies van londen

3588 1912 2431 135 hebbe dat den selven van 20 deser was vertrocken goet seynde hem spoedigh over

3586 2012 2464 113 om de haest de welcke andie goederen hebbe smil moght oocq wel int cort van

3588 2118 2433 90 sHull comen, dogh wenschie meet goederen voor mij aen boort hadde, toe nogh toe

3604 2176 2455 109 is niet anders gelaeden as A.V. n°.56 met 12 noortsche laeckens MMn. 15 met

3595 2285 2462 144 22 wide her seyen men geeft dd soors al denijde soo tot brussel eenigh nieue pack duijs

3595 2383 2453 134 van onse goederen woort op gereght, als sigh selven daer te veel mede moeyende, gelijck

3588 2458 2472 182 vainden van londen, mij kennisse hebben gegeeven door sijn toedoen n persuesien sommige

3609 2549 1528 131 hier sijn ingecomen, wat daer van is, is mij onbekent e

3491 2647 1175 157 MMchelen Cornelis van laken de Jonge

5551 2673 293 129 6 27 d

3598 2784 2407 125 In antw aen den ul van 21 deser, wegens het sij met de mot gaten gelieft ul sijn

3601 2854 2421 146 beste te doen, & soo wanneer eenige lappen aen de hant moeten blijven, gase sal de

3593 2958 725 139 selve naer mij nenme

5643 3000 248 132 27 p

3487 3057 733 168 ondenaerde Jan Francois Bry

3586 3205 2449 97 den ul van 9 deser uyt Parijs heeft mij seer gesupreneert om dies wille dat icq ul brief

3595 3281 2471 110 al hadde erneget. & genootsaeckt ben geweest en selven in te trecken 't gene mij present seer

3599 3380 2443 104 ingelegen comt, ul gadde mij belooft gelt te sejnden, & niet te waghten tot dat den brief

3609 3470 2439 87 soude vervallen, daer en tusten comt mij ul bref voors aeis seen onesusts ter hant, evenwel

3599 3578 2428 84 ter wijl het soo is, pas., ul sal mij ten uijtersten verobligs de pemnigen te besorgen alsoo

3592 3656 2449 115 daer om seer ben verlegen, daer en tussen heeft ul versch goet van doen, icq ben nn seer wel

3581 3720 2437 195 versien van alle soorten, & sal gee ul geerne aen partije wederom accomod & dat beeter oop

3606 3848 1092 148 als ulby yrant anders sal vinden
