8317 4649
867 315 2399 95 P. next as to the concernes of mr. Peeters I'll writte to him this day the needful

885 372 2326 145 & if the goods must be sold, I am of opinion, that they will not yeald much

917 478 2224 114 above the halfe of their cost, so that £10 a 12 will signifie nothing

914 538 2271 142 I could wish with all my heart thes poore clothing had their mony & that

913 609 2240 158 I was cleare of that concernes whilst I remaine with kindesaeut

2285 666 868 174 In Antwarp 28 maij 1681

643 677 1006 139 London Abram vivian

1875 736 137 82 th

934 745 2237 113 S. mij last to you was on the 24: curitt with a remise for £375  on m.

923 842 2296 116 Andre panieer in London for my acctt. which I hope is come to yd handes now

1734 935 135 70 th

915 942 2255 113 have before mee yd of 13: curitt above sand remise will be a sufficient

930 1002 2281 134 assistance towards what you have to pay, and as soone as possible shall

920 1088 2236 126 remitt more for yd acctt: I am glad that mr. skiner is better, I hope

937 1162 2232 152 there shall be no neglect to send by this first vessel 50 bayes & 3 bales

933 1243 2224 152 of cloth, and when any mare packes of cloth come to hull lett 203

933 1326 2240 182 be sent for Rotterd am to my order butt in non, butt english or hallants

939 1431 2218 141 vessels: I thinck I ordered more then 50 bayes where fore in case the

938 1512 2205 169 rest be not bought yett lett itt be of I& R.K. thought you should

944 1584 2197 197 imploy John Holroid to itt, & thought all our bayes were bought

944 1638 2274 219 & that wee have non of that sort, you may order m. Holroide to provide

953 1729 2237 245 40 more of 1e RK the best I can Cett: you must advise mee how

946 1829 2262 213 the price of kersies is now in the north, for I beleave wee shall want

958 1960 2138 149 more then 150 peeces in ordered & wee ought to have them here att

956 2071 1675 159 the beginiing of July, or att least part of them

967 2115 2208 215 as for the laces the norrow sort I finde to content, butt the crawint

969 2225 2158 191 or broadest sorts I finde butt very few, because they do not make

970 2343 2171 136 them altoghether so, where fore have ordered some to be made whist

956 2389 2220 204 I'll endeavour all I can to finish one packett this week, butt can

973 2486 2172 194 send no Antwarp laces, till I see a pattarne, or know what ground itt

969 2602 2259 136 is I lony to have yd advise of what passes, for I would faine have goods

973 2694 2184 163 from the north as soone as others & not be lest in arrieve which pray

999 2778 1518 133 minde, whilst I remaine with kinde solurs

2161 2762 888 201 In Antwerp 28 maij 1681

2764 2889 170 80 th

685 2862 1084 166 London Pickering & Robinson

992 2901 2195 184 msssr. my last to you was on the 20: curitt sence recy of 13 ditto where

984 2985 2198 203 bj revoyce to see yd safe returne from the north where I observe you have

991 3073 2159 219 don what I could reguire, so hope the goods will prove according god sending

1003 3144 2126 217 them safe over shall be able to iudge how they will prove & proceed if

1008 3236 2204 249 in corridged: I hope they shall come with the first vessel now in londing

1002 3352 2153 182 as you promise butt if either of the packes should come tolave

1008 3401 2218 251 itt might besent for Rotterdam consyned to my order, thought I rather

1006 3477 2138 235 had them to come with the first vessel now for ostend: pray lett

1024 3594 2182 223 lare betaken that they be shipt aboard an English or hollands vessel

1010 3677 2164 213 because the brandenbough caperd are out op on the spanards, which

1017 3787 2185 178 causes somes alteration here I do exspect advise of the goods

1010 3904 1787 182 seeng shipt as also patt & rest with kinde salues

999 4012 1754 185 I shall send yd bales of tykes to brugges to be ships

1018 4110 2021 147 aboard an Englisl vessel which will come there first

1010 4236 1060 135 because of the copers a bove

4893 244 1015 117 In Antwerpen 28 Maij 1681

3285 237 770 134 Leuven Joan De Goede

3465 321 2471 133 mons. in antwoort aenden ul van 21 deser hebbe voor het bewijs mij gesonden ontf

3467 427 2458 104 een hondert en vijf guldens ende mijne restet geene noch moet hebben 2 xb

3472 474 2476 107 lest leden exclus is ontrent ƒ420: 1 ½ soo ul dat kan effenen sal mij groote

3467 548 2479 119 vrintschap geschiden dat accordeert niet met ul noticie mij gesonden, maer

3482 598 2466 138 daer en sijn veel erreuren, want ul creditteert mij niet volgens de perticulier

3471 674 2470 138 rekeninge dewelke ick aen ul heb gesonden dewelke gelieft te examineeren

3483 767 2210 98 ende ul wel een generale rekeninge senden waermede groet

3465 860 2359 113 ul scrijft van stalen t'senden vermidts de menighte te groot is

3473 945 2439 131 ende die ul souden aenstaen, soude ick ondertusschen vergeten me te senden

3475 1032 2378 165 soo dat is niet de doen als bijt geschigt vand'ooge want sortering

3475 1174 475 132 genogh hebben

4104 1224 386 118 ee

4958 1294 939 157 In Antwerpen 28 maij 1681

3293 1312 717 171 Brugge Rap: Coots -

5028 1409 180 86 258

3476 1411 2393 136 mr. sedert mijnen Jonghst van 26 deser den ul van selve dato bekomen sien

3485 1502 2433 133 de cattoene lijnwaeten heden tegemoet denk dat ul aen f: Herrebout de

3490 1615 2387 99 noodigh ordre sal hebbe gesondenen a de gesonde Rek sal nae sien & daccorte

3487 1675 2442 143 bevindende ul voor creditteeren, niet tegenstaende ul schrijft dat de vrind

3485 1760 2433 148 in England tijdelijk vande branden boughers comissie vaders gewaert schadt is

3487 1806 2440 187 ben seer voor lamere beducht omdes will dat de brieven van leesten vrijdag

3485 1885 2477 159 uyt london daer geen mentie van make & buyten twijffel soo geen perticul

3490 1985 2405 144 advis de binlanders is tegen gesonden de selve al sullen sijn vertroken

3503 2064 2409 146 is & daer geen weterstaen omde capers te verdrijven wat passeert sien met

5016 2143 910 169 In Antwerpen 28 meij 1681

3487 2189 795 116 impasientie te gemoet

3321 2251 828 135 Brussel Stephanus Kints -

3490 2238 2464 182 monsr. volgens mijn noticie soo had ul mij belast, dat ontrent desen tijt van noch

3488 2378 2448 112 drij hondert guldens soude disponeren, d welk heden gedaen hebben te betalen aen

3504 2413 2464 152 mons. Joseph Sabberton, over sulx versoeke mijnen brief gelieft te vereeren, ist aenstont

3504 2511 2445 142 niet gelegen, ul kan het tot saturdagh uyt stellen: ben tegenwordigh seer wel versien

3500 2540 2451 157 van alle soorten van engelsche goederen soo ul iets noodigh hebt gelieft te commanderen

5418 2626 489 119 28 maij 1681

3292 2639 1021 157 Brussel Joseph Sabberton Ith

3490 2671 2451 171 Sr. I wrott to you the 26: curitt: what was needfull, now beleave mee I could findes

3485 2767 2445 122 no bill for Brussels to my accommodetion, where fore am forceed to t roubled you

3497 2820 2466 134 with mj owne, on tenhanus kints about the gersemert forthree hand hounered guild

3497 2902 2375 130 which I doubt not, butt he will pay punctually shall send you a saturday on

3502 2940 2408 163 other, whilst I hope that you finde my desired lacces to content, of which

3510 3079 1722 123 exspect yd advise whilst I remaine with kinde saluto

5368 3126 513 127 28 maij 1681

3326 3119 576 145 Brussel Peeters

3505 3212 2405 135 messr. sedert dat aen ul 14 deser heb geschreven geen van ul vernomen hebbe

3501 3233 2457 175 nu largo scrijven van monsr. slaughter den welken in geender hande maniere

3501 3373 2417 142 en wil te doen hebben de goederen wederom te nemen, maer verstaet gelt

3494 3467 2427 132 te hebben int geheel, ende sigh te houden aen het accort in ul vertreck hem

3490 3563 2467 121 toegestaen, oversulx pressent mij dat men de goederen bij the nick of the candle

3494 3645 2418 166 soude verkoopen, soo dat hier in confus ben, oversulx gelieft daer

3494 3753 2347 102 in te voor sien ende wart mogelijk tot de resterende pertije

3496 3871 2427 138 gelt te fourneiren ick sal gelijk ul hebbe geseijt daertoe provideeren

3493 3967 2335 154 tgeene goet comt op ul rekeninge ofte daer ontrent terwijlen

3499 4080 1691 127 ul advies af waghtende & naer groet blijve.
