8405 4670
2285 248 891 113 In Antwerp 5 July 1681

679 290 824 119 aondon abram vivian

987 346 2293 119 Sr. sence mij last to you of 28 past, receaved yd of 17 ditto, where bij I observe how

983 413 2300 153 you are pressed for mony, I hope my last remise shall have given you some

974 510 2263 113 succour & was itt not now the deadest time of all the yeare, both in

966 544 2235 155 selling & receaving of mony, I would be more forward in remitting

989 597 2284 182 yett I hope you will gett through whilst I shall endeavour to make you

979 681 2287 137 an other remise p. first & that you might see I am not backward on

990 738 2254 193 yd acctt. do send here in closed invoyces of one packett of laces N.:17

988 811 2269 149 am. to £85:9:10 flemish for which please to give mee creditt

1001 868 2278 166 accordingly itt is to be shipped att Brugges aboard one John Collinier or in Dovere

984 953 2290 180 so that they shall bring each one packett of which mr. Coots shall give you

996 1016 2281 156 the advise, I take this to be good opportunitie, the more, because I understand

994 1100 2242 142 that severall packetts are seased on att Dover & these schippers can easely

1002 1188 2239 124 dimm each a packett, which is ernstely enough recommended to them

995 1239 2261 174 & I hope they will come quickley so hand by these you will so the names

1013 1276 2290 204 oof the makers, so that you can butt advise which doth best, & of whoes worch

1016 1359 2231 208 you will have next week shall follow the last packett: hopeing you

1024 1438 2274 169 receaved that of clarck before now: the goods out of John nelison are

1023 1506 2228 173 with mee, & have onely opened the dozins which I finde indifferent en

993 1585 2262 171 like them vere well thought singely tollitted, I exspect the

1011 1655 2255 193 & when I shall have seen more, shall advise you, mee thinckes you will do

1019 1709 2256 200 well to keep m. potter, butt I have not seen yett yd other freinds doing so when

1021 1811 2207 179 all is here shall be able to tell you, which to imploy for the future, god

1031 1870 2217 233 send us good sall after harvest & store of mony I have given you ered itt

2721 1957 489 181 @ 15 July 1681

1010 1978 1761 170 for my feare in the bale N.36: & with kinde saluts

765 2092 965 135 London muchel Beeters

1034 2073 2198 215 monsr. Den ul van 17 passate is mij wel geworden in den eerst tis mij let

1028 2181 2158 149 d'afsterven van ul broeder john daer in ons eghter hall wat n

1029 2226 2205 205 dewerelt passeirt moeten getroften, als dependerende vanden wille

1048 2281 2182 186 en maght godts: Ick hadde ul broeder in sijn leven noch gesproken en hij

1040 2355 2219 206 hoopte hier te comen, nu mons. Antonio heeft mij gescreven om te

1054 2420 2205 195 weten wanneer ick tijt soude hebbe over d'affaires van mons. slanghter

1037 2488 2219 174 te advisteeren, waer op hem hebbe geantwoort als hem geliefde ende

1045 2568 2202 186 dat hoe eerder hoe  beter om diewill mons verspert noch

1057 2619 2250 194 hier is, den welke van ul broeder John versoeght was, en geinformeert

1041 2709 2066 178 teassisteren, bovendien monsr. slaughter presseirt seer omde

1054 2753 2198 212 rest erende goederen te doen verkoopen gelt dat gelt: ende ick heb het

1060 2829 2167 192 al tot nochtoe op gehonden: want dat soude ul te veel schadelijk

1077 2913 2131 163 sijn, ende het  deel vant capitael niet maken vande gelle

1074 2973 2157 149 coleuren, dat se ul selfs kosten, soo doet u debvoor bij hem dat

1075 3038 2147 190 hij die gale coleuren wederneimt, ende ick salse senden, en geloove

1087 3058 2215 245 gett konnen bij de werck brengen tot voldoenige van sijn heel pretentie

1068 3164 2173 183 alles dependeirt van goede directie, waertoe ul geerne helpe verscherende

1064 3253 2192 197 ul van mijne genegentheyt om een eijnde te hebben De eerderde beter

1076 3319 2234 180 in gesloten sijn de stalen vande resterende lakens, kan ul hem deniedecolen

1087 3402 2152 165 alleen aenpreken, men sal wel gelt vinden voorde rest, alsoude

1068 3446 2195 226 ul selfs op den in koop verbjen, want sij hier onverkoop baegen

2595 3543 555 157 @ 5 ditto 1681

1086 3546 1494 210 soo dan verwaght antwoort p alderberte

2788 3662 108 117 th

2040 3718 164 95 th

751 3702 835 139 L ondon Henry Collier

1084 3688 2238 206 Sr. my last to you was on the 28: past. sence recd. yd of 17: ditto as to the

1077 3766 2234 243 concernes of T.H. wee have not yett delivered him yd answer, because

1073 3906 2217 178 I tought good to shew itt to our lawer which is absent & I have translats

1098 3981 2185 175 itt so shall in large more pr. next hopeing to gett him in away, either

1076 4081 2178 186 to comply, or to persecute what he hath  in writing this m

1101 4159 2200 224 H comes here & desire you to send the 2 last letters of T

1101 4312 2150 148 or any others, by which h itt might apeare that he was & is

3507 198 2448 140 suelen e es dn p  rre mot de: se ver soude mart yd ith ee

3517 242 2439 145 when you drew the bills he was, yd debtor, butt that wee want not yett

3509 380 2467 34 wee will procure full & absolute sentence first & proceed with promise

3517 394 2439 106 to procure such oath if there unto required to I have recd yd bale N.38

3516 469 2458 96 butt is not yett opened, because now itt is the deadest time of all the yeare

3501 519 2384 117 & yett you continew drawing mony doth not come in accordinglys so

3508 539 2474 165 must desire you not to be so forward: yd acctt; pr first beeng a makeing up

3517 639 2434 142 of my bookes & to ballance  June as Jan used to do twice a yeare

3531 693 2460 170 I have accepted the bill of m. knightley of which past £93: att 35:11

3515 795 2457 128 to yds acctt. & shall pay the £53:5 you desired, butt itt had been better for

3517 835 2462 167 you to give yd note to francus foster: I have this day drawne on you £60

3521 901 2459 196 payable to mr. Arthur Anneslay att 2 uso for which you have given you credit

3516 967 2433 193 att 35:5 & which please to accept & pass to acctt. accordingly, intrim you

3526 1040 2381 206 say tis good time to buy cottons: in case you can meet with good goods

3525 1142 2412 136 itt will not be  to send 4 a 5 bales assorted from 20 to 26 pence a

3530 1195 2450 189 goad, butt you must have good & white goods, or non and lett each bale have

3533 1277 2448 195 half a peece for wrapper which is the needfull att present from

3525 1375 2185 147 a word in answer of the condition of mr. Edmund warner -

5185 1425 627 122 Antw 5 July

4540 1495 233 74 th

3338 1492 770 124 London Arthur Anneslay

3544 1459 2415 214 S. my last to you was on the 2 curitt with a remise of £50 on mr. francus

4444 1598 101 71 th

3531 1560 2430 166 miller, sence recd. yd of 20: past: for my half part in the goods shipt aboard

3538 1626 2443 162 thomas Elsdon have given you creditt exspect to have the patt. yd bill shall

3539 1713 2366 156 finde acceptance, & due complgame as also when you draw more for my:

3523 1796 2410 107 acctt. you haveing don well to give the necessary orders to mr. wood about

3521 1844 2401 141 the more desired 90 serges in which desire him to be expedient, & pray

3522 1883 2442 171 lett me know when Elsdon departs inclosed my bill for £60 st on m

3538 1975 2415 158 Henrj Collier att 2 uso for which please to give yd acctt creditt att 35:5

3545 2061 2338 153 you shall have yd acctt; pr first & more mony remitted without faile

3543 2121 2435 174 because I will I endeavour to keep you from complaints whilst I remain

5275 2208 628 133 @ 5 Julij 1681

3330 2225 952 128 London Henry Maynard

4664 2263 158 93 th

3550 2275 2326 153 Sr. my last to you was on the 28: past sence non from you, so this

3532 2374 2411 136 for covert of the inclosed bill for £100 s due the  curitt att the

3529 2453 2436 100 charge of John Hilleisdon for which please to procure the valew & pass

3525 2516 2350 104 to my accompt I have desired you to provide a bale of reds, which

3534 2556 2425 163 I must intreat you to expediate before all others sence the widow

3537 2659 2371 124 bouwens & du mont dyed every one beleaves that the rest of that

3547 2703 2412 151 trade are rich enough, & that no trade be better, where fore do envie

3553 2760 2425 142 itt, in so much that severall prepare new ware houses, & begum to sett

3545 2846 2377 158 up, though itt zeems that the relations & heires of du mont will

3544 2904 2381 136 maintenaine theire that trade my meanino is to desire, you to

3546 2976 2404 136 serve non in this towne butt mee either for yds or their accompt

3555 3017 2445 152 which in case you do would be preiuditiall to our comp. which I doubt

3554 3132 2436 109 not, butt will nive you content for this yeares sale, becaused hetherto

3544 3177 2394 171 I found itt reasonable, which I hope you will approve off when

3546 3232 2458 209 you shall see the acctts & comply there in to serve not boddy Elce whils

5050 3359 933 128 In Antwerpen 7 July 1681

3560 3372 821 115 no nes yett of white -

3347 3425 779 152 Brugge Raphael Coots

3556 3459 2397 153 mijn sH. op 4 deser aen ul een packie canten gesonden sedert den ul van selve

3541 3572 2347 128 dato bekomen, de noodigh orders sijn in mijn vorrger vermest & aengesien

3545 3622 2366 166 schip hobert fax subtile sereten seght te hebben sal vrijdagh noch ean

3554 3676 2397 185 packie canten senden om met den selve voorts te laten gaen An waer

3551 3739 2428 164 mr. Abram vivien dat anders ordonneerde, dereden de welke al aligeert

3556 3808 2427 192 soo over de packen van collinier als schip van B: klarck & smith hebbe

3563 3886 2406 169 een goet colleur, ende hadde die oock soo verwacht de packen uyt smith

3554 3944 2421 169 sien te gemoet wensche dat thomas whit magh gearriveert sijn

3564 4035 2435 167 houden bedencken waerden selve tardeert de diffente Rek sal exammeer

3571 4111 2438 141 ende ul volgens creditteeren t geen up salde comt sal prompt betaelen

3561 4197 2421 130 al hoewel voor dese reyse ul not moet de layeeren daer over tedipon

3561 4311 2384 122 soo lanck alst sonder ul preseteee kan geschieden want ick present

3525 4368 2433 118 geseel tael ben Aen boort sleven Werner van Londonis voor
