8569 4588
1131 248 2250 124 if I knew upon what string the mode will runn this yeare could in ord. more spanish

1145 331 2183 113 cloathes yett you have orders for 2 bales more, for which take yd. owne time I am

1124 391 2231 175 heantely sorry, that you feare to accomplish the desire of the good fathers, sure then

1115 480 2243 176 J.K. is to hard for you, & Roosendael here with him, to tye him p to them selves

1125 607 2252 120 & so to spoile mij undertakeings here: butt can you not prevaile: take what measures

1145 695 2236 157 there is to be found, that I may have att least 5 broad lift, as soone as possible, for

1122 816 2243 116 I promised to deliver them about easter, & then 5 more about the latter end of may

1127 875 2224 162 & 5 more about august or sber so I shall want 20 a yeare: pray lett mee not be

1122 972 2246 169 last att, & underminde J.K. for hie doth itt to yd. governo, I would rether have you

1129 1088 2221 128 go to him in the countrey, then to be imdon in my word. wish time & opportunitie

1120 1151 2213 150 shall endeavour to promote yd. intrest so setenall here, though verspaes returning

1130 1301 2219 114 will be some hinderance. I have a small cond. forom m. sealy to buy cloverseeds

1118 1352 2218 136 which adens are vere neare compleated, my thancks for yd recomandation, itt may

1129 1463 2234 136 give cause for a greater for the future. I do much want the drap coollours northrer

1135 1538 2198 150 bayes, & the forman norshrens so that I hope some thing will come with Pindar -

1134 1631 2199 170 you maij give m. hill the last orders, for I doubt he will do best in the fynest soort

1126 1725 2240 128 butt the draps must be lively non y allowish, butt blewisch & white, & better then the

1122 1851 2234 122 patt. sent, pray advises how you supposes goods will rule about june & Juliy to take my

1127 1922 731 143 measures accordingley

2743 1951 524 145 @ 11 mert 1682

853 1984 944 176 Dubln m. Elnathan Lumm

1113 2039 2195 221 I have before mee yd. aggreable of 7 past, I hope that the last easterly winds

1109 2180 2219 131 have brought over the laces, which I should be vere gladd to understand, for thin I

1125 2273 2261 168 doubt not butt I shall finde yd. orders for more, beeng well assureed that they be bought

1136 2379 2240 165 att all the advantidge that can be exspected in that trade. I shall with all speed provide

1133 2488 2213 110 the broad lace, & send you as formerly, & finde the vallew on m. de Hulter & va m

892 2570 659 163 LEpon mr. Will. Lobb

2808 2628 295 134 @11 devr

1148 2656 2216 198 I have in 2 time recd. yd of 11th past, according to which do exspect the patt. & invoyce

1145 2805 2207 119 of the serges in ordered, if either of the vessel in loading att dopsom be still there, I could

1130 2891 2191 126 wish to have by them, a bale with 12 drap collours cloth serges, or sparrow grayes of a

1119 2926 2269 159 lively cullour much upon the string of the inclosed patt. add to them 6 or 8 fyne 24 yd

1140 3069 2228 124 serges of the same cullour, butt in case they can not be dispatched by either of the vessels

1145 3156 2173 116 ready, then I would have finst yd. advise how the com  to in order more goods

1137 3268 2105 126 accordingly, yett I am somewhat in haste for these, whilst I exspect yd advise

889 3366 703 170 brugge raphel coots

2632 3373 533 137 @ 11 dito 1682

1132 3455 2261 168 monsr. de ul van 4. 6. en 8 wel ontfangen uwel tratto van:748

1151 3588 2216 143 6:6 £ 74:6:6 geaccepteert ende voor 24:16:6. ul gedebiteert

1168 3675 2240 137 godt sol dat steven waernier wel is geariuert de drij packen

1140 3764 2246 143 voor mij aen sijn boort sien overgent te gemoet ian newine

1127 3850 2273 121 was 4 deser noch tot exon ende stent als dan te vertrecken

1151 3933 2159 153 soo den wint hem wilde dienen hij is veraccordert oierde

1124 4050 2171 125 vraght van het claner laet het welck ick ul toesende

1170 4152 2240 136 over gent in differente quartielen de welck ul sal voor

1165 4268 2160 102 den setven deninghe bewaeren aen sijn boort lae de ende

1203 4327 2216 116 con junnere aen mester gillian cholij tot exon geplesseren

3582 214 2420 112 te betalen voor vraght volgens in engelant geaccordert

3407 290 1046 192 brussel mons: henderick de sniet

5274 318 750 139 antw 11 meert 1682

3558 407 2420 122 Monsr. verhope ul vael varen en gesontist be reffens die van ul

3543 500 2294 127 familie desen on ul te laeten vooten als dat ick veele

3579 615 2363 130 varsse goederen hebben ontfangen soo in gevallen ick aen

3587 687 2351 150 ul miet den vasten eenighen dinst hosten doen gelieft mij

3623 805 2382 124 libberlijck te commanderen ick hadde ul al verebacht

3616 875 2306 136 om provisie op de doen de voolck alsoo tot noch toe niet

3631 985 2318 116 is geschiet gelieft ne vrijelijck te komen ende ick sal

3592 1080 2312 168 iul in alles ten uytsten vaol dienen, wbaer op ul sugh

3580 1192 938 141 wol magh verlaeten

5416 1269 511 114 11 dito 1682

3415 1277 1058 159 brussel benaert vander closter

3565 1346 2397 156 monsr sedert mijne loste sijn de Wr rogmerken wel gearriveert soo

3564 1451 2430 138 dat hope de selve dese weke sullen hier syn oft m eest van d'ande

3579 1530 2294 154 als wanneer aen u. 2 jiun sal senden waer op ncoght verlatnen

5453 1653 329 97 @ 11 dest

3455 1646 799 171 Brussel mr. Jacques hansel

3571 1725 2397 188 je vous ay envoye p la baragre marchant un ballotte marcqus I.LP pour suivre l'ond

3575 1849 1676 155 de mons. Jacques Trivier de mons, ce que vous serve d'advis.

5461 1916 343 178 a 11 dito

3453 1980 590 147 Brussel mr. Pieter Jacobs

3573 2028 2429 173 In antw. aen den ul van 9 deser hebbe present geen fijne lakens van  breet van 16 a 17ƒ

3580 2157 2417 145 castane colleur, dogh verwaghte alle daegen een seer faye partije als wanneer ul stalen

3576 2239 2408 171 sal seynden, andee soorten van d colleur, ben seer wel versien te weeten van 10 tot 15ƒ

3565 2362 2436 150 off a, soo ick ul can dinst doen gelieft te comandeeren, alsoo ick tegenwoodigh seer veel

3569 2463 855 151 versch goet hebbe ontfangen

5438 2583 346 123 a 11 desee

3478 2545 881 170 Brussel mr. Judocus de Sadeller

3583 2647 2435 148 deser tot advis, als dat vale versche enge goederen hebbe ontf. van alle soorten, in gevalle ul

3587 2765 2358 150 ijts noodigh hebt, gelieft te comand ofte selfs een e overcomen, alsoo ick nu seerwel

3586 2868 1582 150 versien ben, & goede gelegentheyt hebbe ul wel te dienen, e

5449 2959 344 121 C 11 desse

3494 2982 590 161 Brussel mr Jan Jacobs

3573 3065 2424 154 Icq hebbe ul dagelijckx hier verwaght: desen dan tot advijs als dat icq veele goederen van

3592 3213 2418 110 Eng. hebbe ontf. van alle soorten & nogh considerable partijen verwaghte schoon goet, can

3599 3265 1705 159 ick ul eenigen dinst doen, gelieft mij liberlijcq te comand ie

3459 3383 840 133 gent francois, harre bout

5404 3392 557 167 12 dito 1682

3600 3498 2298 143 monsr ingevolgen den ul hebbe de 20 ƒ bstalt den in gesloten

3627 3587 2293 163 russel busfel van 50 sterrelins gelieft te acceptenen ende aen mij

3627 3639 2266 179 terugh te senden veroachte heden oft morgen drij packen

3637 3751 2393 174 van brugge 12:1:2:3: de 16: par schesee onder my tollibrief gelieft

3643 3839 2407 213 opspoodigh te senden en de adviseren wat passeert soo vende

3628 3911 2262 208 vaten claversant ul voch ter hant comen dat de selve sito

3632 3980 918 138 voort gaen naer brugge

5281 4050 409 94 colier van londen

3472 4050 719 135 ntnd suel de Back

4798 4088 1037 126 van mons Heudrick a 12 dito 16 en

3625 4186 2398 112 mons par ordre ende voor rekeninge conunene aen ul per ordinas

3603 4202 2286 168 vis rotterdam mer bilunt man h ombrefdemdiet baleen vlyen

3615 4320 2265 96 brutte samen 22 houdert pout de welcke aen hem per eerste
