8535 4601
2665 193 452 147 C 10 June 1682

914 192 1222 165 London m. Coy nhaley Henry Maynard

1131 325 2273 133 mij last to you was on the 6 cur. sence non from you, I tooke intice by y last

1123 413 2277 128 that the makes of the  would not abate 3 pence a yd in prises as others

1115 501 2255 137 & that upon pretence of mr. Knightley Tis proffer, I am ure that is endyd

1108 627 2246 124 a trics of hhim, so I wouldtrye fim & see if you can not abate, what others

1107 704 2291 124 allon. I sareexamined the GW silver marky, tis werck is good, & I appeave

1114 810 2282 119 of the makeing of them so much longer, butt I finde they are not the seavier

1109 904 2284 156 for itt, where fore recommend dim to keep the lenghts, butt thet they mst

1105 999 2275 123 be some what more hibstantall, & now whilst I doubt not, butt wish the new

1114 1086 2259 149 wooll, all sorts of goods bill becheape & better, so I hope he will abate to

1131 1198 2268 150 for I would faire have all his worck, yett upon the vere best te rmes that

1116 1287 2244 150 can beexspected, for I can not sustes, that any body elce should our do his

1135 1355 2243 197 as soone as you iudge convenient, & finde a penniworth of whises, I corde

1117 1478 2235 183 desire you to provide 5 EE yallow marq. S.WW & 5 low prisses of what

1119 1607 2255 138 marck soever, of about £30- to £34- the 5 ps butt do not lasten then

1132 1694 2261 155 a ccept you iudge itt our intrest for I have some yett that may serve mee

1128 1789 2277 127 some while. yett the first I shall want will be that, butt our trade beyiste

1131 1890 2254 144 be some what att a stand, which will contineu, so att least a monch, & then

1139 2000 2246 153 I hope a good hawest. by the inclosed accompts of sale you will finde that

1132 2084 2227 152 I have been doing something, & yett sence have don no less, I have rend.

1115 2194 2230 124 all the reds, part of then on sold, the rest may serve my whare rouse, they

1137 2312 2228 139 mighe dave been better for therr prijses, butt that I supose accasioned by buying

1143 2418 2208 108 to many att a time of one sort, so that you had not the invoyce as other

1145 2493 2202 167 ause, whesre you buy less. you please to gett these accompts narrowly examine

1127 2595 2230 152 that If any errour, itt be rectified, of which yd. advise, this week & hoge

1140 2729 2198 118 to see Brussels, & then more of thenst. you desire the 2 bills I reed from

1129 2791 2201 176 the seires of mad. Banwerde of Peeters ison the antwer of m. slaighter

1136 2870 2250 179 I'll remit what is resting upor that acctt, & lett him give mee a dischange

1142 2982 2174 160 & is receipt upon the bills, for why will se trouble the poore mon for

1144 3092 2235 146 more then what ought to satiisie du, I can not longe be troubled whit

1128 3198 2053 129 itt, so exspect iis answer & yd.. I hope my £200- on H. C.15 br

926 3331 942 193 Londen m. William Pindar

2846 3360 433 138 C 10 bun

1125 3470 2243 150 In answer to yd of 16 past, I am sonry that m. Seaman should

1133 3572 2223 134 be gon to the beibados, yett I can not vere well beleave itt of

1124 3673 2199 135 neyt shall remitt what is due to you & give the necessar

1152 3805 688 156 acctt upen seaman

5925 189 119 120 2 22

3483 178 562 148 Londen m. John Loyd

5392 198 522 142 C10 unne 1681

3626 306 2430 121 sence I wrott to you last 27 have non from you, so this to accquaint you that I

3629 409 2423 135 gave sent you a bale of tikes, aboard stephen warnes, beeng i& n. 24, gt 64 fingle

3627 465 2385 173 s, as p accompt which shall send you prept. in Raphael coots is comming over

3630 562 2381 158 with itt un self so please to take itt up, I do not quistion, butt that de send

3642 663 2396 164 you the bill of loading, if you please I can send some more, & if in any thingh

3637 777 1369 128 elce I can serve you fruly command hn &

3479 838 156 162 boudse

3693 898 871 144 M. Bernard van den klooster

5568 886 367 148 C 10 Jun

3510 946 158 143 Brussel

3663 994 2382 147 In antw. aen den ul van 6 deser hebbe de weerde voor ul wistels. van Jan de Coninck

3644 1099 2411 110 ontf. te weeten £32:3 „4 & op ul biy gestelt. 't is mij leet dat ul huys vrouwe wederon

3644 1208 2408 108 Ingevallen is, & sulckx oorsaecke dan ul niet conde overcomen, 's genenoghtans wil hopen

3654 1305 2387 126 nu gedaen is, & ul overcomen sal, daer n tussen sal met gedts gratie naeste saterdagen bij

3651 1378 1359 135 ul wesen, als wanneer voorder sal sprecken

3502 1425 744 188 Gent M. Francois Berrebat

5577 1446 257 137 C 10d.

3664 1574 2322 132 den ingesloten is voor m. Henrij Collier van Londen, den welckk desen avont tot

3646 1687 2385 99 gent sal legeeren in den kart p de meret, oversulckx gelieft hem sonder eenige faur

3640 1776 2357 124 den selven desen avent te behandijen, waer t sbij aldien dat ul hem niet en vonde

3636 1843 2402 168 soo seyns hemonder ul covert naer lijnes aen Richard southell, waer op mij verlate

3660 1957 2388 139 verneme geerne wat sedert den ul vanen deser in onf astairen van canten is gepart

3651 2024 1242 170 welck niet or mij gelieft te laeten weeten

3510 2121 705 170 London m. Henry Maynaed.

5572 2133 244 127 a 10 d.

3686 2186 2369 175 after I wrott to you this day att large recd. yd. yd of 26h past, when by I can not

3642 2325 2394 112 butt wonder to see, that mr. slaughter should be so unkind to arrest m. Peeters

3660 2394 2330 170 truly I can not butt blame such proceedings, when as se had my leter of £80-

3658 2514 2396 127 that I would ready remitt Iun now seeng tis come to an aggreement shall remis

3641 2606 2418 136 its withut faile with my note of discharge, butt I have also reed a ledder srom

3642 2708 2343 154 Peeters who tells mee, that m. ersprect hath payd to m. slaughter £140 sil

3639 2805 2415 148 m full of dis spretence, now if that be for caution, ot bon that is I know not

3633 2902 1840 152 to please so advise itt, whilst never theless I'll remitt you

4495 2992 602 135 is niet voortgegaen

5632 3021 234 142 a 10d.

3490 3016 627 177 Brugge Raphael Coots

3652 3111 2360 139 op Antw. aen den ul van 3 deser is wel ul het pacq n 24 aen boort teeven wanne

3662 3244 2393 135 hadt geladen, godt seynde tet selve salvo, hebbe voord'oncosten op dat & n 23 betrefens

3648 3340 2384 127 op Rn1 ul gecred., het laeken A.V. is voor reeqdan Ab. Vivian van londen, daer

3643 3391 2393 174 in sijnde om £4- als weerde houte leysten voor schedrgen, de welcke niet eerste gelegenelejs

3634 3523 2414 117 aen hem gelieft te exsped. van londen ewagte & Richt houlatseon 1 pack K wist

3649 3640 2396 102 daer in 3 dobbel roy laeckens, &5 spaensche saaengelde laeckens, de welcke ten armen

3650 3719 2364 138 aen mij gelieft te exped.. aen bort Ben: Clarck is gelaeden M N° 20 met d

3666 3855 2354 120 gemengelde spaense lakens, voor 't een in 't ander gelieft ie noodige te bsorgen  mij

3664 3945 2306 133 ten tijde adviseeren. wensche ul gelucq op sijn rejse, & behouden retan, ondertussen

3658 4020 1590 174 yts tet ul dinst hier oftresseerende gelieft te com
