8508 4642
2386 237 902 104 In Antwerpen ½ seplember

740 247 983 125 Rille Richd Southell

1885 288 113 97 4n

2160 314 98 74 to

1018 300 2267 155 Sr. worthy freind I have recd. yd of 27: past., you had recd. our bale of kersies

1012 422 2255 64 & sold 6 p I hope you will finde sale for the rest, as also for what Elce you

1019 461 2237 99 bring to markett for I am told that you have a considerable trade & vere

1029 508 2200 109 quick demand, so I hope the proffitt will in corridge the continumey

1016 565 2166 125 for here I finde itt growes from badd toworse & now I can tell

1019 619 2298 152 12 whare house in this towne where in the bine of smoth a vale thare

1055 689 2218 112 vas butt 3 & when the spanish g round was so large so leave you to

1005 750 2283 122 considder how wee are mr. konthath been. here 4 dayes butt I have spoten

1021 819 2209 108 tohi in butt onss & made not attall of him, no more then a stranger

1031 884 2190 102 with few words on the exs & no more of the rest I finde by otbeer

1019 992 2280 66 that he was extramely I alovs yett tis his old honour, prtend to continew

1030 999 2221 120 a little nt with t12 & a 8 &non Elce for one m. potter dothvere

1029 1078 2228 116 well in the north cloathes for Ay much better then till: the goods

1018 1141 2211 127 I had from pichering & Rolinson are hardely vendable, some already

1013 1182 2232 129 lost there press sence the death of demont I begoun his farrique

1031 1224 2280 141 of modecolleurs and whit goods to be dyed black or soablett, the Roosendnes

1009 1306 2265 131 Doth the some, and am told he hath a freind att lille which sells als what

1027 1371 2225 119 he prepares for he doth leave off trade here where fore thought good to

1014 1429 2159 131 desire you to informe how that traade goeths, for I could fournish

1033 1489 2250 159 you with such cloth aswell as her I haveing the best warch peopee

987 1532 2276 163 if I can meet a small remise shall send itt, & ought I am extreamly scary

2720 1603 505 143 a 3 gber 168

1016 1620 1226 159 egt yd answer & remaine

761 1701 823 146 London Abram Vivian

2345 1732 121 100 the

1020 1715 2250 197 Sr. I have before mee boath yd of 15 & 18 past I hope you shall endeavour

1030 1836 2253 141 that my order for the 50 or 60 bayes more shall be compleatend as well

1024 1915 2211 130 as the rest, for I am almost out off all my bayes here & neglect not

1028 1981 2168 130 butt that they some with vinder att least & seengtis necessary that

1035 2049 1981 118 wee make use of mr. Shipping becauused of the reason

1025 2102 2225 155 a Aleudged lest itt be se & recommand hereustley to take

1020 2191 2191 165 notice of each pack itts contents marckes & o that so when I open amy

1027 2271 2186 155 I know what is what: tis good that they beginne to know their fautt

1047 2321 2108 168 of last bayes which in deed have been butt 50s in all for struted

1033 2389 2195 177 itt onelij to my self the examination of them & did depend upon

1033 2450 2243 190 no boddj Elve. I have the bill of loading for 3 bayes aboard smith I hope

1024 2533 2170 176 the bayes shall yett come with him, if not with pindar at least

1032 2630 2195 189 wath the rest of the in ordered goods I could have wished smith has had

1037 2725 2197 148 a bale more my thanckes for the paines you took in getting my 2

1043 2801 2140 143 bills accepted I do wonder now you should draw so £200: againe, realy

1043 2858 2190 165 itt is be yondexspectation the more because I have don all I could do

1036 2942 2219 148 in my power to prevent drawing & to suply you with the needfull

1027 3045 2165 124 & after that to Draw £65d: in 5 weekes is un reasonable

1019 3128 2184 147 I have amuch & farr greater concerne with m. Henry maynard

1007 3188 2181 139 in goods from London, yett he drewnoke one houndred pourd

1030 3262 2169 149 all this yeare, I confess I was contented that you might draw

1035 3359 2218 132 on mee up on apinche butt not affer this rate principally where

1040 3469 2209 129 I do all I can on my side to suplt you with the needfull if you

1039 3545 2227 104 ximin mj acctt. you will finde itt so, if you examm yd yon

1044 3610 2243 105 must needs finde that the returnes are pretty well if you compare

1039 3714 2215 102 the voage to antwarp with the returnes butt to give you more

1040 3782 2197 110 content shall draw out all the acctt. of sale of every month sence

1034 3841 2252 109 xb. last & send you Ilove to please my freinds butt a draw ng toade ran

1040 3934 2157 113 not abide, I have well rec. the peece of lace, andis almost finithed

1055 4006 2114 109 which as soone as don shall be seat you with the rest to compbat

1026 4088 2202 89 one packett haveing above  ready & hope yett to dispatch itt this

1049 4170 2187 95 week itt shall be off rossen onely & she that provided the packett N.16: laces

1050 4255 2200 74 are verey cleay now & never where they cheaper, so you may vere well

1042 4305 2177 155 exspect a groat penny worth assorted to yd content which I remaide

3368 232 797 135 London Henri Maijnard

5091 243 865 115 Antwerp 3 sber 7 3

4350 286 92 95 th

3563 328 2412 117 Sr. I wrott to you the 30: past. come what in laste, whoever referre you

3535 409 2424 102 to the same, concerning a bale of redds to be assorted from £8:10 to £15:-

3554 491 2409 102 ap: &2 or 3 anvoras in all 12 peeces, which neglect not to dispatch as

3546 561 2418 94 soone as possible, butt where as you are use to hang out one had with the

3551 613 2409 118 number & leiight of boath ½ p. so besides that, desire that on the end

3542 695 2344 97 of each halfe red be alead of all hangh out as formerly, so that when

3537 768 2329 120 wee sell them either by whole or halves I can finde out the leinght

3536 854 2458 110 I have sold all our frises, so desire you to send mee an other bale to containe

3555 901 2363 100 the same assortment of the last & that the sooner the better be causee

3539 948 2431 171 I must putt them off before winter: inclade orsendin some pack or other

3556 1031 2347 139 2 or 3 paire of white women cotton hose for my wifer of the least sort

3547 1088 2416 139 a little fort, which commission, though itt be trouble some, yett pros

3550 1202 2402 115 considder tis for a woman: John simons is not as yett arrived intrim

3562 1249 2421 151 by the by a word of John kent which hath been here 4 dayes: I have spoke

3548 1368 2437 113 to him butt ones up on the ex in full comp. butt as I understand from

3561 1443 2072 99 other hand hath ablad & pratt lett so much that he deserved

3557 1528 2446 95 J alusye doth exceed above all his honours amonghst other he told,

3558 1576 2418 155 that I remitted him £2000: st to be imployed in northren goods, butt that

3537 1670 2437 109 he refused my commissions & so know not how many storres, nox en him

3553 1748 2428 118 I never wrott Johnn sence 1678:- when Ileft him butt I find tis John

3559 1856 2311 99 kentstill I have no more to inlarge butt that I am with kinde salute

3384 1889 751 144 London Henry Coblier

5215 1912 689 133 @ 3 gber 1688

4451 1947 96 77 th

3552 1945 2363 161 Sr. I have before mee yd of 12: past. & rec. one from ud soam of 15 ditto

3556 2056 2384 93 with the letters of 18, you have don mee preiudice & discredit in not sending

3560 2121 2341 99 invoyce, or prijses att least of the cottons for I have bought Esle were

3545 2189 2385 122 I have opened them all yeasterday, & finde they are well bought so shall yett

3546 2245 2406 121 endeavour to sell y well you could easely please mee could you pass without

3542 2333 2412 120 drawing, for I am ready to warck all the dayes of my life, and that with

3560 2395 2367 141 as much care & Exttetness as I can, to gett my liuing (with gods blessing) & a

3555 2498 2401 106 penny or twoo more to leave my children though I confess the oldmon takes

3553 2530 2373 157 that o heard I have accepted yd bill for £67:10„3: & button hath accepted yd of

3534 2610 2449 162 £50:- herreynce told mee yeasterday that wee gott a further sentence against

3536 2723 2455 118 T.H. I hape he will not appell itt to Brussells, that wee shall be able to do with

3559 2794 1311 111 itt time shall learne whilst I rest n

5361 2787 526 134 a 2 gb 1681

3392 2800 754 154 Aust John Button

5130 2889 150 77 9d

3534 2897 2458 79 SDen ul van 27 passato hebbe wel ontfangen als mede den wisselbrief waer voore

3538 2969 2429 103 Ick t sijnder tijde de betalinge tegemoet sien mijndeeken joris wouters heeft aen mij

3553 3044 2403 85 betaelt voor ul rek ƒ 97617 hij sal ul derek seynden hij seght het is slot vande selve

3563 3098 2412 84 volgens ul stael, heb differente lakens soo wel nortsen dosijnen & geperste soo ul yets

3564 3142 2323 75 van doen heeft, nemt de moeyten van eens over te komen sal ul soo goede koop

3512 3173 2492 153 dienen als het ul van mr. Collier can bekomen dese 2 staelen sijn vern2 noortstee

3539 3271 2394 98 a 46 st hebbe dosijns ende andere soorten vande selve coleuren genoegh soo dat

3561 3326 2381 99 hat bete was dat ul eens hier quaem & will niet twersele off ul salde goet

3567 3409 506 103 gerief vinden

5519 3391 444 134 a 9 fb 2

3400 3454 637 135 brugge Rap Coots

3575 3463 2394 157 S. in antwoort aenden ul van p deser sien mijne 3 packen p Rochur camere

3555 3569 2424 110 tegemoet die passagie is geweldigh te hius al hoewel degesonden Rek ul dienael

3532 3589 2463 161 laurens van Rentegen Racht soo hebbe nochtans die in ul Rek courant in credit

3539 3663 2436 156 gepasseert & ul dataen hem sal mogen vergoeden als wanneer hetsel soo sal

3541 3730 2418 172 ordouneeren tgeene niet nae laten sal soo haest de weirde in cassa comt

3556 3792 2394 179 volgens aen hem dat hieronder late wete d gesonde Rek van on kosten sal met

3559 3839 2408 190 gelegentheyt exccmineeren onderwijl bevinde de 156 witte kersijen met den tol

3538 3909 2439 177 belast die ul mij had gescreven daerran perticulierlijk soude hebbe bevrijt, hope

3556 3981 2434 178 John simons voor nu gearriveert thamas smith tot hull heeft tot nochtoe maer

3547 4079 2367 173 3 packen voor mij ingeladen als N38„39 & 40 vant mach f 1 8 ider

3549 4127 2418 178 in houden 12 nortse gemengelde lakens twijffele ofte meer packen sullen

3541 4218 2454 156 aen sijn boort hwesen a alsoo d'ander tot leede gereet sijnde nae stall noch niet

3545 4319 2446 118 waeren varsonden & smeth op sijn verboeck stont ten arrivemente gelieft het

3554 4414 1545 65 noodigh te besorgen ter wijlen nae groet blijve
