8385 4649
1945 189 831 137 Antwerp 26 gber 1682

637 202 767 136 gent indoeus goethal

886 301 2398 112 mons heden sende aen ul perbode een packettien gemerckt  daer mede

883 376 2447 121 te volgen d'ordre van mons Joseps Sabberton van brussel voor het selve

884 478 2064 131 hebbe alhier de port betaelt wier mede naer groetenisse blijve

680 521 723 148 london henrj magnard

1812 559 798 119 Antwerp 26 gber 1682

886 633 2385 132 my last tod you was on the 23tt cintt sence non from you, so this heebly

884 733 2388 96 for novert of the inclosed accoumpt of sale of last month, which pleascts

873 803 2453 96 enamin, & finding wright note accordingly, the present month will be no less, if

880 883 2312 106 no more, & if there by you do not finde, that ony makeing of closh dosh

885 948 2318 95 advance our English trade, then blame mee for doinge, non could is procure

892 1022 2434 136 payement accordingly, then all should be well, for which lly endeavour, butt

887 1098 2434 146 nent month I havee finde £809 sterlinx to paij for yd bills onely, so that

882 1156 2371 126 feare will much kinder my complayence in remises, batt D am sure

903 1256 2295 142 could you de lay one months drawing, that in gberI should remitt mo

886 1324 2332 141 less then what in sber I have to pay, & thento continece one month is

896 1420 2391 132 a short time, whover what you do is to comten: S finder a letter from m.

892 1495 2349 105 John bowdon & John gardner, by which they desire nre to pay a bill of

893 1586 2406 119 £500 aƒ 125 dd due z cinst & 6 dayes, which they havee accepted payable

901 1654 2337 103 at mij house, butt where as that trade is non of mine, so am vere yn

901 1714 2413 123 willing that to do yett thought good to advise you of to have yd opinion

892 1792 2295 134 whuh, I have the wing favoring before dul, I have no witt to them

889 1852 2433 132 mens peitation of yd answer remayn, I have complaints againe about

892 1941 2375 157 the N6 silver marn, & the good fathers desire to have the formar sorts

651 1982 744 175 London Henry ollier

2109 2024 296 126 26 ditto

975 2114 2210 148 S I have some time de layd answer to yd of prico cintt: because

875 2218 2410 101 finde you will have still, that I am convitions, & yett you are not

890 2307 2431 103 pleaved to explaine yd self if & am so on yd preiudice, for that I would

880 2379 2437 122 say tolee minst, as partely you tough aboutt thestanding out debts not

895 2458 2380 111 beleaving what I wrot ps confes I did not wel to tell you that Joan

897 2561 2374 99 carlo de coninck hie widou is verspriet hus sisfer, beoeise the latter

910 2617 2388 109 was neidless, yett itt ie trae that  30 not mistake ther debts for

890 2683 2437 129 yd and as srae that the vidou the comuck owes mee above £8 00 flemish

896 2765 2430 100 more then what as for y acst. though I do not in the leest doabt

894 2838 2374 117 te finde satisfaction of ther yett the can do no more then all the

911 2921 2394 99 intrest, est beeng in generall a time of bad paey which pit mee often

894 3007 2404 95 to straights though f a of them converned aith mee have no less

885 3089 2380 130 shhen ƒ8800  aup loyed to tare my trade iutrim an assortemen

893 3194 2407 115 of tykes shall be schipped morming aboard peeter de wolf, otho will

882 3257 2441 145 saill the same day not inthitanding all endeavour s coon not afyett

888 3358 2114 115 pint of yd remay may cloathes hamble serous to al fiends

2003 3418 343 126 26 ditto

911 3413 623 144 willem hebb Lobt

628 3500 2679 152 Enon I have dyland answer to yd of 19 th because I dit expect paternes of

906 3606 2364 122 the goods hhipped fornice af then you promised whah I doubt you

919 3711 2387 105 omitted sence to send, lo pray ino answer here of lett mee have them

898 3780 2397 106 as alsoo know then elso on is to saile I have accepted on Cole is bill

889 3853 2189 144 I shall be prunctually descharged in due me wilst remcainee

3419 188 861 143 london e

4573 213 649 127 Antwerp 26 gber

5942 239 144 103 280

3617 298 2476 154 S my last to you was on the 23 semst sence nor from you so this cheelly

3607 365 2337 177 for 2oofrd if the inclosed accoempt of sale of last month, which

3608 486 2424 104 pleasits enamen, & finding wight note accordingly the present month

3616 561 2361 141 whils be nolest nolest if no nitre if there by you do not finde

3606 622 2421 173 thatt my makeny of closh dost ldvonce our Ihyby trade, then blame

3612 705 2433 179 mt for Idoinge non roufd & procure payement accordingly then

3614 781 2451 171 als should boI well for fwhah I'll endeavour butt nent mouth I have

3606 874 2455 161 y finde £ 859 sterlina de pay for of y bills onely so that I feare

3605 959 2411 153 will much hinder my complayance in remises I butt & ans fare logld

3614 1037 2418 143 you de bay one moyths drawing that in gber I should femist to lest

3605 1105 2382 147 then what in sber I have to pay, & thopto continee & finde a

3623 1186 2432 154 letter from m Than bandon &John gardner, by which they desin

3613 1257 2371 126 me to pray a bill of £500- af 125 or due  cmt ƒ6 dages

3622 1340 2379 150 yhuh they haves accepted pay able to my house, bast whero as that

3598 1402 2474 177 trade is non off min so am verqon up williny that to do yett tought

3607 1490 2452 161 good to advise you of to have y op non whah I ans have, the wind

3614 1582 2415 153 favoring before due I have not wrist to hem in enpectation of

3614 1622 664 150 ansvert remaine

5323 1681 436 150 267br

3353 1707 536 167 Londen Aeloyd

3624 1800 2336 174 Jacording to my last have made up a small astortement

3598 1924 2411 117 tykes there in fou laces for abual which I shall ship aff a

3588 2001 2464 157 minday aboard & de wolf for london he sayles a mindey, here

3612 2074 2370 135 is a kmys gaght commanded by rept fosebie I intend to send

3602 2163 2398 150 half part of the laces by hom ander the dereifion of one of

3607 2219 2416 147 hus schip called hactor lanc by which I have more often been

3622 2310 2402 148 vere served whilst   ment shall you the invoye & remaine

3380 2388 842 114 Londen abrmer van

5305 2410 401 145 26 gb

3611 2464 2456 194 Dre my last to you wat or the t8 cur. sence read s of  ditto adisie

3604 2559 2474 166 ul ave bale of cloth & 2 of bajs beang semplabourd narmadch

3608 2667 2422 152 suith the rash I much snsport, because I have no letter from pr

3571 2724 2484 169 by last post as yu promised: pindor will lay ont long so you will

3588 2841 2462 146 don ell te send 2 bales of cloth more pr Rotterdamcor Don

3609 2904 2431 143 hee is akings gaght inder capt fasibie, by his iner kator

3593 2982 2464 180 land shall send. you some pictures & partof the formes bij Bevolge

3608 3053 1029 162 wko seckers a mmindey

3386 3115 1050 180 Brussel mons Anthoni rousseau

4733 3161 284 153 26 dito

3593 3242 2362 179 ons hier essoit a vostre grace ma derniere, depuis est arrive ue un

3599 3384 2326 125 iaghte du roy d'engletterre qui partira leande au soir si vous voudrierz

3602 3446 2432 141 envoyer quelque chose avec, il sera la plus seeure occasion quon voudroit

3606 3510 2429 165 louhaitre, ie que ie nensa necessaire de vous escrire ayent dit cognossence

3600 3618 2415 121 avec ccun de iaght, pour vosre deun lettres de ƒ300- & de £1000

3601 3675 2456 125 ie vous pouriez envoyer en espeu en or, d'un selle sorte yen vous voule

3572 3783 2497 126 et aussi resonable sur quoy i'attandre vostre advis, ie ne veu pas doublie

3604 3846 1878 138 de vous tenne vre de maine pour mon compte ie suis
