8522 4636
1160 212 2211 109 to I K. Tis, so tis yd onne bussynes, white you be there toiudge what to do

1150 288 2234 125 Inclosed £150- : in my bill on ed. warner att 2u½ for the valeew of

1132 374 2253 106 Daniel Brusschep proforma for which please to procure the needfull, & place

1165 467 2220 126 to yd accct att 34.9 I have abour £200- . ready for my acctt which

1162 584 2216 110 could not send this post because of no opporsunitie, so shall remitt itt I nes

1154 679 2235 112 wishout faile. I have seen that m. slaughw hadt dach arrested Peeters

1152 768 2223 113 which I take vere un kindely, sudeed to must dave sad some more

1166 855 2220 87 considecaion then to afflet a or man to, I have a leder from beetere

1160 941 2219 98 which confirnes dis arrese & that m. psprect hade payd £140-

1162 1042 2223 129 to m. slanghter in full of dis pretence, if that be don for caution, or tow

1156 1112 2223 170 I know not, I am indebred £155.32 flemish, most part yett in standing

1152 1186 2222 182 our debts, yett to make an end am ready to pay itt, so lett m. slougkes

1148 1340 2220 133 or you draw that nede samm on mee att 2r0, & wishall send mee

1155 1465 2123 93 accquitance, or note to dave e of mee said valeu, with the £120-

1145 1515 2229 140 rimitted before, & the cloathes, where by de doth ericharge mee of tucl

1148 1634 2223 127 arrest as he hath caused to be don in behalf of Peeters & hach nomore

1140 1744 2229 122 to presend of mee, which any notary can casely fiame up so please to do

1161 1809 1923 158 shre in what is necessary, that I may have also an end

870 1880 871 172 Londen m. Abram Divran

2802 1937 514 158 a 17 Juni 1682

2204 1967 97 128 f

1136 2061 2239 128 mij last to you was on the 10th suit, sence rec. boath yd of 26 & 29 past

1155 2113 2214 154 the first bariug invoyce of the 60 p bayes which pray endeavour soges

1139 2258 2238 115 a boand of smith, & do all you can bo gett ready the nordered goods by times

1152 2306 2211 169 that by the next ship wee might have good assortement, whilss I coudd

1141 2445 1982 131 wish yett one bale of dozens aboard Jmith, & one bale of hersies

1116 2538 2268 89 Inclosed a fatt. of our white grayes, which you sended mee sor the bale 48-

1162 2590 2141 123 wich now beeng all told, must save an other assortment made so 1s3

1175 2687 2180 158 12 p fram 3.6, to 4:6 a yd raw raw, butt non exceeding 4:6, so you please

1145 2805 2189 120 to order them to be made to purpose as least yeare for they wher good

1138 2901 2198 139 & because wee should not stay to long for them to have them all att onee

1132 2991 2216 142 so you maj onder yd freind so soone as any be getts ready of then, tosend

1142 3070 2193 139 them forward amonghst other cloathes in what bales soever, then must

1113 3165 2205 147 be 6 p. ander 4ƒ &6 p. above 4ƒ to yd ged. I am glad you reed

1149 3252 2193 152 2 packetts by bong sea, I hope the rest is well gott to yd, handes, & coudd

1142 3358 2233 151 with you found a good machett for f upon yd order for point de maline

1141 3434 2228 144 have beew att Mechelen & bought some which are not yett finished, so shall

1151 3523 2205 158 ende avour to send you an assortment toyd minde, m. noend is contended to

1127 3607 2236 178 be concerned with you as well snthe one as other sort, & gives hen snclised

1140 3748 2171 144 is oader to m. Pieter van de ccutt to diliver you the laces, that Iare y ett

1115 3843 2195 140 n efective packetts, you may reed the letter & sealett itt, or if you like

1139 3943 2217 145 them all, you can sake them to you please to speake so m. vande Prutt, &

1133 4035 2235 110 athe un first if de sath suih laces yett as be recd. from m. moen, & that

1110 4109 2272 137 he would please to shew them, & if then you like them you cansa thew yd ord

1126 4199 2261 110 selling un that you have been hen, & beught them of hun for so as you shall iudge convenient. lett ma

1113 4250 2261 131 know from bine to terne how things stand in the norch to gou my self accordingy., I nept shall

1121 4329 835 89 send you the acctt. of charges

3486 190 715 157 Loon mr. Thomas Estabrooke

5300 216 739 141 C 17 Auni 1682  320

3657 270 2368 150 In answer to yd of 31th past einglad that you know the senes of perpetuanees I defire

3656 401 2410 108 sraecoiding toge promise shall exspect them, wish an acctt. of first cost, & all cariculae

3644 507 2435 116 charges, for which I'll see you prnetually sa tisficd, & in case itt doth give content

3648 543 1975 154 you may besure of a fare betder imploy, beeng with hinde saluts

3489 617 709 187 London m. Luy Knigheley

5518 675 191 118 a 17 g

3628 718 2446 164 In antwer to yd of 26 & 29 pass, have given you credit for the cost of the bale R.11:

3634 872 2438 82 which god be thancked is will arrived att druges, & exspected sere wishin bew dages

3633 946 2395 98 when shall advise you my opinnon of them, & remitt you the valed with formae

3496 1032 792 143 London mr. ichiel Peeters

5506 1056 223 123 a 17 d

3645 1152 2362 100 met leetwesen verstaen uyt den ul van 26 patt. de absurde maniere waer mede m

3637 1238 2335 122 slanghter ul heest beiegens, icq deb mijn gevoelen daer over heden aen hm ges

3642 1328 2386 142 ende soo een on beleefde maniere van daen seer beriept, sij hebben £120- ste ontfl

3614 1421 2419 119 & dat is £211- uls. daer bij nogh £155.3.2 ul tot slot van die reef., nu doesij

3626 1510 2392 130 £140- sten nogh van m. ver spreet hebben willen ontf en weete scg niet, & wat van de

3640 1591 2310 142 lakens gecomen is en schrijft el oocq niet, soo gelieft van alles een meerder

3640 1701 2343 136 clarigheyt te geeven, om dat te connen regoleeren, hebbe bij ul moeden geweest

3626 1788 2426 136 die in duijterste droesheijt is voor 2, en nogh meerder om dies wille sij geen schildrijen

3643 1901 2398 121 verneemt, waer voor sij wel light veel sal te lijden hebben, waer om en doen ue see

3622 1988 2449 125 veel nietom haer te onelasten, want 't is sonde & schande 't gene ul jaer aendoen

3637 2060 1144 157 verwaghte ul adrijs van waer pars

3493 2150 630 164 Londn m Jac preet

5483 2188 221 140 a17d.

3621 2269 2413 164 op 27 pass. heb de vrijigheyt genemen ul moylijcq te vallen in regarde van m Peetert

3623 2393 2413 96 sedert van hem verstaen dat slaughten. hem heeft gearrest, & dat ul hem voor £ 140-

3647 2480 2398 119 deeft gerelap, daer en tussen schrijft m. Maynard voor't slot van dun reeq 't welck

3633 2567 2383 153 s £155.3.2 uls de welcke hem heb geord. aen m. slanghter te betj soo dat m

3630 2652 2428 166 slaughter op reeq. van de £300-  van mij deest ontf £366.3.2 ul, daer beneffens

3638 2770 2401 109 de laeckens, & soude gij boven dien nogh £140-  vragen, dat soude hem niet toecomen

3644 2871 2389 130 ten waer sulckx alleen voor seenrisejt was geschiet, was daer van is verneme geerne

3641 2962 2410 118 hebbe tot Brussel bij de moeden van 6 Peekers geweest, de welck ick in soodanige nocfheyt

3621 3082 2413 98 bevonde, dat het mij uijterlijck seer doet, sij lament. seer over de schildrijen van deniers

3638 3141 2377 161 alsoo sij voor de selve wel de uijterste noglijckheyt en schande uijtstaen, soo dieft hij

3637 3246 2401 144 mij seer gebeden ul met desen andermael moylijcq te vallen, om te weeten ofter geen

3636 3378 2401 116 middel can bedaght woorden daer te selven, om die schildrijen al, ofte ten decle te leeveren

3622 3468 1026 146 wat daer van is vrneme geerne

3475 3541 775 175 Londen M. artsus anneslay

5507 3588 243 124 @ 19d.

3629 3700 2398 111 In answer to yd of 28 apl. last, I ave sence endeavoured all I could to sell of the serges

3631 3777 2380 115 resting, which I have finished almost beeng vre few untold, att theend of this monch

3623 3852 2417 121 shall send you the acctt, & seen if I shall take the rest pon mee & pay yo to make

3632 3955 2407 100 end an end to itt all, in the meane while I am & fornced that oyl is good cherp. the

3654 4047 2371 106 genona is demanded ben, butt most of all the gallipoyle, so that att a low machett

3621 4122 2429 106 one may rentune to pay buy, & sowards . or oct is ordinary good sall for that hee
