8050 5564
574 180 943 140 Brussel Andries Artsens

2070 191 1044 122 In Antwerpen Brno Aprill 81

886 232 2178 107 Mons. heden sende aen ul p bode een paxken met de 2 fijn lakens

911 335 2141 91 waer voor samen geaccordeert hebbe 5ƒt soo dat selve soo hebbe gedaen

883 391 2075 80 op hope ul daer bij t dienen midts de selve niet eerder gearriveert

902 457 458 137 sij sijn

1563 482 1521 91 N 175 a 22 ½ a 30¼ ƒ5 & 14 ƒ172:8½

1545 543 1493 80 N 138„ 23½ „ 30 ½„ 6„ 6 .„ 192:3

2726 598 352 110 536:11

2211 604 487 151 aAnd br

2686 640 410 113 „ 228:1½

2420 721 630 122 sonder a 386:12

841 776 2195 126 sroode goederen in alles wel sullen bevallen oversulx bestalen

883 871 2208 134 dan alles vervolgens tnotteren, soo mons. sadelaer ul oose het bekent

873 950 2159 92 fijn scomt aen spreken doet ul gevallen, op dat hij niet tegen mij

914 1023 1733 73 praligeert sijt terwijlen ick geerne ben waer

576 1034 913 160 London George Coll

2096 1106 990 114 In Antwerp &mo Aptill 1681

1861 1096 88 106 t

883 1162 2128 122 S mij last to you was on the 29: past, sence non from you neither did

854 1231 2285 110 Ipercoave any thingh of the more mentioned bill, sot his onely for Lovert

879 1308 2173 106 to the inclosed bill for £50 on m. marle. maubert in London

864 1354 2170 110 att 2 uso att 35:7 for which please to procure the needfull & pass to acctt

894 1448 1762 110 f in Jshise state whilst with kinde saluts I remaine

563 1452 926 143 London  Luuy kingtley

2153 1489 952 135 In Antwarp Pbuno Aprill 1681

1590 1516 111 104 th

894 1551 2179 146 S in answer to yd of 18: pass, as soone I shall have yd advise concerning goods

847 1617 2308 145 from the north, shall send you may orders to provide a parcell, for towards the

867 1705 2207 114 latter end of this month is our uswall time to demand goods from theme

867 1755 2241 136 & seeng the hambourgh shipping then over, so supose wee shall finde goods

879 1841 2224 109 to content I am sorry, that yd clothier doth not stand to his promise indeed

881 1912 2224 103 yd writing of haueing 20 p. did in corridg mee to desire tthem, for wanted

865 1983 2184 102 an assortment &did still which is no small disapointement to mee

838 2049 2196 98 for I love to have my whare housed assorted off ull, lo in case non yett

852 2143 2221 104 send forward pray dispatch some thought itt should be butt 5 peeces

858 2181 2317 142 as best you can gett them & leave he rest there for our grecctest demand

840 2265 2187 135 for them will be att a stand in a short while nothwithstanding wee

849 2357 2203 104 have occasions for them all the yeare long, so a pemy wil may be

845 2420 2273 82 accepted off. I observe what you say as to yd kersyes to barter against

848 2470 2089 111 tjkes Ill make a tryall butt pray lett mee know the neare

870 2528 1805 136 price they cost, witth djing ball aboard & so rest on

551 2579 870 145 London Will Scuwen

1810 2618 1198 107 Ah In Antwarp Bns Aprill 81

796 2671 2200 141 aS. my last to you was on the 25 past sence recd yd of 18 ditto I take

835 2767 2116 99 notice what you say concerning the sending ferward of our callicois

852 2807 2142 97 if my instruction be observed 6 bales off cottons will bring them all

841 2904 2202 87 over, & I supose there are many bj landars now in loading, so that they

858 2965 2142 95 might be shipped all att a time & in case you iudge oele bale to little

844 3037 2154 117 in one bottom, ship 2 bales in each vessel butt make nt so that the

832 3110 2174 137 brouwed modecolleurs be first dispatched & when these all schipped

850 3186 2185 103 you will loose no knighs mony for I had butt yeasterday aletter from

817 3252 2311 135 mr. Coats, by which he did advise mee not to venter as yett till suither

825 3342 2237 132 order & that the bale seased be cleared, where fore I am not a little shy &

840 3415 2262 129 should dare not genter so, as wee die the last parcell tis the fault of p

819 3499 2299 122 of Brussels, that, that plott is discovered, whoever itt could have happined

823 3585 2194 112 to us where fore tis goods oprovided for the worst so then do as you

823 3647 2270 101 ind gebest p for I ruther pay custome then loose all as, you say I hope

819 3711 2260 160 the packett of lace is with you bij this time & thought I have no time

813 3823 2248 142 now, to send such an acett as you desire never the less you wll

826 3887 2156 151 make shilst up on my invoycer to dispose of them to content

815 3994 1548 138 whoever itt will follos pr next so remaine

3282 2634 141 138 ƒ6

3508 2696 515 98 am

3886 2792 738 154 hese pattarnes see

3696 2879 940 146 ferinstruct sons to buy north

3689 2979 905 110 elvathes & every bale to be

3721 3059 914 127 assorted as these areofwhut

3725 3146 531 132 fiist so morder

3711 3208 918 145 12 p to each patt. one of 40

3535 3300 1094 144 to 48 yd: ap. them Geall broade

3555 3382 1073 145 ewaths or long cloathes to be from

3573 3472 1061 123 4:6 to 5ƒ3 a 5:2 a yd raw to be

3567 3553 1057 141 one bale lerapp ed with 20r 3 bays

3501 3639 1083 185 2 pec. to each pattone from 3:

3546 3754 1087 136 a 10 to 4:4 raw also longcloth

3545 3863 1071 126 to be an other pack as above

3516 3941 1114 153 24 dosins to each pattarn

3544 4038 1078 137 2, to be single de sons don up

3518 4127 879 136 Moilletted fer Ea trjall

3550 4197 1016 148 these dostnsto be from 3 sta yd

3543 4291 1089 129 to 3:6: ranw, & thus wee will

3556 4383 1022 124 defist sill I hearemore from

3551 4468 1033 136 yonr whilst there grayes am

3537 4547 1015 137 alwoys good, so that yd freind

3538 4628 982 123 can never de a mis when he

3526 4723 1038 134 pickes up a good cloth of such

3558 4785 972 149 gray cullours as thes part
