8071 4581
1136 124 195 126 a

576 174 436 112 a102 4

858 201 2259 107 het selve voorder konde remitteeren doen seer geirne sal detit van ul

850 284 1426 110 remisie afwaghte & nae vndelijk grootn

2325 276 761 133 In Antwerpen 10 Aprill

556 326 1619 121 Brussel me BoneerayB: vanderklooster

832 359 2315 149 Mons. 8 deser hebbe aen ul het noodigh geschreven desen allen omte accomp

850 452 2200 167 de quitantie van £74:4:- van de wed Bouwens aen haer voor ul rek &

857 538 2208 131 order betaelt het half fen laken is mij wel geworden & op ul rek genotte

860 611 2079 170 soo iets voor valt waer in ul kan dienen gelieft te commandeer

2325 622 775 196 In Antwerp 10 Aprill

593 694 978 151 Brussel wed. Bonne roy

825 724 2260 209 jff in antwoort aenden ul van gisteren is de canten mij wel geworden sal

817 792 2296 202 eenigh van ul gatte werk tot manchest, moeten wedersend, alsoo die voor mij

866 867 2225 184 uijt de moede sijn t en hebbe wel een stuck verise crawat werck vam

860 947 2185 193 doen alwas vand ƒ10 a 12 pr a hebbe de andere kanden selves gemeten

858 1030 2224 171 overmete & soming de lenghde niet bevonden sal de naeste weke ue

2357 1092 718 199 In Antwerp: 11 Aprill

869 1158 852 144 gelt besorgen waer mede

588 1240 798 151 Mons Pr meurant

860 1221 2267 206 mons. En responce al a vre du 9 courant jay presentala lettre de £100: dep

856 1326 2214 199 Laquelle mons Donguers ma dit dexccepterr quandrre vrace me metteray

865 1384 2166 220 la parrellie somme serat fort agriable accuise que jesuis fort presse

859 1475 2167 230 pour l'argent present touschant les ƒ400: sen ay pas eu aucund

840 1535 2236 217 nouelle, si vous avet tirre laditte valeur, on me trouverat bien

871 1604 2198 228 pour cela vous pouve bien remettre la mesme valeur, etalors je

846 1653 2253 265 la satisferay, sans prend la painie devenir vous mesme si il nefoit

2518 1751 585 132 quand vous avec esey la

890 1746 2132 208 pas nour faut vre hachpe en la quelle occasion vous nue trouvera

582 1822 2460 208 derniere  servrcable pis que c'or tient son pris ordrinair, so que vous serve

2291 1917 819 194 In Antwerpen 12 Aprill

872 1999 276 119 d'adves

613 2056 638 177 London John Loyd

870 2040 2318 239 S. my last to you was on the 22: past. sence non from you this onely to accquang

865 2169 2330 190 you that I have been att gant & discoursed the needfull about yd in ordered legaturen

864 2247 2287 238 part of which I found raddy, & he hath faithfully promised mee to complent

865 2313 2291 221 the parcell next week without any further delay, there wanting onely se a rr

879 2406 2176 242 peeces so that my next shall bring you the invoyce of them: I neves saw a

865 2511 2244 195 com. so demanded as that, I have been almost with all the makers & not

865 2557 2290 233 one that would engage him self to make a parcell, oneles he hadd, or should have

872 2650 2242 195 3 monthes time for they have all more to do then, they can performe I have

889 2715 2242 236 seen orders from one cockere from London for a fast qvantitie, so that I hope

877 2812 2229 226 yd will come in time & give content which is the needfull with kinde

2320 2882 759 165 In Antwarp 12 Aprill

608 2946 796 165 London Abram vivian

1909 3028 94 71 th

893 2991 2208 184 S. my last to you was on the 5: curitt sence no post come, so non of yd

887 3095 2224 143 to answer, I hope the packett N.13 with you by this time, & could wish to

877 3159 2277 159 have yd order for some more, because wee exspect dayly an english yaght

894 3220 2180 183 here which would carrij them over verij safe & quick a gouverno. I have

882 3314 2266 187 given you orders to provide s00 white manchester bayen, assorted from

858 3367 2263 211 36 st to 45 st, besides have sent you pattarnes of 12 severall cullours,

880 3447 2187 197 accordingly to which wee want cloathes of all prijses devided in 3

890 3526 2224 229 sorts vil dosins from 3 to 3:6 pence a yd raw, broad northrens long

883 3635 2229 164 cloathes from 3„8 to 4 s a 4:4 pence a yd raw, broad, or fine northens

879 3726 2200 179 from 4:6 to 5 s a yd raw & each pack to be assorted as the pattarnes

878 3778 2236 225 sent as also dozing, northrens & broad cloathes or fine each sort by fitt

888 3905 2284 217 self as m. chipping did wel op served, & like you may see by his invoyces

905 3993 2259 192 of N.1„2:3 r in case you can gett in wath m sauell tykes

890 4080 2218 181 of leeds, itt will be our advantioge for he understandes that trads

903 4210 2217 133 very well, ovely you must recommand him to foald his cloathes

890 4263 2187 155 some what broader then he is to do, for they myst be foulded

889 4337 2135 129 about 17 enckes broad provided m'sijkes would not andertake the

3550 160 2395 128 ont iest odee ele totmy lit he hiel aeght taee

3576 259 2377 103 N. 29 & give yd orders exact enough: there is one Robert mirfield in leeds

3576 328 2383 109 which hath served mee formarly, you may yett him to bud an assortment

3555 399 2307 116 of 3 packes vin. 24 single dozins, 1z northens & 12 fine ditto

3553 462 2395 118 according to the pattarnes sent & belause you can not very well dene

3547 555 2356 121 them vrs patt. yett some others as neade to them as possible, & more

3549 594 2384 157 lively if possible, if not I'll send you others whilst promtrim you

3541 730 2343 101 could write to him above itt & tell him that they must come to

3544 783 2341 157 mee, & if he will do, he can do itt well for I have had of his goods

3548 827 2393 156 that proved well, so thatt ill write to him my self, & you may send

3547 970 2343 128 him the inclosed, if you thinck fitt butt best off all would be to have

3556 1032 2367 141 mr. tijkes  in writing of this receave yd of 25: past, I shall take

3537 1067 2423 204 care to give due order att Rotterdam for our bale N.31 butt I exspecte

3556 1205 2380 146 itt should have come with Bindar, which I understand is to saile

3555 1299 2386 169 speedly: godd send our bale wel over, for I want northren goods I am

3521 1387 2402 161 glad you recd the linnen N.13 butt I supose itt is N. 12 for N.13 was

4261 1478 133 67 th

3545 1449 2361 150 att dover butt the 9: curitt I am mighty sensibel of what I apained

3516 1536 2386 143 to the youryer vanden brock, the lord preserve all mankind of such

3536 1612 2332 180 senses, he should have been a great foole to hang him self for amistris

3550 1698 2252 132 where there are aso maniny I exspected to heard fro you & remaine

5030 1797 174 77 2

5018 1790 923 157 In Antwarp 12 April l 181

3287 1789 805 146 London Will Bindar

4352 1802 161 131 2

3513 1860 2419 154 S. in answer to yd of als fes & 28 pas. have sence ende avoured to cleare

3544 1924 2377 147 yd acctt. as well of resting goods, as standing ont debts, and hope to give an

3535 2002 2376 166 acctt. off all very speedly, whilst I am now remboursed I take not ice you

3537 2082 2280 170 mis an acctt. of sale for yd securitie shall draw out all I ded for you

3531 2178 2340 139 consecutively, where by you will finde what I receaved & what I have

3524 2256 2391 180 disposed off in which I exspect yo. shall finde noerrour & bought alobsing

3531 2319 2368 157 acctt. yett approve of my endeavours if they had been vendable, & such

3517 2433 2379 130 ware as wee usually want I could have disposed of yd iaday ortwor

3503 2462 2426 225 for good goods here is a curitt & good com. my thankes for yd proffers to serve mee

3515 2546 2422 190 when I shall have sent an acctt. of all, in case then you can provide mee a small

3511 2658 2425 127 assortment as I shall direct, shall be willing to receave a tryall whilst I remant

5076 2727 827 179 In Antwarp12 Aprill

3258 2783 969 134 London Pickering & Robinson

3516 2807 2390 166 Mess. by yd of 28 past perceave that mr. pickering was gon to the north that

3522 2912 2362 140 day & that he should take speciall care to provide the goods desired, on which

3501 2978 2421 133 I do depend, & in hopes that this may come in time to finde him there

3523 3064 2388 132 do send some pattarnes to provide so cloathes more which please to dis pasch

3525 3131 2305 140 with all speed Itake noticce what you write mee concerning the tykes I do

3513 3207 2368 180 promise & you that what soever you please to in order from mee you will

3512 3273 2405 162 have as cheap free from all charges aboard as any other shall beable to procure

3509 3382 2365 127 without any charges, which the provision incladed are no less then sost iuers

3500 3476 2347 121 apr one with an other, therefore oneles you can do some good after the rate

3498 3514 2404 182 I note them, you will never beable to advance up on them I am contended

3492 3651 2358 119 to do all I can to continew & in large our correspondency, in order where

3498 3720 2374 123 unto shall provide the mentioned 130 tykes in 2 bales each to cont: 65

3500 3813 2320 150 peeces, butt shall want att last a months time for I have the people att

3502 3887 2365 154 worck, to compleat an other assortment which will be dra mext week

3492 4009 2346 100 & then Ill lett ug such as you desire & endeavour to procure good goods

3491 4109 2401 128 to content whilst in the meane while I have abale in the presss. 14, which

3485 4196 2408 143 is to be shipped off a munday next aboard Adriaen block & doth cont. 54 peecas

3484 4274 2328 100 curious goods, them Ile consigne to you & may serve you whilst I am a

3483 4361 2324 103 providing the 130 peeces which will be don up to yd order, so shall exspects
