7927 4581
2074 168 918 105 In Antwerpen 6 Janu 1681

483 166 952 129 Brussel Hendrick De smet

751 211 2252 152 Mons. in antwoort vanden ul van 4 deser wenck ul de terse

772 304 2230 104 drogette ofte ratinne daer ul van had gesprock als Leelt tot rssel was

762 382 2328 129 sijn doort gaet weder & herte yeganck, in England op gehouden als leeft

759 452 2274 93 bij ul was had advis als dat schip al was vertrocken, sedort dat selve

754 529 2343 104 te ruyge heeft moetkeeren, soo dan in geralle voor nu met den west

766 637 2283 83 wint nieten is gearriveed tot ostend voor mij seer scadelijck sal sijn

756 696 2351 101 heb daer ordre geven om die met wagens terrewaert t senden soo haet

777 757 2313 98 die trreveren, waer van gets vernemen sulel anstonts laete wetey

482 811 1306 127 Brussel Bernaerd vander klootter

2055 841 1035 138 In Antwerpen 6 Januarj 1681

759 927 2346 126 Mons. in antwoort vande ul wensch & de perse paye oft Engelsch

762 1001 2334 83 Ratiene gelijck sij sijn, sijn tot mijn leet wesen noch niet tots stend

775 1069 2314 127 gearriveert, ende als leett tot brussel was hadaevies datse van England

756 1135 2356 125 vertrocken waren sedert p quatwedert srugge geloopen soo die arrin

778 1191 2314 97 sullen p wagen gesonden als wanneer aen ul in tijts sal advisen

765 1276 2331 92 ende soo dan niet te laet is kan ul sijn ordre senden, de witte frisor

770 1336 2299 100 kan voor 11 t niet geven het soude ten alder minste 11½ p moeten

768 1394 2311 136 wesen gelijck de kosten soo d'iersch bay noch dese weke komen sal

802 1449 830 113 ul een provve senden -

511 1464 451 163 Brussel wen

953 1516 443 111 bonnecoloj

2075 1484 1021 144 In Antwerpen 6 Janu 1681

760 1581 2336 102 op 3 deser hebbe aen ul gescreven daer aen mij referre heden de

772 1648 2325 113 2 lapen canten ontf. soo haest de andere gereetsijn gelieft mij de litte

765 1727 2316 110 te senden adviseert mij wat met de bree kanten hebbondemonen

769 1803 2307 109 soo eenigh assoot van tryall werck boven voorskon kekomen

770 1878 2260 110 soo vvan watten als mangsat begeerne noch wel 5 a 3oll dat

748 1956 2316 109 soude alleen wesen waert saken ul iets ter kant a umeest

760 2056 2340 105 trayll werck vant geene passeert scrijft advies sal in d'eijnde van dese

766 2103 1519 102 maent met godts gratie tot brussel wesen

544 2147 803 153 Leuven Joan van Obstal

2237 2177 808 144 In Antwerpen 6 Janu 81

1966 2215 154 110 mio

755 2228 2281 161 Mons. in antwoort vanden ul van P. Deser wenschen de hondert

760 2334 2277 117 Guldens p: Bodegelens gebroght sijn wel geanoteert als mede het

776 2393 2322 102 wisselbriefken van £25: tot laste van de paters inswnten middeltit

777 2466 2337 119 soo iets voor valt waer in ul kandienen gelieft liberljck te commandeer

2231 2531 862 149 In Antwerpen 6 Januar1681

495 2533 940 148 Leuven guill Le febvre

762 2632 2348 101 Mons. moet ul andermael aen maenen om mijne Restant te vol doen also

771 2697 2228 100 buijten alle mede gaet ick en kan mijne principalle daer mede geen sins

773 2745 2343 102 satisfactie geven oversulx laet mij ul versoeck nu niet lanser te deliere

754 2817 2365 141 de rest te voldoen boven dien versoeck gelieft te betaelen aen mijn broeder

763 2898 2360 147 beeraerd: melijn Aug o 50: & de lest p bode mij te senden waer op mij verlatende

2220 2979 868 149 In Antwerp 7 Janurj 1681

508 2985 853 144 Lille Richd. Southell

1482 3025 120 97 th

783 3039 2277 160 S. in answer to yd of 5 curitt I shall perused the acctt of sale for us in

755 3142 2262 77 comp. & note all things accordingly: in our acctt crits you pl case to

782 3221 2274 122 make mee debter &ort107: 3:10 for yd ½ in the proceed o 121 of

772 3285 2302 100 hose & 28 p stuffs, besides £10 for yd ½ in 10 hatts as also the proceed

767 3359 2346 126 of the bales of kersyes the times is to short to send you the perticulas

770 3445 2337 110 whoever p next you may exspect itt whilst please to send my ser

763 3532 2349 88 n acctt curitt thought not ballanced to see if I have no mistakes inne

768 3575 2325 93 so I shall exspect that without any faile. I observe yd complaints &

778 3643 2355 128 straights by reason of H.C. I must tell you, that I have been of late

770 3742 2274 106 pu blickley blamed for dealing with him nay those that en vre mee

762 3789 2346 141 dare op entley say that either he or I can not hold itt long & this steal

777 3887 2326 115 my creditt, where ford I have been obliged to take in 2 bills each of £150:

768 3944 2289 101 which I had redrawne or him & remitt them my self, for feare that

747 4039 2331 100 they might have fallen in to handes of others that are my pertie &

767 4128 2272 93 not withstanding H.C. hath drawne about £400:  so I am now

768 4175 2292 119 resolved to cleare all & lett him alsone he hath foind some boddy

771 4281 2287 90 to sul TH. which doubt less will blame mee for itt, nay if he thinkes

3564 191 2364 91 of no revange, I am sorrj for yd disapointnent I have look about thise

3527 210 2281 147 day to remitt you, butt coald nott finde & bill & the indorser in blanco:

3551 309 2376 109 I must tell you that itt should be agreat preindice to mee to accept such

3548 377 2375 103 a bill butt if you can not pray gett some boddy Elce to draw directly

3542 456 2384 81 & ill accept £100: a £150 att 2 uso or one acoording you finde the connenient

3540 514 2290 89 because for you to proffer my accepted bill on theer would certainly

3557 570 2239 119 cause an in formation affer mee a great prcubation tomy disorett

3538 650 2388 139 yett w henyeu draw direitely yo bill shall finde du honoir, I hope

3561 762 2322 103 then tH Chath set provssion or at least RW will assien

3557 808 2307 158 yeu in such eneravaae, hun if I had knownbefore

3579 897 988 123 could have precent ad itt

5008 935 868 122 In Antwerp 7 January 1681

3341 965 952 148 Cadix John Gardner &comp

3557 1039 2367 125 S. this by order of mr. Joseph Rokely of London forcorart to the inclosed bills first

3538 1130 2345 103 & second with cettifilates & protest att the charge of Daniel cothen & wijbers, as

3549 1152 2349 154 you will finde larger peruseing the same, I not haveing beenable to groceire any

3508 1230 2327 141 valew here please to follow the order of said mr. Rokely & in what occasion

3548 1334 1632 111 I can serve you here freely command him that is

5004 1365 899 116 In Antwerp 7 January 1681

3356 1366 878 143 London Joseph Robely

3539 1436 2370 120 Sr sence I have recd. yd of 29 gb last, have not been contented with what endeavours

3528 1504 2278 147 I had don nyd behalfe concerning the bill of John de commek, butt caused the

3527 1575 2264 156 papers (which you sent me to be examined againe in amanner of 2

3530 1562 2386 210 heferrence & they discharged John de coninck, because the first, or second bill

3539 1666 2369 142 was not duely protested. so that I could do no good ur on him whereffore have

3543 1730 2325 164 this day sent for spane, according to yd order to m. John gardner & comp

3526 1792 2352 153 the first & second bill with the 2 protests & the other certificates I never had

3536 1854 2376 162 or Fomd amonghst George shaw: papers, neither any other matter materials

3532 1934 2380 162 I could wish to meet on other opporturitie to do you a better & more aggrealle

3540 1998 2330 153 service whilst & wish you an happy & prosperons new year & remaine

5255 2081 654 142 In Antwarp 7 Jauu 1681

3287 2076 780 148 London Henry Maynard

4471 2150 140 75 th

3550 2142 2378 111 S my last to you was on the 4 curitt when remitted you £200: on John Lambe

3199 2198 163 138 N.

3510 2228 2340 127 £100p on will Iurret for my acctt. when the £150: you accepted for mee

3561 2307 2322 104 shall be due, shall be discharged here, where with mj curitt shall ballance very

3539 2395 2364 92 neare now for yd acctt exspect order to send more gold or byen by my last somitted

3546 2435 2322 100 forwant of time the inclosed pattarnes & instructions according to which

3541 2497 2342 136 l case to governe yd self & thought I want no spanish cloathes yett itt

3524 2570 2310 128 is in hopes, that you shall finde pennj worths & good cullours to be here

3542 2631 2319 131 in lent, wee heare no nows of Ben. Clarck I hope he heth not suffered by

3284 2696 82 101 &

3541 2705 2152 81 the late stormes: I could wish to know wherepis & so remaine

3547 2789 1351 80 anclosed the accepted bill of John vale

3262 2770 109 122 S

3535 2786 2396 169 mr. maynard These 10 pattarnes N.: a 10 are for an assortment of a bale of dolen

3505 2872 590 127 Lon piser von

3526 2925 1215 110 12 single dosins grayes from a 1 a 6

3616 2973 1416 134 4: Ditto mu sch cullore without any gray att all

3194 3049 166 91 Na

3597 3064 660 98 88 ditto modecoleurt

3534 3073 2384 130 & 24„ single Dosins to bedon up as whole northrens & packt in one bale vrapped

3283 3133 73 106 6

3664 3180 2239 103 with 30„4 white manchester bayes the se dosins to be from 2:10 pence

3272 3243 82 105 6

4420 3250 1173 99 t  3 a3:4 pence att frthes a yd

3662 3252 652 108 at fript left a yd

3539 3310 1540 120 Desides to provide 10 fijne broad clouthes

4373 3316 1536 141 N mayneard t here pattarnes serve to puck no wathen

3269 3320 68 109 e

3539 3373 289 107 as 1N:2

4387 3392 1520 119 a cloth when you finde good substantiell goods & a

3258 3401 99 115 f

3543 3449 268 74 1 asN. 2

4395 3438 1500 153 pennij worth to provide 20 a 24 p. 11 st2 a 12 p

3548 3499 251 66 1 asN. 3

3580 3457 453 159 1as N.4 ƒ 6 grays

4379 3521 1431 116 as Na toN. Lconsecutively of every patt att

3257 3559 68 101 k

3540 3585 264 77 e asN.:5

4378 3573 1488 130 least one in prijses to be from:5rg or rather

3538 3639 272 87 1 as18 60

3243 3642 88 113 d

4395 3676 1087 109 about 6 s ayd 4 a6pence more or less

3543 3642 632 113 4 modecols as N1: a10

3526 3674 870 158 soy to be cureous ley to toilletted

3509 3731 1794 185 well prest all over the cloth&, 2 as N. 62: of about 9 N a yd

4409 3799 281 83 2 asN. c

3516 3815 1713 136 nebly hand led in prijses from 1 asN. f gray of 7 payd

4414 3886 440 94 asN. il pray

4410 3832 1349 200 1 asN. hmyes of about 7:6pence a 8 ƒt

3540 3927 532 114 4 to 5 t aydraw

4408 4007 303 77 2 asN. 6

4402 3982 1358 149 2 asN. c to be of about 7 s ayd a 718 opence

4403 4104 278 94 2 us N.L

4363 4136 902 153 24: peeces or there about
