8576 4588
1172 258 2136 90 ende 3 met outlaet daer ul van scrijft, doch ul en moeste

1166 288 2209 147 maer 2½ het uijttersten besteden voor het out ende drijt voor

1167 364 2231 182 het meusalt, doet al beste, ende laet die quartie len schepe naer

1183 458 2216 191 gent gaen want mij dunckt de oncosten sijn groot, ul heeft ten

1156 546 2201 148 uijtterst en maer 5 dagen tijt, maer niet langer, want dan

1163 639 2229 154 moeste alles tot brugge sijn, ick bide verstaet het nomberen

1161 747 2223 184 oft mijn saek en endeught niet, ende sent mij een volle reken

1166 860 2140 185 ge int sijffer om mij naer te reguleren, ick moet in alles

1174 966 2174 155 hebben 5 quartielen nief, en 5 quartielen out laet dat

1198 1053 2175 126 i6 van ider sorte de helft, ende andersen magh ul dat

1162 1147 2142 138 niet doen, scrijft mij morgen par bode antwoort coft

1191 1259 2166 135 ul mijn sin verstaet, sende heden noch 2 fijne serges

1191 1355 2188 132 volgens ul stael aƒ 29: stuck slechter soorte kanich

1166 1449 2212 132 minder geven maer ick se voude u coleur niet beter

2498 1565 699 108 antw 6 13 dito 1682

893 1554 1269 142 turenhout mons verstraelen

1177 1670 2203 107 monsr volgens ul ordre sende pervoemaen rsche

1156 1728 2233 167 de andere 15 busselen wit gaven, ick hebbe ul voorgande

1181 1845 2182 128 brief ontfangen ende den in gesloten op mechelen

1187 1935 2185 159 gesonden oock een perpetuaer doen vernen doode voor

1192 2037 2197 157 screven 15 buffelen met dat voor gande macken uyt

1209 2142 346 123 200 606

2450 2157 708 202 antw. a 13 dito 1682

904 2176 871 199 brussel anthoni rochan

1182 2294 2191 153 monsr puis queon m. at contra mande la schait de dantelles

1174 2427 2178 132 nisco premier ordre il vous plaira pas de me ennoir plus de la

1162 2556 2227 117 mortie que maordonne pu est tant auuaron cont degre

1177 2629 1581 150 cet que ie suis entendant perpremiere

2806 2659 482 179 a 14 meert 1682

900 2664 599 203 Eeon mr. Witt. Hobb

1922 2781 49 79 8

1142 2780 2213 163 mij last to you was on the 11th cur. when desired you to provide for mee 12 drap cullouns, en

1165 2892 2210 114 sparrow grays cloth serges 22 yd & of al most ayd. broad with 6 or 8 fine 24 yd senges

1143 2949 2255 138 to then you might add 10 gold & blanck mixt cloth serges as browne as possible as the first

1148 3027 2247 164 you sent mee, to be one bale in all that is, provided itt could be ready to come either by

1126 3102 2265 160 John Ewincx or wills now in loading with you for ostend or Bruges, which I hope you shall

1137 3217 2249 138 be able to effect. now have before mee yd of 25 past with pattarnes & invoyce of a bale

1137 3274 2250 173 M.N.S. aboard John Ewings the contents I finde 30 mixt serges att 43 ƒ a 5 raw hine

1152 3385 2224 161 that must be a mistake, for I never had any grayes of such a rate, I supose you meane

1163 3522 2233 128 43 ƒ face, from all charges a board or elces I shall certainly loose by thene amonghst

1164 3562 2224 189 the charges is no provision included neither I have goods from other freindes that promises

1152 3658 2185 154 as well bij the patt. as yd butt in prijse no grayes above 39 ƒ 40 the sparrow gray es

1137 3739 2254 165 & the gold cullours 42,so I do wonder yd. be all 43 as will grayes as others, except you

1154 3846 2199 173 rekon them all att that rate face, aboard, after this rate I doubt I shall not finde

1135 3927 2246 198 incorridgment to leave my old way, yett I must see the goods though yett nevrhadd

1173 4022 2176 178 on saw any 22 yd serges grayes att 43 ƒ a 9. raw, I exspect yd answer & shall

1160 4154 1141 159 either remitt you, or order you to draw

5276 217 733 131 a 14 meert 1682  144

3446 215 563 139 Lenden m. Abram Vivian

3584 314 2431 121 On the 25th past, desired you to inorder a bale of fijne broad cloathes from the north, which I

3568 398 2413 128 hope you have don accordingly, though I can not butt wonder to finde no letters from you

3567 473 2430 161 so that I am altoghether in the darck how our concernes go on in the north, yett I hope

3572 555 2468 152 there is nothing omitted to send mee the bayes by finst vessel. pray lett mee heare from

3556 653 2459 157 you, & have yd approbation of the actt sent, as also my cctt. curtt. to see if wee do aggrie

3557 748 2422 144 besides in case you do not come over, so please to advise mee yd minde, if you will

3587 841 2438 150 proued in our trade, or desist, for time drawnes vere neare that wee must be bussye du

3577 925 2437 150 the north, & if you will neglect itt, I not, butt whoever lett mee know how to take mys

3570 1046 2423 144 measures, for I can not a bide to come after the fare, so in exspectation of yd answer

5499 1172 222 118 a 14d

3460 1167 910 142 Londen mr. Picheringh & Robbinson

3588 1214 2450 185 In antwer to yd of 24 pass do daylay endeavour all I can to dispose of our northrers, butt

3592 1325 2433 160 I doubt I shall be forced to banter them with tijkes, because I finde they do not amend

3583 1429 2434 157 by lying to the walles, & yett they are badd goods, that in conscience I never had the

3589 1511 2438 146 like, yd bill on louis collage is accepted & where payd shall be past to yd credit you also

3569 1664 2462 86 complaine of the tykes, butt how shall I help , I finde that wee must desist in all

3588 1716 2441 153 for never in this world went things so badd, as how they do here, there is neither trade

3587 1822 2450 124 nor mony, & yett the countrey menaced with a furious warr, besides the lamentable iindation

3591 1895 2438 151 happyned in Jan. Case, patience, where in I can be servicable unto you, or any other freind

3585 2028 613 149 truly commande

5445 2048 255 155 C 14d

3464 2132 538 169 London m. Giorge Colen

3594 2202 2416 186 I have before mee yd. of 27 past tis well that m. abram vivian shall take care for

3576 2279 2441 175 the payment of my bill on you of £72- I am promised the rest of what is standing out

3591 2384 2434 216 of m. Vivian deceased actt which whise receaved shall be remitted you, for I do all pou

3584 2476 2453 163 endeavours to gett itt in, to cleare that concerne. in case m. Lobb & comp. should drow

3590 2582 2396 171 on you for my acctt £69„13:2, you will do mee kindness to pay itt, & I'll accept yd bill

3582 2682 2416 198 for itt with provision, butt itt will be yett  before I'll order them so to do. as for

3589 2777 2417 166 cloverfeed, you shall have yd order compleated by that John Ewings be ready att Bridges

3599 2872 2442 193 you may exspect the vere best goods, & as cheap as any one can afford itt, & the particulars

3591 3026 363 160 4 suit

5561 3030 255 176 C 14d

3487 3095 1111 189 Maetnuyster mr. Phulij vander Jught

3605 3192 2413 191 Icq hebbe ul gisteren geschreeven 't gene noodigh was, waer op heden ul antwoort

3599 3296 2429 176 verwaghte. voorders hebbe nogh eene groote partije puijcq nieuw daet van doen

3600 3430 2419 115 soo gelieft ul morgen niet 't convoij van Tempst eens over te comen, ul can op

3604 3495 2441 161 eenen dagh wederom t' huys sijn, alsoo het goet getey is, ende wij sullen dan mondeiug

3596 3605 2431 124 alles ordineeren, want ick vreese dat ul mijn order niet wel en verstaet, daer

3602 3708 2429 132 en tussen valter goet nieuw haddt ul ter hant onder de ass ontrent 3½ koopt

3604 3813 2412 153 alwaer het 4000d tot dat wij mal canderen hebben gesproocken, maer ul soude

3615 3922 2300 121 morgen moeten comen, want de naeste weeke moet ick buijten stadt gaen ty
