8283 4663
799 211 2435 133 ul dat voor dien pays niet soude vercoopen. mijn swagens pys gaen seer voort, ul

795 305 1654 161 soude in tijts moeten sprecken, soo ul eenige soude gelievene

2572 401 536 182 a 21 o 1682

554 420 977 197 Brussel Judoius de Sadelaet

820 533 2385 168 Ick heb ul vergeeten te seggen as dat icq heb afgesheden van het laecken n. 1319-

808 697 2387 105 a3 ¼ voor mijn selven tot t eleet, soo gelieft daer van niet te verwonderen, maer

831 768 1802 121 volgens annor. hebbende het selve in ul credit gestelt

580 870 939 150 Mrechelen Henrij van SHersages

2681 888 184 146 21d

797 983 2400 146 In antw. aen den ul van 13 deser is 't mij leet vande claghten te looren, noghtans

815 1116 2413 105 sonde ick geerne ul consenteeren, wegens tel laken van a 33½ dat het maer meert 32 ½

820 1184 2409 117 't welck ta differeent, pas sal ul 'te laeten rabad.& maer met niet, ijts anders to

824 1285 390 123 ve iust

2710 1337 357 117 22d.

581 1327 750 201 am. Samuel de Hulter

819 1520 2411 153 19 deser was aen ul mijnen lesten, den welcken verhope ul wel is gewoorden, beneffens den

801 1610 2436 115 wissels. van 7500— a994 inb £207„ 16: 3 en tot laste laurens desquer van 14 deser

802 1722 2425 112 vervallen, 't welck 20d. gelt moet geweest hebben, soo verhope ul daer in niet en sal hebben

2224 1772 116 76 Erden

804 1792 2432 137 versuymt, & de weerde ontf, ofte bij fante, met pretest, terugh gesonden, alsoo ick gecontned

805 1918 2419 116 hebbe, morgen ofte saterdagh smorgens te bet., daer en tussen ien ul advijs morgen de

761 2022 2466 134 wegens te gemoet, al mede dat ul den incoop van de sorna segoviana sal hebben

791 2086 434 160 geeffeetiert

2764 2110 213 146 22dl

597 2184 951 177 Rotterdam Jan vander Minle

808 2311 2398 202 In antw aen den ul van 10 deser, 't is wel dae ul het betooren voor mijne rimisse sal

813 2436 2376 136 prod. tee pack lakens, tos tot contentin ontf & oock de wolle, dogh en begeere

3077 2551 67 77 2

800 2565 2398 124 geen meet van die soorte, alsoo ick nu voorde tweede mael bevinde dat tot am

809 2645 1202 139 aen best daer in kan gedient woordene

554 2713 836 170 Rijssel Rictard Southell

2741 2757 218 145 22di

805 2794 2348 207 In antwer to yd of 15th cuitt. deare freind not with standing all my endeavoras

798 2989 2390 144 I can not pas uitlout roubling you & other freinds I lave been att Brussels

796 3071 2395 118 though well 10 dayes before mij surne, a lave been dis afointed by noless then

801 3181 2404 152 ƒ 2000 - en pay, so that I am quite out of order for mony, so at p AV. do desire

819 3263 2353 135 mee not to redran, what ever they draw on mee so lave endeavoar to finde

829 3383 2329 128 mony on you att Rito, butt itt beeng so small a summe noboddy would take

803 3491 2363 154 itt att such a uine, so was forted to do itt att diso of yeasterday in my bill

804 3584 2375 146 for £100- payable to the ord. of Paulex Rircliel charin valew of Sumself, for

796 3677 2396 126 which pray give due sn, a in case att due day you can not comply with the

784 3797 2403 146 payment I promise to rembourse you, whilst in the meale while you conld do mee

791 3888 2421 170 a hindness to take our resting concernes to yd. silf, & I'll allow you savorabee condid

812 4046 2384 133 I should dularge upon the particolars of yd letter, butt I hope you do not saspces

815 4129 1416 156 mee of mistenst, or reall, in tegertie with you

5823 246 147 134 236

3319 214 711 180 Rotterdam w Hartelj

5062 257 511 171 a22 8o 1682

3484 337 2492 221 ul Cosyn n Joan Loyd van londen ord. mj aen ul eenig sculdrijen te seynden revins

3501 492 2472 173 eeenige canten alsoo de many iaght cost verwaght woort van Eng waer op Elaas blijk

3479 546 2482 232 is ginner, ende den welcke een memone heest bijul te comen, soo dint desen tot

3492 668 2457 200 advijs als dat ick morgen de selildrijen & beurtman sal seynden & de canten tegens

3470 805 2481 171 deijnsdagh smorgens bij ul te wesen gepost, oversulck gelieft mij morgen te adviseeren

3469 879 2487 241 oft d gaght gecomen is, & wanneer vertrecken sal waer naer mij sal connen eegude

3297 982 861 171 Nieupoort Mictiel de valleg

5324 1077 295 132 C 23d

3462 1134 2511 169 p bode gag van Erdenborgh slijnde ul t enckel packeen te volgen d'ord van in ant. Roussau

3495 1195 981 137 van Brussel 't welck doende blijve

3266 1259 729 194 Brussel n Rousseau

4939 1256 617 154 238b 16812

3517 1340 2425 257 iay re ccu lesvres du 21 & 22 us. le pe avec un trespertit paquerr

3513 1502 2439 152 qu el est despesche mint pour m  laport a mons. gucheroy

3475 1559 2469 191 le der avec un pacqudtto &chemine ariourd ruy p me messagierea

3479 1684 2479 114 pinporte a mons ducallego pour rivre vre ordre. pour les

3498 1733 2354 129 500  sin paais ie veurs asseume qu on e fart cette senoune

3497 1848 2416 102 a 98 ½ a ne 96 ot a95 a 2uso, com md chaeun porra in former

3488 1922 2421 126 te surs brencise qu s kersivent at paye les ƒ600: entretemp

3258 1966 977 185 BBrussel Joseph Sabbarton

5017 1978 724 148 238b 1682

4418 2017 142 126 14

3476 2102 2433 157 Inanswer toges of 21 end didenstrat this day the pachette gor

3487 2182 2461 122 mentioned, bntt sinde then ie nin come hich made mee e

3479 2278 2480 93 the geam te late lastnight, te hoever it gen please they rory ae

3462 2315 2456 176 comearded by ssumdagh prot rnlosed the £w0: acmpted yd

3454 2428 2349 116 pr enrived tar ariwed, butt not gett boonght home

3492 2497 2329 136 when see them shallene avour for yd advent dge

3463 2587 2463 122 asfer my owne, as mich perccace they avra dule cm

3282 2632 718 189 London Henry Maynaid

5332 2653 215 211 24 d

3465 2742 2475 207 mij last to you was on the 21: cuutt. sence recd. yd. of yd. I finde mive of the 1p answered

3469 2865 2463 213 butt not a word of that of the 7h, which I doubt not butt you lave reeaved also, & the

3474 3009 2452 174 valew then remitted. I shall exspect what goods I gave orders for, & faile not to send

3467 3066 2399 185 the nw. red, & E sallow marce, & otha pack whites, for these hen ae most sold

3488 3186 2434 165 I finde invoyce of a bale of Spanish cloathes abourd sslever warner: as soome as

3475 3294 2430 145 the bale of fine cloathes is compleated, please to desist in buying of spanish cloathes

3483 3353 2447 193 till further order, for I thinck them, & the rest of my orders for other goods will

3474 3450 2453 193 keer the ware touse in good assortment till next Ipring, for trade of or sale beguuis

3477 3549 2457 212 to decraise already, whilst in the intrim I'ls make n of that time to & rourde

3475 3643 873 167 monyes for yd a my acctt

4705 3678 1187 175 Inclosed £120- on van den droick &

3465 3789 2418 124 Gonband, for which pray procure the needfull, a les mee have the fanour that

3482 3886 1430 150 shis may be past to my acctt for yd prest

5044 3944 97 69 2
