8276 4663
895 228 1406 195 Menvrandum for m. Lobb to provide

842 432 2019 114 one bale to cont. 15 ps of cloth serges drap cullours or sparnow grays

1429 496 1488 112 15 p. of d serges gold cullours as the patt. benon

1416 589 1747 147 30 ps on all of cloth serges iu grys of 44 a 45 p a p race

830 648 1196 156 another bale to cont. I 5 sparrne gray es

1444 715 1741 173 5 gold cullours 25 p 22 yd serges of abous 19ƒ aps haw

1454 815 331 117 5 musens

1451 876 1775 156 5 ps of grages as the patt above some ancy lighter & some

1540 974 1325 169 browner these grayes about 37  38ƒ. care

1440 1034 194 144 3d

827 1144 1215 146 Anotha bale to cont. 10 sparrew grayes

2079 1173 933 173 15 s fabeurt 41 p aps 22yd.

1465 1230 610 119 5 geld and blacks,

1451 1307 502 125 5 pr of mushs

1427 1327 1748 209 is or of sparroe grayes 5 of 24 yd of about 58 p e p

1433 1495 376 127 30 gg

881 1602 1848 171 an othr bale to containe a tryall of perpetuanes, s

1454 1712 1164 137 5 yallow lists fine a bout 60 p a ps

1450 1798 1002 136 5 red lists fine about 54 p ef

1465 1881 835 144 5 blaw lits of abour 48 f

1465 1954 722 157 5 d of abour 40 ƒ

1427 2044 825 172 20whise perpetuancos

879 2196 2253 122 o avord all kinde of dullish yallowish sparrow grays, butt to tale lovely

2378 2291 487 128 a bale of prays

568 2271 770 158 12sb lively cullours

2258 2324 801 162 4 light levely graijs a 4 ƒt

1109 2373 548 161 one of thi 7 a 7:6

2258 2434 537 114 2 of slis a 3:6

1052 2493 493 163 one of this a7

2269 2509 690 167 2 blew gruys a 4: ƒt

2278 2630 763 166 2 guijays mey lighter

1187 2629 777 186 one of shis a 6:6 inder 7ƒ

2237 2728 577 175 a bale te cont

1045 2852 566 166 ones funder 7

2161 2886 654 165 4 dab reds of 3:6

2196 3001 608 137 2 bleus a „ 3:6

1198 3077 529 149 onceof us as 6:6

2204 3169 315 148 2 graens

1188 3202 568 130 one a6: 10 olive

2654 3206 557 202 73:6 undr 4ƒ

1154 3274 508 156 2 gras ab 7 ƒt

2333 3338 305 161 2 graij

1139 3383 540 152 one of a6. 10 ƒ

723 3376 56 156 2

2230 3430 763 162 A Marnard  P

2246 3496 965 181 one of this eothnney mor white bold

1148 3525 592 175 2 guj blever a7 st

2271 3621 676 140 one of this 9 a 10 p

1151 3680 365 163 on 6:6

2272 3715 391 102 one as 12

2244 3752 968 125 oncosthis avout t5 13 a 12:6 biutt mor

2246 3819 622 113 light eo nor yalconiey

2247 3860 670 153 sone of this about 9 a 10 ƒ

1231 3869 363 180 dne of 7ƒ

2290 3979 717 155 one ofso & one f 9ƒ

655 4010 183 199 ƒ57:

2306 4088 72 114 22

2431 4035 791 215 adrit co thoigh not soel

2304 4161 168 75 aed in

2352 4210 304 73 ef:11 a 12

2337 4201 615 170 one of 11 & one of 9 st

1280 4210 749 190 to dos abau 12 p ma

2287 4295 843 140 e £ 5:6: en on of 12

1549 4355 291 87 ete
