8105 4567
2285 189 890 114 In Antwerp en 20 Aprill

596 192 1079 133 Brussel Seger vander Borght

846 234 2354 161 Mons. desen tot covert vande facteur voor iul goedt, sijnde gepak

850 335 2320 113 in een pack S.V.BB, de 13 laken s & 3 bayen dander 12 bayden sijn

861 401 2283 172 op 4 vollen peroft ider rolle van 3 stucken, soo dat die voor een passeen

856 443 2302 177 endevraght vant pack 8 st ul tol brief is noch goet, ick hebbe tot noch

851 526 2288 172 toe geene accasie gevonden om op ul te treken waertoe soo de gelegen

851 579 2344 217 thijt bekomen ul sal laten weten, soo ul peeter bernas kant te spreken

879 677 2300 163 voor mijn vader hebt hem alleen te seggen dat hier £25 gereet is in cleijn

877 739 2238 209 gelt laet hem daer self occasie toesoeken, al soo mijn vader aen hem hier

2483 838 677 163 Antwarp 20 Aprill

874 876 1334 135 & niet te brussel moet betaelen blijve

613 952 904 141 Brussel Joseph Sabberton

821 1009 2388 139 S. I had exspected you here before now, tis onely to desire you please to send

855 1074 2329 149 mee 3 or 4 peeces of truille worck of 8 elles a pr from 30 to 60 stivers an ele

876 1119 2343 186 assorted as you know will sell in England, pray send mee some pennij worth

2462 1205 656 149 Antwerpen 20 Aprill

886 1255 1373 117 or other & that pr first whist I remaine -

617 1286 1135 165 Brussel Bernaerd vanderklooster

878 1307 2256 192 Mons. nae dat heden aen ul mijne brief had versonden soo ontfangen den

867 1379 2264 195 ul van gisteren met eenen wissel brief van 500 patt. tot loste van Jan foane

869 1431 2253 200 Dongvers den selve brief sal aen ul morgen niet protest weeerom senden

886 1485 2230 252 alsoo den voors Donguers gesteren is gebroken oversulx niet geaccept

876 1560 2195 235 ofte betaelt sal worden soo gelieft ul daerinne niet te ingageeren ck

869 1599 2281 280 hebbe tot brussel wel soo deanigh somme waert saeck ul mij dat hier konde

777 1697 2210 249 doen ontfangen soude ul dat brussel doen tellen soo nae groett

2342 1840 858 129 In Antwerpen 21 Aprill 1681

669 1887 793 146 Turnhout Peettr Vobert

886 1925 2223 142 mons. hebbe den ul van gisteren wel ontfangen, desen in antwoort

884 1998 2170 146 als dat de catoene lijnwaert noch niet sijn gekomen, maer soo haest

888 2084 2281 144 descuarriveeren sal ul een stuck toesenden, waer op ul moght verlaten

888 2161 1111 140 waer mede nae graet Blijve

2339 2189 762 136 Antwerpen Ar. 21 apli. 1681

639 2266 1088 171 Amtt mess. de Hulter & van Humrigh

872 2392 2233 142 In antwoort aen ul aeng. van 18 deser seynde ingeslooten te versoghte reeq van

881 2485 2240 148 verkoop oner de leste 60 vaten boter, de selve d'accord bevindende gelieft vervolgens

895 2606 2213 107 te notteeren, soo haest de 33 groote vaten 8 Jan Cornelisd arriveeren sal het noodige

897 2719 2121 97 daer voor besorgen, ende mijn best doen te verkoopen tot ul meestn anantaggie

889 2803 2279 131 wegens het gonde leer, en tapijten hebbe voor contf nidts connen bedingen, raeckende

896 2905 2201 133 de segrvians wolle waer van ul de monster hadde gesonden, de selve was verkoght

891 3011 2240 131 dogh daer is wat beekers a 31 ¼ alsoo mijne partije weijnigh is, aende de prove geerne

889 3106 2184 170 in 't werck seude stellen, soo is mijn versoeck sonder tijt verlaes 2 baelen gelieft te doen

887 3249 2228 149 in coopen & op 't spoedightt mij toeseynden, daer in doende als voor eijgen waer

907 3359 519 138 op mij verlaete

2400 3344 710 152 Antwerpen 21 apil

634 3436 943 141 Brussel seger vanderborght

903 3447 2252 170 mons. gisteren hebbe aen ul de rek gesonden vant goet aen ul verkoght

911 3546 2268 148 heden occcasie bekomen hebbende, hebbe op ul getroken ƒ 1200: te betalen

903 3616 2270 153 opsight p cassa aen d'ordre van mons. Joseph manuel Castilio spaiaert

908 3680 2215 168 hebbende de selve weirde alhier ontfangen ende op ul rek gestelt deere

897 3760 2255 143 van mijnen brief weert ul gerecommandeert waer in ul wijders

2459 3835 738 163 Antweopen 21 April

899 3872 1289 127 kandienen gelieft te commandeeren

630 3920 1124 140 Brussel Bernaerd randerklooster

881 3935 2275 148 monsr. volgens gisteren gen ul hebbe geschreven soo sende ul hier ingesloten

868 4030 2294 129 den wisselb van voo pat terugge feneffens protest d'welke costgs

872 4120 2297 108 die ul vanden vrint in voorderen & mij niet gelegentheyt groun

867 4203 2327 115 doen soo ul in gets anders kan dienen gelieft te commanderen

3297 179 716 115 Brussel John Jacops

4898 202 1013 98 In Antwerpen 21 aprill 1681

3527 261 2420 89 monsr hebbe gisteren aen ul het noodigh geschreven, heden ben onversins is

3566 328 2389 94 belast geworden een groote pertij gelts te betalen soo dat bij nae al mijne

3553 380 2398 109 beste vrinden hebbe moet moeylijk vallen waer ondder ul mede hebbe de vrij

3567 438 2350 109 gheet heden genomen van op ul te treken £100: vlaems op drij a 4 da

3535 493 2423 121 light p cassa aend ordre van Joseph mannel castillio het welke versoek

3567 577 2315 110 niet qualijk nemt maer de goecheyt hebt den selve brieft te voldoen

3561 637 1564 93 en ul sall in alle accasie verobligeeren &

4969 667 996 146 In Antwerpen 22 Aprill 1681

3312 678 1084 144 London Arthur Anneslay

4484 711 133 127 th

3566 777 2353 126 S. my last to you was on the 19: curitt to which please to be referred sence

3568 855 2374 128 non from you, so this cheefly for covert to the in closed pattarnes accordingly

3577 898 2383 127 to which you please to ind order from mr. wood 3 bales besides one bale of clothe

3566 991 2345 87 serges & one with perpetuancos assorted as noted by the pattarnes I hem to

3551 1081 2387 99 be schipped off att Exon for Brugges p the very first vessels that sailes

3547 1149 2356 123 that way & to before our acctt. in comp. I referre to you the fuither

3562 1165 2378 148 recommandation in ordering in. wood to privide good goods by advise of

3568 1250 2315 137 mr. Southell he doth well, where fore i supose you will im ploy hims

3566 1346 2389 115 whoever that is left to you, whilst now them I shall be gladd to heare from

3550 1409 2380 136 you how fars he shall have advanced in the proiding of them, for most

3559 1490 2357 111 all yd resting goods are sold & made good prid for them, so that Ihome

3555 1548 2363 124 you will finde content, as soone what is gett resting is sold shall send

3536 1613 2416 120 &aleare that acctt to be ginne the new on comp. haveing homore to in large

3566 1670 2368 154 mr Anneslay you please to in order 3 bales each tto cont 3o serges 22 yd wi

3533 1764 2395 91 to be assorted in cullours as these pattarnes N. 1„ 2& 3 the firft I bale in prises

3542 1844 2356 126 from 36 to 39 st apence the secondin prijses from 35 to40 st a 41 t a p

3540 1893 2404 150 the 3: bale from 40 to 44 a 45 st apeeceen butt do not tye m. word abtohal

3557 2009 2186 100 so much to the prijses as well to the cullours & good ness to

4525 2057 1248 119 to cont i5 gold cullours ditto as N.3

3537 2078 350 92 one bale

4860 2120 902 141 ayard broad, or there about

3548 2098 1088 178 20 p of the beste goods 22 yd and

3564 2143 2349 176 in prijses as best they are to be had besides one bale to cont: is gold culloured

3541 2234 2354 179 serges of 24 y as these pattarnes of N.2 good goods as best they are

3517 2370 2413 110 to be hadd the se serges to be don up, as formerty he is used to do butt foulded

3561 2374 2357 164 comer what norrower not hatt pressed butt cwold prest yett to be better prest

3541 2427 2320 166 then formarly besides to provide one bale of white perpetuanios v

3555 2522 1376 126 5 yallow lists of the best sort,

3527 2595 669 119 10 blew lists of 40

3520 2591 904 170 10 ditto of 44 a 46 st ap

3517 2726 241 107 25 p

5291 2706 609 124 3 Aprill 1681

3303 2766 778 126 London will scawen

3543 2784 2368 188 S. miy last to you was on the 15th curitte sence reed both yd of 2 &8 ditto

3544 2875 2380 143 bij which you mention that our goods intended by Adriaen Deraes who

3542 2950 2257 149 I thuck was butt them come to london I are shipt aboard Antonij

3537 2983 2408 166 derelaere & that you have send the bill of loading to mr. Coots I am sorr

3530 3044 2399 188 they did not come with michiel de raes who hath been heere 4 a5 dag

3529 3137 2395 190 ateles mee that he stayed one tyde longer att att granesande, thenon

3548 3183 2387 189 had desired him to do & complaints of preiudce happined to him there

3533 3252 2425 189 bij because had last room on his bourd to that purpose, I wonder wha

3529 3338 2398 151 you de layd shipping so long after the vale of the comp. princippally

3518 3430 2412 140 such goods as must not be dijed most our goods are sold hem and the

3526 3498 1758 133 att the time that they are most demanded I have non

3551 3589 2341 122 you draw £500: att 36:2 att 2 uso on mee yd bill I have accepted & past to

3527 3701 2339 100 my acctt. according to yd. order though I shall be butt little indebted on

3529 3745 2392 143 that acctts so that shall be due to mee on the same shall afterwards betransferred

3539 3845 2315 110 to yd whilst I do exspect to heare from you what shall be past with the

3527 3921 1701 110 rest of the goods & remaine with kinde salut
