<?xml version="1.0" encoding="UTF-8"?>
<alto xmlns:xsi="http://www.w3.org/2001/XMLSchema-instance"
      xmlns="http://www.loc.gov/standards/alto/ns-v4#"
      xmlns:page="http://schema.primaresearch.org/PAGE/gts/pagecontent/2013-07-15"
      xsi:schemaLocation="http://www.loc.gov/standards/alto/ns-v4# https://www.loc.gov/standards/alto/v4/alto.xsd">
   <Description>
      <MeasurementUnit>pixel</MeasurementUnit>
      <OCRProcessing ID="IdOcr">
         <ocrProcessingStep>
            <processingDateTime>2022-02-04T12:07:42.558+01:00</processingDateTime>
            <processingSoftware>
               <softwareCreator>READ COOP</softwareCreator>
               <softwareName>Transkribus</softwareName>
            </processingSoftware>
         </ocrProcessingStep>
      </OCRProcessing>
   </Description>
   <Layout>
      <Page ID="Page1" PHYSICAL_IMG_NR="1" HEIGHT="4561" WIDTH="8084">
         <TopMargin HEIGHT="0" WIDTH="8084" VPOS="0" HPOS="0"/>
         <LeftMargin HEIGHT="4561" WIDTH="0" VPOS="0" HPOS="0"/>
         <RightMargin HEIGHT="4561" WIDTH="0" VPOS="0" HPOS="8084"/>
         <BottomMargin HEIGHT="0" WIDTH="8084" VPOS="4561" HPOS="0"/>
         <PrintSpace HEIGHT="4561" WIDTH="8084" VPOS="0" HPOS="0">
            <TextBlock ID="region_1638885785003_2403"
                       HEIGHT="4345"
                       WIDTH="2633"
                       VPOS="97"
                       HPOS="559">
               <Shape>
                  <Polygon POINTS="559,97 3192,97 3192,4442 559,4442"/>
               </Shape>
               <TextLine ID="region_1638885785003_2403l1"
                         BASELINE="594,212 620,210 647,210 673,210 700,210 726,210 753,210 779,211 806,212 832,211 859,210 885,209 912,209 938,208 965,208 992,206"
                         HEIGHT="139"
                         WIDTH="429"
                         VPOS="132"
                         HPOS="578">
                  <String ID="string_region_1638885785003_2403l1"
                          HEIGHT="139"
                          WIDTH="429"
                          VPOS="132"
                          HPOS="578"
                          CONTENT="Rdmen e"/>
               </TextLine>
               <TextLine ID="region_1638885785003_2403l2"
                         BASELINE="2136,266 2180,264 2225,264 2269,264 2314,262 2359,262 2403,262 2448,260 2492,260 2537,260 2582,260 2626,260 2671,260 2715,260 2760,260 2805,260 2849,260 2894,260 2938,260 2983,260 3028,262"
                         HEIGHT="112"
                         WIDTH="924"
                         VPOS="193"
                         HPOS="2120">
                  <String ID="string_region_1638885785003_2403l2"
                          HEIGHT="112"
                          WIDTH="924"
                          VPOS="193"
                          HPOS="2120"
                          CONTENT="Antwarp 15 Aprill 16881"/>
               </TextLine>
               <TextLine ID="region_1638885785003_2403l3"
                         BASELINE="576,316 617,312 658,310 699,309 741,307 782,306 823,304 865,304 906,304 947,304 989,304 1030,303 1071,302 1112,302 1154,302 1195,302 1236,300 1278,298 1319,297 1360,294 1402,292"
                         HEIGHT="140"
                         WIDTH="855"
                         VPOS="222"
                         HPOS="561">
                  <String ID="string_region_1638885785003_2403l3"
                          HEIGHT="140"
                          WIDTH="855"
                          VPOS="222"
                          HPOS="561"
                          CONTENT="London Henry Collier"/>
               </TextLine>
               <TextLine ID="region_1638885785003_2403l4"
                         BASELINE="874,404 986,404 1099,406 1212,406 1325,408 1438,408 1550,410 1663,410 1776,410 1889,412 2002,412 2114,412 2227,412 2340,412 2453,412 2566,410 2678,408 2791,408 2904,406 3017,404 3130,400"
                         HEIGHT="161"
                         WIDTH="2285"
                         VPOS="290"
                         HPOS="860">
                  <String ID="string_region_1638885785003_2403l4"
                          HEIGHT="161"
                          WIDTH="2285"
                          VPOS="290"
                          HPOS="860"
                          CONTENT="S in answer to yd of P. curitt finde that the goods in N. 37 provewell"/>
               </TextLine>
               <TextLine ID="region_1638885785003_2403l5"
                         BASELINE="860,512 968,512 1077,510 1186,510 1294,510 1403,510 1512,510 1620,510 1729,510 1838,510 1947,510 2055,510 2164,509 2273,508 2381,506 2490,504 2599,502 2707,499 2816,495 2925,491 3034,486"
                         HEIGHT="146"
                         WIDTH="2207"
                         VPOS="416"
                         HPOS="843">
                  <String ID="string_region_1638885785003_2403l5"
                          HEIGHT="146"
                          WIDTH="2207"
                          VPOS="416"
                          HPOS="843"
                          CONTENT="6 pr Dearer nay more then those of N.36 whower mynsuall"/>
               </TextLine>
               <TextLine ID="region_1638885785003_2403l6"
                         BASELINE="884,612 997,610 1110,609 1223,608 1336,608 1449,608 1562,608 1675,608 1788,608 1901,606 2015,606 2128,606 2241,606 2354,604 2467,603 2580,601 2693,598 2806,596 2919,592 3032,588 3146,582"
                         HEIGHT="141"
                         WIDTH="2292"
                         VPOS="494"
                         HPOS="868">
                  <String ID="string_region_1638885785003_2403l6"
                          HEIGHT="141"
                          WIDTH="2292"
                          VPOS="494"
                          HPOS="868"
                          CONTENT="endeavour is not wanting to putt them off as best I can mr. seuthell &amp;"/>
               </TextLine>
               <TextLine ID="region_1638885785003_2403l7"
                         BASELINE="838,716 953,712 1068,710 1183,708 1298,708 1413,706 1528,706 1643,708 1758,708 1873,708 1988,708 2103,708 2218,708 2333,707 2448,706 2563,703 2678,700 2793,696 2908,690 3023,685 3138,676"
                         HEIGHT="135"
                         WIDTH="2331"
                         VPOS="633"
                         HPOS="821">
                  <String ID="string_region_1638885785003_2403l7"
                          HEIGHT="135"
                          WIDTH="2331"
                          VPOS="633"
                          HPOS="821"
                          CONTENT="I have been to ghether, &amp; promised to send some new pattarnes, which"/>
               </TextLine>
               <TextLine ID="region_1638885785003_2403l8"
                         BASELINE="842,810 954,808 1066,806 1178,804 1290,804 1403,802 1515,802 1627,802 1739,802 1851,804 1964,802 2076,802 2188,802 2300,800 2412,798 2525,794 2637,790 2749,784 2861,778 2973,769 3086,758"
                         HEIGHT="172"
                         WIDTH="2273"
                         VPOS="697"
                         HPOS="827">
                  <String ID="string_region_1638885785003_2403l8"
                          HEIGHT="172"
                          WIDTH="2273"
                          VPOS="697"
                          HPOS="827"
                          CONTENT="I Daylay exspect, when shall send you some to send forward an other"/>
               </TextLine>
               <TextLine ID="region_1638885785003_2403l9"
                         BASELINE="830,902 945,902 1060,900 1175,900 1290,900 1405,900 1520,900 1635,898 1750,898 1865,898 1980,898 2095,896 2210,894 2325,892 2440,888 2555,886 2670,880 2785,874 2900,867 3015,858 3130,848"
                         HEIGHT="151"
                         WIDTH="2329"
                         VPOS="795"
                         HPOS="816">
                  <String ID="string_region_1638885785003_2403l9"
                          HEIGHT="151"
                          WIDTH="2329"
                          VPOS="795"
                          HPOS="816"
                          CONTENT="Bale, wee have considdered, &amp; ballanced over &amp; over againe, how to do in the "/>
               </TextLine>
               <TextLine ID="region_1638885785003_2403l10"
                         BASELINE="866,992 977,992 1089,990 1201,990 1313,990 1425,990 1536,990 1648,990 1760,988 1872,988 1984,986 2095,985 2207,983 2319,980 2431,977 2543,974 2654,970 2766,964 2878,958 2990,952 3102,944"
                         HEIGHT="145"
                         WIDTH="2268"
                         VPOS="890"
                         HPOS="850">
                  <String ID="string_region_1638885785003_2403l10"
                          HEIGHT="145"
                          WIDTH="2268"
                          VPOS="890"
                          HPOS="850"
                          CONTENT="affaire of T.H. for he apsents him self, my breakes up his housd &amp; remoues"/>
               </TextLine>
               <TextLine ID="region_1638885785003_2403l11"
                         BASELINE="874,1080 986,1078 1098,1077 1210,1076 1322,1074 1434,1074 1546,1074 1658,1074 1770,1072 1882,1072 1994,1072 2106,1070 2218,1070 2330,1068 2442,1066 2554,1063 2666,1060 2778,1056 2890,1051 3002,1045 3114,1038"
                         HEIGHT="158"
                         WIDTH="2273"
                         VPOS="980"
                         HPOS="857">
                  <String ID="string_region_1638885785003_2403l11"
                          HEIGHT="158"
                          WIDTH="2273"
                          VPOS="980"
                          HPOS="857"
                          CONTENT="in to the countrey she under the name of I deletter, which is hername"/>
               </TextLine>
               <TextLine ID="region_1638885785003_2403l12"
                         BASELINE="882,1164 994,1163 1106,1162 1218,1162 1330,1162 1442,1162 1554,1162 1666,1162 1778,1162 1890,1162 2002,1162 2114,1162 2226,1160 2338,1158 2450,1154 2562,1149 2674,1145 2786,1137 2898,1130 3010,1120 3122,1108"
                         HEIGHT="152"
                         WIDTH="2273"
                         VPOS="1061"
                         HPOS="865">
                  <String ID="string_region_1638885785003_2403l12"
                          HEIGHT="152"
                          WIDTH="2273"
                          VPOS="1061"
                          HPOS="865"
                          CONTENT="hath imployd m. Southell to procure a vent I say a letter of rent butt "/>
               </TextLine>
               <TextLine ID="region_1638885785003_2403l13"
                         BASELINE="890,1252 1000,1250 1110,1248 1221,1248 1331,1248 1442,1248 1552,1248 1662,1250 1773,1250 1883,1252 1994,1252 2104,1252 2214,1250 2325,1248 2435,1245 2546,1239 2656,1234 2766,1225 2877,1215 2987,1202 3098,1188"
                         HEIGHT="145"
                         WIDTH="2239"
                         VPOS="1152"
                         HPOS="873">
                  <String ID="string_region_1638885785003_2403l13"
                          HEIGHT="145"
                          WIDTH="2239"
                          VPOS="1152"
                          HPOS="873"
                          CONTENT="itt is almost desperate, so I see no comng out except wee can yett "/>
               </TextLine>
               <TextLine ID="region_1638885785003_2403l14"
                         BASELINE="882,1336 994,1336 1106,1336 1218,1336 1330,1338 1442,1338 1554,1338 1666,1338 1778,1338 1890,1337 2002,1336 2114,1334 2226,1332 2338,1330 2450,1326 2562,1322 2674,1317 2786,1312 2898,1305 3010,1296 3122,1286"
                         HEIGHT="136"
                         WIDTH="2274"
                         VPOS="1237"
                         HPOS="865">
                  <String ID="string_region_1638885785003_2403l14"
                          HEIGHT="136"
                          WIDTH="2274"
                          VPOS="1237"
                          HPOS="865"
                          CONTENT="him some were or other arrested: I suposed, &amp; do not Doubt by this time"/>
               </TextLine>
               <TextLine ID="region_1638885785003_2403l15"
                         BASELINE="886,1422 996,1422 1106,1422 1216,1422 1326,1424 1436,1424 1546,1424 1656,1426 1766,1426 1876,1426 1986,1426 2096,1424 2206,1424 2316,1422 2426,1418 2536,1416 2646,1411 2756,1406 2866,1398 2976,1392 3086,1382"
                         HEIGHT="162"
                         WIDTH="2229"
                         VPOS="1310"
                         HPOS="871">
                  <String ID="string_region_1638885785003_2403l15"
                          HEIGHT="162"
                          WIDTH="2229"
                          VPOS="1310"
                          HPOS="871"
                          CONTENT="butt that advian De coninck be arrived I shall accept yd 2 bills for "/>
               </TextLine>
               <TextLine ID="region_1638885785003_2403l16"
                         BASELINE="866,1522 973,1522 1081,1520 1188,1520 1296,1520 1404,1520 1511,1520 1619,1520 1726,1520 1834,1520 1942,1520 2049,1518 2157,1518 2264,1514 2372,1512 2480,1507 2587,1502 2695,1495 2802,1488 2910,1479 3018,1466"
                         HEIGHT="175"
                         WIDTH="2183"
                         VPOS="1409"
                         HPOS="852">
                  <String ID="string_region_1638885785003_2403l16"
                          HEIGHT="175"
                          WIDTH="2183"
                          VPOS="1409"
                          HPOS="852"
                          CONTENT="£130: st &amp; that on John vale send for acceptunce &amp; when payd note "/>
               </TextLine>
               <TextLine ID="region_1638885785003_2403l17"
                         BASELINE="882,1622 994,1618 1106,1616 1219,1615 1331,1614 1444,1614 1556,1614 1668,1614 1781,1614 1893,1614 2006,1612 2118,1612 2230,1610 2343,1606 2455,1602 2568,1598 2680,1592 2792,1582 2905,1572 3017,1561 3130,1546"
                         HEIGHT="168"
                         WIDTH="2283"
                         VPOS="1481"
                         HPOS="864">
                  <String ID="string_region_1638885785003_2403l17"
                          HEIGHT="168"
                          WIDTH="2283"
                          VPOS="1481"
                          HPOS="864"
                          CONTENT="accordingly: mr. Southell &amp; I have fuither considdered yd rest ing cloathes"/>
               </TextLine>
               <TextLine ID="region_1638885785003_2403l18"
                         BASELINE="898,1706 1006,1706 1115,1704 1224,1704 1333,1704 1442,1706 1550,1706 1659,1706 1768,1706 1877,1706 1986,1704 2094,1704 2203,1701 2312,1698 2421,1692 2530,1688 2638,1679 2747,1671 2856,1660 2965,1647 3074,1632"
                         HEIGHT="139"
                         WIDTH="2209"
                         VPOS="1599"
                         HPOS="881">
                  <String ID="string_region_1638885785003_2403l18"
                          HEIGHT="139"
                          WIDTH="2209"
                          VPOS="1599"
                          HPOS="881"
                          CONTENT="amonghst which there is 5 peeces yeallow cullours which are not to"/>
               </TextLine>
               <TextLine ID="region_1638885785003_2403l19"
                         BASELINE="874,1792 985,1792 1097,1790 1209,1790 1321,1790 1433,1790 1544,1790 1656,1790 1768,1790 1880,1790 1992,1788 2103,1788 2215,1784 2327,1781 2439,1777 2551,1770 2662,1764 2774,1756 2886,1746 2998,1733 3110,1720"
                         HEIGHT="192"
                         WIDTH="2268"
                         VPOS="1651"
                         HPOS="858">
                  <String ID="string_region_1638885785003_2403l19"
                          HEIGHT="192"
                          WIDTH="2268"
                          VPOS="1651"
                          HPOS="858"
                          CONTENT="be sold here for halve the mony, besides one N.9 which is out of a bale "/>
               </TextLine>
               <TextLine ID="region_1638885785003_2403l20"
                         BASELINE="882,1876 993,1876 1104,1876 1216,1876 1327,1876 1439,1876 1550,1876 1661,1876 1773,1876 1884,1874 1996,1872 2107,1870 2218,1868 2330,1864 2441,1859 2553,1854 2664,1849 2775,1840 2887,1834 2998,1823 3110,1814"
                         HEIGHT="158"
                         WIDTH="2261"
                         VPOS="1765"
                         HPOS="864">
                  <String ID="string_region_1638885785003_2403l20"
                          HEIGHT="158"
                          WIDTH="2261"
                          VPOS="1765"
                          HPOS="864"
                          CONTENT="t N.6 for our acctt. in comp. &amp; don you good in the sale of said bale "/>
               </TextLine>
               <TextLine ID="region_1638885785003_2403l21"
                         BASELINE="878,1966 991,1964 1104,1963 1217,1962 1330,1962 1443,1960 1556,1960 1669,1958 1782,1958 1895,1956 2008,1954 2121,1953 2234,1950 2347,1947 2460,1942 2573,1938 2686,1933 2799,1926 2912,1918 3025,1909 3138,1898"
                         HEIGHT="177"
                         WIDTH="2290"
                         VPOS="1846"
                         HPOS="862">
                  <String ID="string_region_1638885785003_2403l21"
                          HEIGHT="177"
                          WIDTH="2290"
                          VPOS="1846"
                          HPOS="862"
                          CONTENT="so consequentsu mij cloth, as you well bee 1678: bought in June &amp; brough"/>
               </TextLine>
               <TextLine ID="region_1638885785003_2403l22"
                         BASELINE="890,2050 1001,2048 1113,2046 1225,2046 1337,2046 1449,2046 1560,2046 1672,2046 1784,2046 1896,2046 2008,2046 2119,2046 2231,2044 2343,2040 2455,2036 2567,2032 2678,2026 2790,2018 2902,2009 3014,1998 3126,1986"
                         HEIGHT="157"
                         WIDTH="2266"
                         VPOS="1954"
                         HPOS="874">
                  <String ID="string_region_1638885785003_2403l22"
                          HEIGHT="157"
                          WIDTH="2266"
                          VPOS="1954"
                          HPOS="874"
                          CONTENT="to acctt. of ab following, whoever I never could putt itt off sence &amp; before "/>
               </TextLine>
               <TextLine ID="region_1638885785003_2403l23"
                         BASELINE="882,2150 993,2146 1104,2142 1215,2140 1326,2138 1437,2138 1548,2136 1659,2136 1770,2136 1881,2134 1992,2134 2103,2132 2214,2130 2325,2126 2436,2123 2547,2118 2658,2111 2769,2102 2880,2092 2991,2080 3102,2066"
                         HEIGHT="149"
                         WIDTH="2248"
                         VPOS="2032"
                         HPOS="867">
                  <String ID="string_region_1638885785003_2403l23"
                          HEIGHT="149"
                          WIDTH="2248"
                          VPOS="2032"
                          HPOS="867"
                          CONTENT="the goods should be spoild wee forimd good to returne, them because you"/>
               </TextLine>
               <TextLine ID="region_1638885785003_2403l24"
                         BASELINE="886,2240 996,2236 1107,2232 1218,2230 1329,2228 1440,2226 1550,2224 1661,2222 1772,2222 1883,2219 1994,2217 2104,2214 2215,2210 2326,2206 2437,2201 2548,2196 2658,2188 2769,2180 2880,2169 2991,2159 3102,2144"
                         HEIGHT="185"
                         WIDTH="2247"
                         VPOS="2083"
                         HPOS="870">
                  <String ID="string_region_1638885785003_2403l24"
                          HEIGHT="185"
                          WIDTH="2247"
                          VPOS="2083"
                          HPOS="870"
                          CONTENT="will doubtless beable to make a better price for them in England for the "/>
               </TextLine>
               <TextLine ID="region_1638885785003_2403l25"
                         BASELINE="882,2328 992,2328 1103,2328 1213,2328 1324,2326 1435,2326 1545,2325 1656,2324 1766,2322 1877,2320 1988,2318 2098,2314 2209,2310 2319,2305 2430,2300 2541,2294 2651,2287 2762,2280 2872,2271 2983,2262 3094,2250"
                         HEIGHT="191"
                         WIDTH="2243"
                         VPOS="2206"
                         HPOS="866">
                  <String ID="string_region_1638885785003_2403l25"
                          HEIGHT="191"
                          WIDTH="2243"
                          VPOS="2206"
                          HPOS="866"
                          CONTENT="north contrey, thide, where that cold is still in faskion, they pay nothing "/>
               </TextLine>
               <TextLine ID="region_1638885785003_2403l26"
                         BASELINE="1998,2366 2028,2364 2058,2362"
                         HEIGHT="60"
                         WIDTH="94"
                         VPOS="2324"
                         HPOS="1982">
                  <String ID="string_region_1638885785003_2403l26"
                          HEIGHT="60"
                          WIDTH="94"
                          VPOS="2324"
                          HPOS="1982"
                          CONTENT="m"/>
               </TextLine>
               <TextLine ID="region_1638885785003_2403l27"
                         BASELINE="882,2430 995,2428 1108,2426 1221,2422 1334,2421 1448,2418 1561,2416 1674,2414 1787,2412 1900,2408 2014,2405 2127,2401 2240,2397 2353,2392 2466,2387 2580,2380 2693,2372 2806,2365 2919,2356 3032,2346 3146,2334"
                         HEIGHT="179"
                         WIDTH="2298"
                         VPOS="2274"
                         HPOS="864">
                  <String ID="string_region_1638885785003_2403l27"
                          HEIGHT="179"
                          WIDTH="2298"
                          VPOS="2274"
                          HPOS="864"
                          CONTENT="here in going out, so you may have y without charges, wherefore have packt"/>
               </TextLine>
               <TextLine ID="region_1638885785003_2403l28"
                         BASELINE="896,2524 1004,2522 1113,2518 1222,2516 1331,2512 1440,2509 1549,2506 1658,2502 1767,2498 1876,2494 1985,2490 2093,2484 2202,2481 2311,2474 2420,2469 2529,2463 2638,2457 2747,2450 2856,2443 2965,2436 3074,2428"
                         HEIGHT="179"
                         WIDTH="2213"
                         VPOS="2363"
                         HPOS="878">
                  <String ID="string_region_1638885785003_2403l28"
                          HEIGHT="179"
                          WIDTH="2213"
                          VPOS="2363"
                          HPOS="878"
                          CONTENT="y up in allle HN.1 &amp; shipped aboard Adriaen block for london accordingby "/>
               </TextLine>
               <TextLine ID="region_1638885785003_2403l29"
                         BASELINE="896,2624 1006,2618 1117,2612 1228,2608 1338,2604 1449,2600 1560,2596 1670,2594 1781,2590 1892,2586 2003,2582 2113,2578 2224,2573 2335,2567 2445,2561 2556,2554 2667,2545 2777,2536 2888,2525 2999,2513 3110,2500"
                         HEIGHT="197"
                         WIDTH="2246"
                         VPOS="2456"
                         HPOS="878">
                  <String ID="string_region_1638885785003_2403l29"
                          HEIGHT="197"
                          WIDTH="2246"
                          VPOS="2456"
                          HPOS="878"
                          CONTENT="the inclosed, bill of loading &amp; givengd acctt. of sale creditt for the number"/>
               </TextLine>
               <TextLine ID="region_1638885785003_2403l30"
                         BASELINE="890,2710 1001,2704 1112,2700 1223,2696 1334,2692 1445,2689 1556,2685 1667,2682 1778,2678 1889,2674 2000,2670 2111,2666 2222,2662 2333,2656 2444,2649 2555,2642 2666,2634 2777,2626 2888,2616 2999,2604 3110,2590"
                         HEIGHT="209"
                         WIDTH="2254"
                         VPOS="2536"
                         HPOS="873">
                  <String ID="string_region_1638885785003_2403l30"
                          HEIGHT="209"
                          WIDTH="2254"
                          VPOS="2536"
                          HPOS="873"
                          CONTENT="of 5 p &amp; you shall allow mee what you shall gett for N.9 in case you do not"/>
               </TextLine>
               <TextLine ID="region_1638885785003_2403l31"
                         BASELINE="890,2792 999,2788 1109,2786 1219,2784 1329,2782 1439,2778 1548,2776 1658,2772 1768,2769 1878,2766 1988,2762 2097,2757 2207,2751 2317,2746 2427,2740 2537,2734 2646,2727 2756,2719 2866,2711 2976,2702 3086,2690"
                         HEIGHT="216"
                         WIDTH="2228"
                         VPOS="2623"
                         HPOS="873">
                  <String ID="string_region_1638885785003_2403l31"
                          HEIGHT="216"
                          WIDTH="2228"
                          VPOS="2623"
                          HPOS="873"
                          CONTENT="approve of what wee don withaut yd order pray write in answer here off "/>
               </TextLine>
               <TextLine ID="region_1638885785003_2403l32"
                         BASELINE="878,2888 989,2884 1100,2882 1211,2878 1322,2876 1433,2872 1544,2869 1655,2866 1766,2863 1877,2859 1988,2856 2099,2850 2210,2844 2321,2838 2432,2831 2543,2824 2654,2815 2765,2805 2876,2793 2987,2781 3098,2766"
                         HEIGHT="205"
                         WIDTH="2253"
                         VPOS="2707"
                         HPOS="862">
                  <String ID="string_region_1638885785003_2403l32"
                          HEIGHT="205"
                          WIDTH="2253"
                          VPOS="2707"
                          HPOS="862"
                          CONTENT="to mr Coots to take out the goods for the ship will be att bruges att least"/>
               </TextLine>
               <TextLine ID="region_1638885785003_2403l33"
                         BASELINE="870,2984 979,2978 1089,2972 1199,2967 1309,2964 1419,2960 1528,2958 1638,2956 1748,2954 1858,2952 1968,2949 2077,2946 2187,2942 2297,2938 2407,2930 2517,2924 2626,2916 2736,2905 2846,2893 2956,2877 3066,2860"
                         HEIGHT="216"
                         WIDTH="2231"
                         VPOS="2810"
                         HPOS="852">
                  <String ID="string_region_1638885785003_2403l33"
                          HEIGHT="216"
                          WIDTH="2231"
                          VPOS="2810"
                          HPOS="852"
                          CONTENT="9 a 10 dayes hence butt mee thinkes I did the best of itt intie for the"/>
               </TextLine>
               <TextLine ID="region_1638885785003_2403l34"
                         BASELINE="886,3060 996,3060 1106,3062 1216,3062 1326,3062 1436,3060 1546,3058 1656,3055 1766,3052 1876,3048 1986,3044 2096,3038 2206,3032 2316,3025 2426,3018 2536,3012 2646,3004 2756,2996 2866,2988 2976,2979 3086,2970"
                         HEIGHT="173"
                         WIDTH="2236"
                         VPOS="2926"
                         HPOS="868">
                  <String ID="string_region_1638885785003_2403l34"
                          HEIGHT="173"
                          WIDTH="2236"
                          VPOS="2926"
                          HPOS="868"
                          CONTENT="cloathes are good &amp; better as those prijses noware, the cullours onely wee "/>
               </TextLine>
               <TextLine ID="region_1638885785003_2403l35"
                         BASELINE="898,3158 1009,3158 1120,3160 1231,3158 1342,3158 1453,3156 1564,3152 1675,3149 1786,3146 1897,3140 2008,3137 2119,3131 2230,3126 2341,3120 2452,3115 2563,3109 2674,3103 2785,3098 2896,3092 3007,3087 3118,3082"
                         HEIGHT="155"
                         WIDTH="2253"
                         VPOS="3023"
                         HPOS="880">
                  <String ID="string_region_1638885785003_2403l35"
                          HEIGHT="155"
                          WIDTH="2253"
                          VPOS="3023"
                          HPOS="880"
                          CONTENT="the blaw, yett itt is better to make the best of itt in time then toelate"/>
               </TextLine>
               <TextLine ID="region_1638885785003_2403l36"
                         BASELINE="898,3264 1008,3264 1119,3264 1230,3262 1341,3259 1452,3256 1562,3250 1673,3246 1784,3241 1895,3234 2006,3228 2116,3221 2227,3215 2338,3208 2449,3202 2560,3196 2670,3190 2781,3184 2892,3178 3003,3174 3114,3170"
                         HEIGHT="196"
                         WIDTH="2249"
                         VPOS="3104"
                         HPOS="880">
                  <String ID="string_region_1638885785003_2403l36"
                          HEIGHT="196"
                          WIDTH="2249"
                          VPOS="3104"
                          HPOS="880"
                          CONTENT="all the hest I hope to dispose of to good content I must pay this weel"/>
               </TextLine>
               <TextLine ID="region_1638885785003_2403l37"
                         BASELINE="888,3370 991,3366 1095,3360 1199,3356 1303,3351 1407,3346 1510,3341 1614,3336 1718,3330 1822,3326 1926,3319 2029,3314 2133,3308 2237,3304 2341,3298 2445,3292 2548,3288 2652,3283 2756,3278 2860,3274 2964,3270"
                         HEIGHT="228"
                         WIDTH="2111"
                         VPOS="3198"
                         HPOS="870">
                  <String ID="string_region_1638885785003_2403l37"
                          HEIGHT="228"
                          WIDTH="2111"
                          VPOS="3198"
                          HPOS="870"
                          CONTENT="for you £200: which I doubt shall be forceed to redraw &amp; so remaine"/>
               </TextLine>
               <TextLine ID="region_1638885785003_2403l38"
                         BASELINE="2226,3410 2268,3406 2310,3403 2352,3399 2394,3396 2436,3393 2478,3391 2520,3387 2562,3384 2604,3380 2646,3379 2688,3376 2730,3372 2772,3371 2814,3368 2856,3367 2898,3364 2940,3362 2982,3361 3024,3360 3066,3358"
                         HEIGHT="178"
                         WIDTH="878"
                         VPOS="3283"
                         HPOS="2204">
                  <String ID="string_region_1638885785003_2403l38"
                          HEIGHT="178"
                          WIDTH="878"
                          VPOS="3283"
                          HPOS="2204"
                          CONTENT="In Antwarp 13 Aprill 1681"/>
               </TextLine>
               <TextLine ID="region_1638885785003_2403l39"
                         BASELINE="654,3474 708,3471 762,3467 817,3462 871,3460 926,3458 980,3456 1034,3453 1089,3452 1143,3450 1198,3448 1252,3448 1306,3446 1361,3444 1415,3444 1470,3442 1524,3441 1578,3439 1633,3436 1687,3435 1742,3432"
                         HEIGHT="177"
                         WIDTH="1123"
                         VPOS="3344"
                         HPOS="637">
                  <String ID="string_region_1638885785003_2403l39"
                          HEIGHT="177"
                          WIDTH="1123"
                          VPOS="3344"
                          HPOS="637"
                          CONTENT="London Pickeriny &amp; ro brnson"/>
               </TextLine>
               <TextLine ID="region_1638885785003_2403l40"
                         BASELINE="2086,3478 2108,3478"
                         HEIGHT="76"
                         WIDTH="51"
                         VPOS="3417"
                         HPOS="2071">
                  <String ID="string_region_1638885785003_2403l40"
                          HEIGHT="76"
                          WIDTH="51"
                          VPOS="3417"
                          HPOS="2071"
                          CONTENT="h"/>
               </TextLine>
               <TextLine ID="region_1638885785003_2403l41"
                         BASELINE="870,3558 981,3553 1092,3549 1203,3544 1314,3540 1425,3536 1536,3532 1647,3528 1758,3524 1869,3520 1980,3514 2091,3510 2202,3505 2313,3500 2424,3494 2535,3489 2646,3482 2757,3476 2868,3469 2979,3462 3090,3454"
                         HEIGHT="201"
                         WIDTH="2256"
                         VPOS="3381"
                         HPOS="851">
                  <String ID="string_region_1638885785003_2403l41"
                          HEIGHT="201"
                          WIDTH="2256"
                          VPOS="3381"
                          HPOS="851"
                          CONTENT="S. my last to you was on the 12: curitt to which please to be referred"/>
               </TextLine>
               <TextLine ID="region_1638885785003_2403l42"
                         BASELINE="890,3636 1003,3632 1116,3627 1230,3622 1343,3618 1457,3614 1570,3610 1683,3606 1797,3602 1910,3596 2024,3592 2137,3588 2250,3584 2364,3579 2477,3574 2591,3570 2704,3564 2817,3560 2931,3554 3044,3549 3158,3544"
                         HEIGHT="180"
                         WIDTH="2301"
                         VPOS="3486"
                         HPOS="872">
                  <String ID="string_region_1638885785003_2403l42"
                          HEIGHT="180"
                          WIDTH="2301"
                          VPOS="3486"
                          HPOS="872"
                          CONTENT="then send you pattarnes to provide a bale of fine broad cloathes from"/>
               </TextLine>
               <TextLine ID="region_1638885785003_2403l43"
                         BASELINE="898,3722 1007,3717 1116,3712 1226,3708 1335,3703 1445,3698 1554,3693 1663,3689 1773,3684 1882,3678 1992,3674 2101,3669 2210,3664 2320,3658 2429,3653 2539,3647 2648,3642 2757,3635 2867,3629 2976,3622 3086,3616"
                         HEIGHT="187"
                         WIDTH="2217"
                         VPOS="3561"
                         HPOS="881">
                  <String ID="string_region_1638885785003_2403l43"
                          HEIGHT="187"
                          WIDTH="2217"
                          VPOS="3561"
                          HPOS="881"
                          CONTENT="the north, which I hope are sent forward by this time now to make"/>
               </TextLine>
               <TextLine ID="region_1638885785003_2403l44"
                         BASELINE="906,3806 1016,3802 1127,3798 1238,3793 1349,3788 1460,3786 1570,3782 1681,3778 1792,3775 1903,3772 2014,3768 2124,3764 2235,3760 2346,3755 2457,3749 2568,3744 2678,3738 2789,3730 2900,3721 3011,3714 3122,3702"
                         HEIGHT="188"
                         WIDTH="2247"
                         VPOS="3660"
                         HPOS="889">
                  <String ID="string_region_1638885785003_2403l44"
                          HEIGHT="188"
                          WIDTH="2247"
                          VPOS="3660"
                          HPOS="889"
                          CONTENT="aperfect trijall to see if a generall trade in northren goods shouldrak"/>
               </TextLine>
               <TextLine ID="region_1638885785003_2403l45"
                         BASELINE="906,3904 1017,3899 1129,3893 1240,3889 1352,3884 1464,3880 1575,3876 1687,3872 1798,3868 1910,3865 2022,3862 2133,3856 2245,3852 2356,3848 2468,3843 2580,3838 2691,3831 2803,3825 2914,3817 3026,3809 3138,3800"
                         HEIGHT="198"
                         WIDTH="2262"
                         VPOS="3750"
                         HPOS="888">
                  <String ID="string_region_1638885785003_2403l45"
                          HEIGHT="198"
                          WIDTH="2262"
                          VPOS="3750"
                          HPOS="888"
                          CONTENT="desire you please to inorder yd freind to buy a pack of white manchester "/>
               </TextLine>
               <TextLine ID="region_1638885785003_2403l46"
                         BASELINE="906,3990 1015,3984 1124,3980 1233,3976 1342,3974 1451,3970 1560,3968 1669,3966 1778,3964 1887,3962 1996,3960 2105,3957 2214,3954 2323,3950 2432,3946 2541,3940 2650,3934 2759,3926 2868,3917 2977,3907 3086,3894"
                         HEIGHT="201"
                         WIDTH="2210"
                         VPOS="3839"
                         HPOS="889">
                  <String ID="string_region_1638885785003_2403l46"
                          HEIGHT="201"
                          WIDTH="2210"
                          VPOS="3839"
                          HPOS="889"
                          CONTENT="bayen 25 peeces &amp; to assort itt from 38s to 48 st a peeces of such "/>
               </TextLine>
               <TextLine ID="region_1638885785003_2403l47"
                         BASELINE="910,4074 1018,4070 1127,4066 1236,4064 1345,4061 1454,4058 1562,4056 1671,4053 1780,4050 1889,4048 1998,4044 2106,4040 2215,4037 2324,4033 2433,4028 2542,4024 2650,4018 2759,4011 2868,4003 2977,3995 3086,3986"
                         HEIGHT="143"
                         WIDTH="2207"
                         VPOS="3954"
                         HPOS="895">
                  <String ID="string_region_1638885785003_2403l47"
                          HEIGHT="143"
                          WIDTH="2207"
                          VPOS="3954"
                          HPOS="895"
                          CONTENT="marckes as he shall uudge to be best penny wortless, besides an"/>
               </TextLine>
               <TextLine ID="region_1638885785003_2403l48"
                         BASELINE="902,4142 1010,4142 1118,4140 1226,4140 1334,4140 1443,4138 1551,4138 1659,4138 1767,4136 1875,4134 1984,4134 2092,4132 2200,4130 2308,4128 2416,4126 2525,4122 2633,4120 2741,4116 2849,4111 2957,4106 3066,4102"
                         HEIGHT="164"
                         WIDTH="2196"
                         VPOS="4012"
                         HPOS="887">
                  <String ID="string_region_1638885785003_2403l48"
                          HEIGHT="164"
                          WIDTH="2196"
                          VPOS="4012"
                          HPOS="887"
                          CONTENT="other bale to cont. so white kersies 22 yd ned lists of ¼ of ayd "/>
               </TextLine>
               <TextLine ID="region_1638885785003_2403l49"
                         BASELINE="890,4228 997,4228 1105,4228 1212,4228 1320,4226 1428,4226 1535,4226 1643,4224 1750,4224 1858,4222 1966,4222 2073,4220 2181,4218 2288,4217 2396,4215 2504,4213 2611,4210 2719,4208 2826,4206 2934,4202 3042,4200"
                         HEIGHT="102"
                         WIDTH="2183"
                         VPOS="4169"
                         HPOS="875">
                  <String ID="string_region_1638885785003_2403l49"
                          HEIGHT="102"
                          WIDTH="2183"
                          VPOS="4169"
                          HPOS="875"
                          CONTENT="&amp; 3enck broad att least &amp; so white kersies 3oy broaud &amp; fine al bo"/>
               </TextLine>
               <TextLine ID="region_1638885785003_2403l50"
                         BASELINE="906,4332 1016,4334 1126,4334 1236,4334 1346,4332 1456,4332 1566,4330 1676,4328 1786,4326 1896,4322 2006,4320 2116,4318 2226,4314 2336,4312 2446,4310 2556,4308 2666,4306 2776,4304 2886,4303 2996,4302 3106,4302"
                         HEIGHT="116"
                         WIDTH="2233"
                         VPOS="4231"
                         HPOS="889">
                  <String ID="string_region_1638885785003_2403l50"
                          HEIGHT="116"
                          WIDTH="2233"
                          VPOS="4231"
                          HPOS="889"
                          CONTENT="red lists so that now you have a desire to provide 3 packes of ilrertes"/>
               </TextLine>
               <TextLine ID="region_1638885785003_2403l51"
                         BASELINE="908,4444 1011,4443 1115,4442 1219,4440 1323,4440 1427,4438 1531,4436 1635,4435 1739,4434 1843,4431 1947,4430 2050,4426 2154,4424 2258,4422 2362,4418 2466,4416 2570,4413 2674,4410 2778,4406 2882,4402 2986,4398"
                         HEIGHT="137"
                         WIDTH="2108"
                         VPOS="4325"
                         HPOS="892">
                  <String ID="string_region_1638885785003_2403l51"
                          HEIGHT="137"
                          WIDTH="2108"
                          VPOS="4325"
                          HPOS="892"
                          CONTENT="one with Bayes &amp; one with kersjes which in case care brought"/>
               </TextLine>
            </TextBlock>
            <TextBlock ID="region_1638885787218_2406"
                       HEIGHT="4283"
                       WIDTH="2736"
                       VPOS="111"
                       HPOS="3275">
               <Shape>
                  <Polygon POINTS="3275,111 6011,111 6011,4394 3275,4394"/>
               </Shape>
               <TextLine ID="region_1638885787218_2406l1"
                         BASELINE="3550,272 3669,270 3788,270 3907,272 4026,272 4145,274 4264,276 4383,278 4502,280 4621,282 4740,286 4859,288 4978,290 5097,292 5216,294 5335,296 5454,298 5573,300 5692,300 5811,300 5930,300"
                         HEIGHT="119"
                         WIDTH="2413"
                         VPOS="210"
                         HPOS="3533">
                  <String ID="string_region_1638885787218_2406l1"
                          HEIGHT="119"
                          WIDTH="2413"
                          VPOS="210"
                          HPOS="3533"
                          CONTENT="In well, will render to content, butt above all wee want the bests goods"/>
               </TextLine>
               <TextLine ID="region_1638885787218_2406l2"
                         BASELINE="3570,354 3685,352 3800,350 3915,350 4030,350 4146,350 4261,352 4376,354 4491,354 4606,356 4722,358 4837,360 4952,362 5067,364 5182,366 5298,368 5413,368 5528,369 5643,370 5758,368 5874,368"
                         HEIGHT="102"
                         WIDTH="2335"
                         VPOS="307"
                         HPOS="3555">
                  <String ID="string_region_1638885787218_2406l2"
                          HEIGHT="102"
                          WIDTH="2335"
                          VPOS="307"
                          HPOS="3555"
                          CONTENT="of which when I am well served can dispose of 40„50 some times more"/>
               </TextLine>
               <TextLine ID="region_1638885787218_2406l3"
                         BASELINE="3566,438 3683,436 3801,434 3919,434 4037,432 4155,433 4273,434 4391,434 4509,436 4627,436 4745,438 4862,439 4980,440 5098,442 5216,442 5334,442 5452,442 5570,442 5688,442 5806,442 5924,440"
                         HEIGHT="134"
                         WIDTH="2388"
                         VPOS="371"
                         HPOS="3551">
                  <String ID="string_region_1638885787218_2406l3"
                          HEIGHT="134"
                          WIDTH="2388"
                          VPOS="371"
                          HPOS="3551"
                          CONTENT="packes in aycare &amp; God be thanked forind hetherto good in corridgment therem"/>
               </TextLine>
               <TextLine ID="region_1638885787218_2406l4"
                         BASELINE="3576,524 3690,520 3805,516 3920,513 4035,512 4150,512 4265,512 4380,512 4495,514 4610,516 4725,518 4839,520 4954,522 5069,524 5184,526 5299,526 5414,525 5529,524 5644,520 5759,516 5874,510"
                         HEIGHT="126"
                         WIDTH="2328"
                         VPOS="449"
                         HPOS="3560">
                  <String ID="string_region_1638885787218_2406l4"
                          HEIGHT="126"
                          WIDTH="2328"
                          VPOS="449"
                          HPOS="3560"
                          CONTENT="butt all doth depend from well buying in, dressing &amp; ordering, so leave"/>
               </TextLine>
               <TextLine ID="region_1638885787218_2406l5"
                         BASELINE="3584,600 3698,594 3813,591 3927,590 4042,588 4156,588 4271,590 4385,590 4500,592 4614,594 4729,597 4843,600 4958,602 5072,602 5187,604 5301,604 5416,602 5530,600 5645,596 5759,590 5874,584"
                         HEIGHT="101"
                         WIDTH="2322"
                         VPOS="550"
                         HPOS="3569">
                  <String ID="string_region_1638885787218_2406l5"
                          HEIGHT="101"
                          WIDTH="2322"
                          VPOS="550"
                          HPOS="3569"
                          CONTENT="the rest to you to promote yd owne intrest for when att this side, no"/>
               </TextLine>
               <TextLine ID="region_1638885787218_2406l6"
                         BASELINE="3580,672 3694,670 3809,667 3924,666 4039,666 4154,666 4268,667 4383,668 4498,670 4613,672 4728,674 4842,675 4957,676 5072,678 5187,678 5302,678 5416,678 5531,676 5646,674 5761,670 5876,666"
                         HEIGHT="127"
                         WIDTH="2325"
                         VPOS="607"
                         HPOS="3565">
                  <String ID="string_region_1638885787218_2406l6"
                          HEIGHT="127"
                          WIDTH="2325"
                          VPOS="607"
                          HPOS="3565"
                          CONTENT="endeavours are wanting to make the best of the goods, allis to be sent to"/>
               </TextLine>
               <TextLine ID="region_1638885787218_2406l7"
                         BASELINE="3580,744 3698,740 3816,739 3935,738 4053,738 4172,740 4290,740 4408,742 4527,744 4645,746 4764,748 4882,750 5000,752 5119,752 5237,752 5356,752 5474,750 5592,746 5711,742 5829,737 5948,728"
                         HEIGHT="129"
                         WIDTH="2397"
                         VPOS="649"
                         HPOS="3566">
                  <String ID="string_region_1638885787218_2406l7"
                          HEIGHT="129"
                          WIDTH="2397"
                          VPOS="649"
                          HPOS="3566"
                          CONTENT="hull, to be shipt off for ostend or bruges to my order, inclosed you have invoya "/>
               </TextLine>
               <TextLine ID="region_1638885787218_2406l8"
                         BASELINE="3574,814 3691,811 3809,810 3926,808 4044,808 4162,808 4279,810 4397,810 4514,812 4632,814 4750,814 4867,816 4985,818 5102,818 5220,818 5338,818 5455,818 5573,816 5690,812 5808,808 5926,804"
                         HEIGHT="108"
                         WIDTH="2382"
                         VPOS="750"
                         HPOS="3560">
                  <String ID="string_region_1638885787218_2406l8"
                          HEIGHT="108"
                          WIDTH="2382"
                          VPOS="750"
                          HPOS="3560"
                          CONTENT="of the bale &amp;N. 14 with tijkes cont. 55:p am to ƒ671:8 £111:17:6 which "/>
               </TextLine>
               <TextLine ID="region_1638885787218_2406l9"
                         BASELINE="3570,884 3687,884 3804,884 3922,884 4039,884 4157,885 4274,886 4391,888 4509,889 4626,890 4744,892 4861,892 4978,892 5096,892 5213,892 5331,890 5448,888 5565,884 5683,880 5800,874 5918,868"
                         HEIGHT="106"
                         WIDTH="2379"
                         VPOS="825"
                         HPOS="3554">
                  <String ID="string_region_1638885787218_2406l9"
                          HEIGHT="106"
                          WIDTH="2379"
                          VPOS="825"
                          HPOS="3554"
                          CONTENT="in case you accept off please to note accordinly in creditt, you haveing bill"/>
               </TextLine>
               <TextLine ID="region_1638885787218_2406l10"
                         BASELINE="3584,964 3698,962 3813,962 3928,960 4042,960 4157,960 4272,960 4386,960 4501,962 4616,962 4731,962 4845,962 4960,962 5075,962 5189,960 5304,960 5419,958 5533,956 5648,953 5763,950 5878,946"
                         HEIGHT="101"
                         WIDTH="2324"
                         VPOS="907"
                         HPOS="3569">
                  <String ID="string_region_1638885787218_2406l10"
                          HEIGHT="101"
                          WIDTH="2324"
                          VPOS="907"
                          HPOS="3569"
                          CONTENT="of loading also included the ship went from heme this day, butt will"/>
               </TextLine>
               <TextLine ID="region_1638885787218_2406l11"
                         BASELINE="3554,1042 3672,1042 3791,1042 3910,1042 4029,1042 4148,1042 4267,1042 4386,1042 4505,1042 4624,1040 4743,1040 4861,1040 4980,1038 5099,1038 5218,1036 5337,1033 5456,1030 5575,1026 5694,1021 5813,1016 5932,1010"
                         HEIGHT="131"
                         WIDTH="2406"
                         VPOS="940"
                         HPOS="3540">
                  <String ID="string_region_1638885787218_2406l11"
                          HEIGHT="131"
                          WIDTH="2406"
                          VPOS="940"
                          HPOS="3540"
                          CONTENT="tarry some dayes att gant &amp; bruaes, you please not to mnder valew the goods"/>
               </TextLine>
               <TextLine ID="region_1638885787218_2406l12"
                         BASELINE="3566,1134 3685,1132 3804,1130 3923,1130 4042,1130 4161,1130 4280,1130 4399,1130 4518,1130 4637,1130 4756,1130 4875,1128 4994,1128 5113,1126 5232,1124 5351,1120 5470,1116 5589,1110 5708,1104 5827,1096 5946,1086"
                         HEIGHT="165"
                         WIDTH="2411"
                         VPOS="1003"
                         HPOS="3550">
                  <String ID="string_region_1638885787218_2406l12"
                          HEIGHT="165"
                          WIDTH="2411"
                          VPOS="1003"
                          HPOS="3550"
                          CONTENT="for mr. mertens Elkins sold ihis of late 6pence &amp; some a 6 s more then formay"/>
               </TextLine>
               <TextLine ID="region_1638885787218_2406l13"
                         BASELINE="3562,1204 3678,1204 3794,1204 3911,1204 4027,1206 4144,1206 4260,1208 4376,1208 4493,1210 4609,1210 4726,1210 4842,1210 4958,1208 5075,1207 5191,1204 5308,1202 5424,1198 5540,1192 5657,1186 5773,1179 5890,1170"
                         HEIGHT="118"
                         WIDTH="2361"
                         VPOS="1099"
                         HPOS="3546">
                  <String ID="string_region_1638885787218_2406l13"
                          HEIGHT="118"
                          WIDTH="2361"
                          VPOS="1099"
                          HPOS="3546"
                          CONTENT="as I have been by acctt. sent to his correspondent here &amp; I am confident they"/>
               </TextLine>
               <TextLine ID="region_1638885787218_2406l14"
                         BASELINE="3562,1284 3680,1284 3798,1284 3917,1286 4035,1286 4154,1288 4272,1290 4390,1292 4509,1292 4627,1294 4746,1294 4864,1294 4982,1294 5101,1292 5219,1289 5338,1286 5456,1281 5574,1275 5693,1267 5811,1258 5930,1248"
                         HEIGHT="147"
                         WIDTH="2400"
                         VPOS="1191"
                         HPOS="3546">
                  <String ID="string_region_1638885787218_2406l14"
                          HEIGHT="147"
                          WIDTH="2400"
                          VPOS="1191"
                          HPOS="3546"
                          CONTENT="cost more then what I do send where fore I exspect yd encorrid gement whilst"/>
               </TextLine>
               <TextLine ID="region_1638885787218_2406l15"
                         BASELINE="3562,1374 3680,1372 3798,1370 3916,1370 4034,1370 4153,1372 4271,1372 4389,1374 4507,1375 4625,1376 4744,1376 4862,1378 4980,1376 5098,1376 5216,1373 5335,1369 5453,1364 5571,1358 5689,1348 5807,1339 5926,1326"
                         HEIGHT="155"
                         WIDTH="2394"
                         VPOS="1275"
                         HPOS="3546">
                  <String ID="string_region_1638885787218_2406l15"
                          HEIGHT="155"
                          WIDTH="2394"
                          VPOS="1275"
                          HPOS="3546"
                          CONTENT="Ill do all I can to provide the mentioned 130 peeces yett better then any befor "/>
               </TextLine>
               <TextLine ID="region_1638885787218_2406l16"
                         BASELINE="3598,1454 3623,1456 3649,1455 3675,1453 3700,1450 3726,1447 3752,1447 3778,1450"
                         HEIGHT="100"
                         WIDTH="215"
                         VPOS="1385"
                         HPOS="3579">
                  <String ID="string_region_1638885787218_2406l16"
                          HEIGHT="100"
                          WIDTH="215"
                          VPOS="1385"
                          HPOS="3579"
                          CONTENT="&amp; grest"/>
               </TextLine>
               <TextLine ID="region_1638885787218_2406l17"
                         BASELINE="5148,1504 5187,1500 5227,1498 5266,1495 5306,1492 5345,1489 5385,1488 5424,1486 5464,1484 5503,1481 5543,1479 5582,1477 5622,1474 5661,1472 5701,1469 5740,1467 5780,1463 5819,1460 5859,1456 5898,1452 5938,1448"
                         HEIGHT="122"
                         WIDTH="827"
                         VPOS="1398"
                         HPOS="5127">
                  <String ID="string_region_1638885787218_2406l17"
                          HEIGHT="122"
                          WIDTH="827"
                          VPOS="1398"
                          HPOS="5127"
                          CONTENT="In Antwerpen 16 Aprill"/>
               </TextLine>
               <TextLine ID="region_1638885787218_2406l18"
                         BASELINE="3316,1504 3352,1504 3389,1504 3426,1506 3462,1506 3499,1506 3536,1506 3572,1506 3609,1504 3646,1504 3683,1504 3719,1504 3756,1502 3793,1502 3829,1501 3866,1500 3903,1500 3939,1500 3976,1498 4013,1498 4050,1498"
                         HEIGHT="156"
                         WIDTH="764"
                         VPOS="1404"
                         HPOS="3301">
                  <String ID="string_region_1638885787218_2406l18"
                          HEIGHT="156"
                          WIDTH="764"
                          VPOS="1404"
                          HPOS="3301"
                          CONTENT="Anicolaer John Button"/>
               </TextLine>
               <TextLine ID="region_1638885787218_2406l19"
                         BASELINE="3536,1584 3651,1578 3767,1573 3883,1568 3999,1565 4115,1562 4230,1560 4346,1558 4462,1556 4578,1556 4694,1554 4809,1554 4925,1552 5041,1550 5157,1548 5273,1546 5388,1542 5504,1538 5620,1534 5736,1528 5852,1520"
                         HEIGHT="143"
                         WIDTH="2349"
                         VPOS="1452"
                         HPOS="3519">
                  <String ID="string_region_1638885787218_2406l19"
                          HEIGHT="143"
                          WIDTH="2349"
                          VPOS="1452"
                          HPOS="3519"
                          CONTENT="mons. volgens gisteren aen ul huysvrouwe hebbe gesoijt sende heden aen ul pr"/>
               </TextLine>
               <TextLine ID="region_1638885787218_2406l20"
                         BASELINE="3574,1650 3691,1646 3809,1644 3927,1642 4045,1640 4163,1638 4281,1636 4399,1636 4517,1634 4635,1632 4753,1630 4870,1628 4988,1625 5106,1622 5224,1618 5342,1614 5460,1608 5578,1603 5696,1596 5814,1588 5932,1580"
                         HEIGHT="144"
                         WIDTH="2390"
                         VPOS="1527"
                         HPOS="3558">
                  <String ID="string_region_1638885787218_2406l20"
                          HEIGHT="144"
                          WIDTH="2390"
                          VPOS="1527"
                          HPOS="3558"
                          CONTENT="bode blom maert een pack I.B. daer in 12 stucken serges daer in van de swart"/>
               </TextLine>
               <TextLine ID="region_1638885787218_2406l21"
                         BASELINE="3562,1714 3679,1712 3796,1712 3914,1710 4031,1708 4149,1706 4266,1704 4383,1702 4501,1700 4618,1697 4736,1694 4853,1691 4970,1688 5088,1684 5205,1682 5323,1678 5440,1675 5557,1672 5675,1668 5792,1665 5910,1662"
                         HEIGHT="148"
                         WIDTH="2380"
                         VPOS="1600"
                         HPOS="3547">
                  <String ID="string_region_1638885787218_2406l21"
                          HEIGHT="148"
                          WIDTH="2380"
                          VPOS="1600"
                          HPOS="3547"
                          CONTENT="&amp; beste dier te bekomen sijn, den indere soorte soude ul niet gelijken, 4 dese"/>
               </TextLine>
               <TextLine ID="region_1638885787218_2406l22"
                         BASELINE="3580,1794 3697,1789 3814,1786 3931,1784 4048,1782 4166,1780 4283,1780 4400,1780 4517,1780 4634,1780 4752,1780 4869,1780 4986,1780 5103,1782 5220,1780 5338,1780 5455,1778 5572,1776 5689,1774 5806,1770 5924,1766"
                         HEIGHT="127"
                         WIDTH="2376"
                         VPOS="1693"
                         HPOS="3564">
                  <String ID="string_region_1638885787218_2406l22"
                          HEIGHT="127"
                          WIDTH="2376"
                          VPOS="1693"
                          HPOS="3564"
                          CONTENT="en can op 2 alder uyterste niet minder geven te betaelen preeus in 3 maenden"/>
               </TextLine>
               <TextLine ID="region_1638885787218_2406l23"
                         BASELINE="3598,1868 3634,1867 3671,1866 3708,1864 3745,1864 3782,1862 3819,1862 3856,1860 3893,1860 3930,1858 3967,1857 4003,1856 4040,1856 4077,1854 4114,1853 4151,1852 4188,1852 4225,1850 4262,1850 4299,1848 4336,1848"
                         HEIGHT="114"
                         WIDTH="771"
                         VPOS="1786"
                         HPOS="3581">
                  <String ID="string_region_1638885787218_2406l23"
                          HEIGHT="114"
                          WIDTH="771"
                          VPOS="1786"
                          HPOS="3581"
                          CONTENT="permissi gelt als volght"/>
               </TextLine>
               <TextLine ID="region_1638885787218_2406l24"
                         BASELINE="5370,1894 5396,1896 5422,1896 5448,1896 5474,1894 5500,1894 5527,1894 5553,1894 5579,1894 5605,1894 5631,1894 5657,1894 5684,1896"
                         HEIGHT="134"
                         WIDTH="344"
                         VPOS="1803"
                         HPOS="5355">
                  <String ID="string_region_1638885787218_2406l24"
                          HEIGHT="134"
                          WIDTH="344"
                          VPOS="1803"
                          HPOS="5355"
                          CONTENT="ƒ 100:30"/>
               </TextLine>
               <TextLine ID="region_1638885787218_2406l25"
                         BASELINE="3594,1946 3668,1940 3742,1936 3816,1932 3890,1928 3964,1926 4038,1923 4112,1920 4186,1918 4260,1918 4335,1916 4409,1914 4483,1914 4557,1914 4631,1913 4705,1912 4779,1912 4853,1912 4927,1912 5001,1912 5076,1912"
                         HEIGHT="124"
                         WIDTH="1514"
                         VPOS="1834"
                         HPOS="3577">
                  <String ID="string_region_1638885787218_2406l25"
                          HEIGHT="124"
                          WIDTH="1514"
                          VPOS="1834"
                          HPOS="3577"
                          CONTENT="5 serges drapperie 2 mode en 1 grijs a ƒ33:10"/>
               </TextLine>
               <TextLine ID="region_1638885787218_2406l26"
                         BASELINE="5350,1970 5376,1975 5403,1977 5429,1976 5456,1973 5482,1970 5509,1965 5535,1961 5562,1956 5588,1953 5615,1950 5641,1950 5668,1952"
                         HEIGHT="95"
                         WIDTH="353"
                         VPOS="1893"
                         HPOS="5331">
                  <String ID="string_region_1638885787218_2406l26"
                          HEIGHT="95"
                          WIDTH="353"
                          VPOS="1893"
                          HPOS="5331"
                          CONTENT="„ 73:-"/>
               </TextLine>
               <TextLine ID="region_1638885787218_2406l27"
                         BASELINE="3582,2018 3656,2014 3730,2010 3805,2006 3879,2002 3954,2000 4028,1996 4102,1994 4177,1992 4251,1992 4326,1990 4400,1988 4474,1988 4549,1988 4623,1988 4698,1988 4772,1988 4846,1988 4921,1988 4995,1990 5070,1990"
                         HEIGHT="91"
                         WIDTH="1518"
                         VPOS="1937"
                         HPOS="3567">
                  <String ID="string_region_1638885787218_2406l27"
                          HEIGHT="91"
                          WIDTH="1518"
                          VPOS="1937"
                          HPOS="3567"
                          CONTENT="2 mode coleure lange breede serges 228 a ƒ 38:10"/>
               </TextLine>
               <TextLine ID="region_1638885787218_2406l28"
                         BASELINE="5326,2042 5352,2042 5378,2042 5404,2039 5430,2037 5456,2035 5482,2033 5508,2030 5534,2026 5560,2023 5586,2022 5612,2020"
                         HEIGHT="105"
                         WIDTH="325"
                         VPOS="1954"
                         HPOS="5304">
                  <String ID="string_region_1638885787218_2406l28"
                          HEIGHT="105"
                          WIDTH="325"
                          VPOS="1954"
                          HPOS="5304"
                          CONTENT="„ 114:"/>
               </TextLine>
               <TextLine ID="region_1638885787218_2406l29"
                         BASELINE="3598,2086 3672,2085 3747,2083 3822,2080 3896,2078 3971,2076 4046,2074 4120,2071 4195,2068 4270,2066 4345,2063 4419,2062 4494,2058 4569,2057 4643,2055 4718,2053 4793,2052 4867,2051 4942,2050 5017,2050 5092,2050"
                         HEIGHT="132"
                         WIDTH="1526"
                         VPOS="1994"
                         HPOS="3580">
                  <String ID="string_region_1638885787218_2406l29"
                          HEIGHT="132"
                          WIDTH="1526"
                          VPOS="1994"
                          HPOS="3580"
                          CONTENT="4 mod. coleure serges van 23 gs  a 28:10"/>
               </TextLine>
               <TextLine ID="region_1638885787218_2406l30"
                         BASELINE="5366,2106 5392,2108 5418,2108 5444,2107 5470,2105 5496,2103 5522,2100 5548,2098 5574,2095 5600,2094 5626,2094"
                         HEIGHT="91"
                         WIDTH="293"
                         VPOS="2038"
                         HPOS="5348">
                  <String ID="string_region_1638885787218_2406l30"
                          HEIGHT="91"
                          WIDTH="293"
                          VPOS="2038"
                          HPOS="5348"
                          CONTENT="„ 841"/>
               </TextLine>
               <TextLine ID="region_1638885787218_2406l31"
                         BASELINE="4772,2118 4798,2120 4824,2120 4851,2121 4877,2121 4904,2122 4930,2122 4957,2122 4983,2122 5010,2124"
                         HEIGHT="113"
                         WIDTH="270"
                         VPOS="2055"
                         HPOS="4756">
                  <String ID="string_region_1638885787218_2406l31"
                          HEIGHT="113"
                          WIDTH="270"
                          VPOS="2055"
                          HPOS="4756"
                          CONTENT="a28"/>
               </TextLine>
               <TextLine ID="region_1638885787218_2406l32"
                         BASELINE="3594,2162 3619,2164 3645,2164 3671,2163 3697,2162 3722,2160 3748,2158 3774,2157 3800,2156 3825,2154 3851,2151 3877,2150 3903,2148 3928,2148 3954,2148 3980,2148 4006,2150"
                         HEIGHT="129"
                         WIDTH="447"
                         VPOS="2083"
                         HPOS="3576">
                  <String ID="string_region_1638885787218_2406l32"
                          HEIGHT="129"
                          WIDTH="447"
                          VPOS="2083"
                          HPOS="3576"
                          CONTENT="3 ditto grijse"/>
               </TextLine>
               <TextLine ID="region_1638885787218_2406l33"
                         BASELINE="4978,2240 5016,2240 5055,2240 5094,2240 5133,2238 5172,2237 5210,2235 5249,2232 5288,2230 5327,2227 5366,2224 5404,2221 5443,2217 5482,2214 5521,2210 5560,2208 5598,2205 5637,2202 5676,2200 5715,2198 5754,2196"
                         HEIGHT="180"
                         WIDTH="812"
                         VPOS="2098"
                         HPOS="4958">
                  <String ID="string_region_1638885787218_2406l33"
                          HEIGHT="180"
                          WIDTH="812"
                          VPOS="2098"
                          HPOS="4958"
                          CONTENT="comma ƒ 372:18"/>
               </TextLine>
               <TextLine ID="region_1638885787218_2406l34"
                         BASELINE="3578,2246 3604,2248 3630,2248 3657,2248 3683,2246 3709,2246 3736,2244 3762,2242 3788,2240 3815,2238 3841,2235 3867,2233 3894,2230"
                         HEIGHT="115"
                         WIDTH="351"
                         VPOS="2178"
                         HPOS="3558">
                  <String ID="string_region_1638885787218_2406l34"
                          HEIGHT="115"
                          WIDTH="351"
                          VPOS="2178"
                          HPOS="3558"
                          CONTENT="22 salm"/>
               </TextLine>
               <TextLine ID="region_1638885787218_2406l35"
                         BASELINE="3568,2328 3681,2317 3795,2308 3909,2302 4023,2298 4137,2296 4251,2294 4365,2294 4479,2294 4593,2296 4707,2298 4820,2300 4934,2304 5048,2306 5162,2308 5276,2310 5390,2310 5504,2310 5618,2308 5732,2304 5846,2298"
                         HEIGHT="180"
                         WIDTH="2310"
                         VPOS="2195"
                         HPOS="3551">
                  <String ID="string_region_1638885787218_2406l35"
                          HEIGHT="180"
                          WIDTH="2310"
                          VPOS="2195"
                          HPOS="3551"
                          CONTENT="soo de selve ul niet aenstaen, sent se vrijlijck te leyge, want de "/>
               </TextLine>
               <TextLine ID="region_1638885787218_2406l36"
                         BASELINE="3590,2396 3705,2390 3820,2385 3936,2382 4051,2378 4167,2376 4282,2374 4397,2374 4513,2374 4628,2374 4744,2374 4859,2374 4974,2375 5090,2376 5205,2378 5321,2378 5436,2380 5551,2380 5667,2380 5782,2380 5898,2380"
                         HEIGHT="94"
                         WIDTH="2339"
                         VPOS="2317"
                         HPOS="3574">
                  <String ID="string_region_1638885787218_2406l36"
                          HEIGHT="94"
                          WIDTH="2339"
                          VPOS="2317"
                          HPOS="3574"
                          CONTENT="goederen noch dierder worden en nouwelijck goet goet opcrijgen is, soo ul "/>
               </TextLine>
               <TextLine ID="region_1638885787218_2406l37"
                         BASELINE="3542,2462 3662,2460 3783,2458 3904,2454 4024,2452 4145,2450 4266,2448 4386,2448 4507,2446 4628,2446 4749,2445 4869,2444 4990,2446 5111,2446 5231,2446 5352,2448 5473,2450 5593,2452 5714,2454 5835,2458 5956,2460"
                         HEIGHT="124"
                         WIDTH="2445"
                         VPOS="2380"
                         HPOS="3526">
                  <String ID="string_region_1638885787218_2406l37"
                          HEIGHT="124"
                          WIDTH="2445"
                          VPOS="2380"
                          HPOS="3526"
                          CONTENT="die aenstaen, sal ul een brefken seynde. om te accepteren, heb ae ulhuyste"/>
               </TextLine>
               <TextLine ID="region_1638885787218_2406l38"
                         BASELINE="3562,2534 3680,2530 3799,2528 3918,2524 4036,2522 4155,2519 4274,2518 4392,2516 4511,2514 4630,2514 4749,2512 4867,2512 4986,2514 5105,2514 5223,2516 5342,2518 5461,2520 5579,2522 5698,2526 5817,2531 5936,2536"
                         HEIGHT="97"
                         WIDTH="2403"
                         VPOS="2460"
                         HPOS="3548">
                  <String ID="string_region_1638885787218_2406l38"
                          HEIGHT="97"
                          WIDTH="2403"
                          VPOS="2460"
                          HPOS="3548"
                          CONTENT="een van ul brief kens ter handt gestelt soo verwachte de voedoeninge van dander"/>
               </TextLine>
               <TextLine ID="region_1638885787218_2406l39"
                         BASELINE="3572,2598 3687,2594 3802,2590 3917,2586 4033,2584 4148,2581 4263,2579 4379,2578 4494,2576 4609,2576 4725,2576 4840,2576 4955,2578 5070,2578 5186,2581 5301,2584 5416,2588 5532,2592 5647,2597 5762,2603 5878,2610"
                         HEIGHT="97"
                         WIDTH="2334"
                         VPOS="2530"
                         HPOS="3558">
                  <String ID="string_region_1638885787218_2406l39"
                          HEIGHT="97"
                          WIDTH="2334"
                          VPOS="2530"
                          HPOS="3558"
                          CONTENT="ter wijle wonters dese weke sal aen maenn, om gelt te hebben de 2 baelen"/>
               </TextLine>
               <TextLine ID="region_1638885787218_2406l40"
                         BASELINE="3604,2670 3715,2664 3827,2659 3939,2654 4050,2652 4162,2648 4274,2646 4385,2645 4497,2644 4609,2644 4721,2644 4832,2644 4944,2644 5056,2646 5167,2646 5279,2648 5391,2648 5502,2650 5614,2652 5726,2652 5838,2654"
                         HEIGHT="69"
                         WIDTH="2265"
                         VPOS="2616"
                         HPOS="3587">
                  <String ID="string_region_1638885787218_2406l40"
                          HEIGHT="69"
                          WIDTH="2265"
                          VPOS="2616"
                          HPOS="3587"
                          CONTENT="in wele sijn noch niet gecomen - de advies. wat de selve het minst moeten"/>
               </TextLine>
               <TextLine ID="region_1638885787218_2406l41"
                         BASELINE="3578,2748 3692,2740 3806,2734 3920,2729 4035,2724 4149,2720 4263,2718 4378,2716 4492,2714 4606,2714 4721,2714 4835,2716 4949,2716 5063,2718 5178,2718 5292,2720 5406,2722 5521,2724 5635,2726 5749,2726 5864,2728"
                         HEIGHT="85"
                         WIDTH="2319"
                         VPOS="2680"
                         HPOS="3561">
                  <String ID="string_region_1638885787218_2406l41"
                          HEIGHT="85"
                          WIDTH="2319"
                          VPOS="2680"
                          HPOS="3561"
                          CONTENT="gelden want sij moeten geen licenten oft oncosten hier betaelen voor"/>
               </TextLine>
               <TextLine ID="region_1638885787218_2406l42"
                         BASELINE="3534,2786 3559,2792 3585,2796 3610,2801 3636,2803 3662,2804 3687,2805 3713,2805 3738,2804 3764,2802 3790,2800 3815,2799 3841,2797 3866,2794 3892,2791 3918,2790 3943,2789 3969,2787 3994,2786 4020,2786 4046,2788"
                         HEIGHT="114"
                         WIDTH="545"
                         VPOS="2724"
                         HPOS="3517">
                  <String ID="string_region_1638885787218_2406l42"
                          HEIGHT="114"
                          WIDTH="545"
                          VPOS="2724"
                          HPOS="3517"
                          CONTENT="Pe governo "/>
               </TextLine>
               <TextLine ID="region_1638885787218_2406l43"
                         BASELINE="5120,2828 5157,2826 5194,2826 5231,2824 5269,2824 5306,2824 5343,2824 5381,2826 5418,2826 5455,2826 5493,2826 5530,2826 5567,2826 5604,2824 5642,2824 5679,2821 5716,2820 5754,2817 5791,2811 5828,2808 5866,2802"
                         HEIGHT="135"
                         WIDTH="778"
                         VPOS="2732"
                         HPOS="5104">
                  <String ID="string_region_1638885787218_2406l43"
                          HEIGHT="135"
                          WIDTH="778"
                          VPOS="2732"
                          HPOS="5104"
                          CONTENT="In Antw. 16 Aprill"/>
               </TextLine>
               <TextLine ID="region_1638885787218_2406l44"
                         BASELINE="3344,2882 3377,2880 3411,2880 3444,2878 3478,2878 3511,2878 3545,2878 3578,2878 3612,2878 3645,2876 3679,2876 3712,2876 3746,2876 3779,2876 3813,2876 3846,2876 3880,2875 3913,2874 3947,2874 3980,2874 4014,2872"
                         HEIGHT="158"
                         WIDTH="701"
                         VPOS="2770"
                         HPOS="3328">
                  <String ID="string_region_1638885787218_2406l44"
                          HEIGHT="158"
                          WIDTH="701"
                          VPOS="2770"
                          HPOS="3328"
                          CONTENT="Brugge Raphael Coots"/>
               </TextLine>
               <TextLine ID="region_1638885787218_2406l45"
                         BASELINE="3556,2970 3673,2966 3791,2962 3909,2959 4026,2958 4144,2956 4262,2956 4379,2956 4497,2956 4615,2956 4733,2957 4850,2957 4968,2956 5086,2956 5203,2954 5321,2952 5439,2948 5556,2942 5674,2936 5792,2928 5910,2918"
                         HEIGHT="189"
                         WIDTH="2385"
                         VPOS="2827"
                         HPOS="3540">
                  <String ID="string_region_1638885787218_2406l45"
                          HEIGHT="189"
                          WIDTH="2385"
                          VPOS="2827"
                          HPOS="3540"
                          CONTENT="mijnh. 14 deser was aen ul mijnen lesten, sedert geene van ul, nochtans had gedacht"/>
               </TextLine>
               <TextLine ID="region_1638885787218_2406l46"
                         BASELINE="3552,3058 3670,3054 3788,3049 3906,3045 4025,3042 4143,3040 4261,3039 4380,3038 4498,3038 4616,3036 4735,3036 4853,3036 4971,3036 5089,3034 5208,3032 5326,3030 5444,3027 5563,3024 5681,3018 5799,3012 5918,3004"
                         HEIGHT="154"
                         WIDTH="2398"
                         VPOS="2943"
                         HPOS="3536">
                  <String ID="string_region_1638885787218_2406l46"
                          HEIGHT="154"
                          WIDTH="2398"
                          VPOS="2943"
                          HPOS="3536"
                          CONTENT="den wisselbrief van ƒ4000 soude terugge hebben bekomen den welke dan morgen"/>
               </TextLine>
               <TextLine ID="region_1638885787218_2406l47"
                         BASELINE="3560,3146 3678,3140 3796,3135 3914,3132 4032,3128 4150,3125 4268,3122 4386,3120 4504,3118 4622,3116 4741,3114 4859,3112 4977,3112 5095,3110 5213,3108 5331,3106 5449,3104 5567,3102 5685,3100 5803,3098 5922,3096"
                         HEIGHT="150"
                         WIDTH="2394"
                         VPOS="3015"
                         HPOS="3545">
                  <String ID="string_region_1638885787218_2406l47"
                          HEIGHT="150"
                          WIDTH="2394"
                          VPOS="3015"
                          HPOS="3545"
                          CONTENT="tegemoet sien: wegens het pack AT.AN.6 hebbe noch geen advies, als alleen"/>
               </TextLine>
               <TextLine ID="region_1638885787218_2406l48"
                         BASELINE="3566,3222 3682,3218 3799,3216 3916,3214 4033,3212 4150,3210 4266,3208 4383,3206 4500,3204 4617,3202 4734,3200 4850,3197 4967,3194 5084,3192 5201,3188 5318,3184 5434,3180 5551,3177 5668,3172 5785,3166 5902,3160"
                         HEIGHT="128"
                         WIDTH="2368"
                         VPOS="3109"
                         HPOS="3551">
                  <String ID="string_region_1638885787218_2406l48"
                          HEIGHT="128"
                          WIDTH="2368"
                          VPOS="3109"
                          HPOS="3551"
                          CONTENT="voor 1MN 2„ met 12 witte perpetuanen, de welke neffens andere tegemoet "/>
               </TextLine>
               <TextLine ID="region_1638885787218_2406l49"
                         BASELINE="3556,3296 3674,3298 3792,3300 3910,3300 4029,3298 4147,3298 4265,3296 4384,3294 4502,3290 4620,3288 4739,3284 4857,3280 4975,3275 5093,3270 5212,3266 5330,3260 5448,3256 5567,3250 5685,3245 5803,3240 5922,3234"
                         HEIGHT="202"
                         WIDTH="2399"
                         VPOS="3164"
                         HPOS="3539">
                  <String ID="string_region_1638885787218_2406l49"
                          HEIGHT="202"
                          WIDTH="2399"
                          VPOS="3164"
                          HPOS="3539"
                          CONTENT="sien mr. scawen heeft tot London geladen 5 balen lijnwate aen boort Adriaen"/>
               </TextLine>
               <TextLine ID="region_1638885787218_2406l50"
                         BASELINE="3554,3386 3670,3384 3786,3382 3902,3379 4019,3378 4135,3376 4251,3374 4368,3372 4484,3370 4600,3368 4717,3366 4833,3362 4949,3359 5065,3356 5182,3352 5298,3348 5414,3342 5531,3337 5647,3330 5763,3323 5880,3314"
                         HEIGHT="149"
                         WIDTH="2359"
                         VPOS="3248"
                         HPOS="3536">
                  <String ID="string_region_1638885787218_2406l50"
                          HEIGHT="149"
                          WIDTH="2359"
                          VPOS="3248"
                          HPOS="3536"
                          CONTENT="de haes inhoudende jder bale ontrent 800 ellen ongeblijckt vande sleghste"/>
               </TextLine>
               <TextLine ID="region_1638885787218_2406l51"
                         BASELINE="3546,3458 3663,3458 3780,3458 3897,3458 4014,3456 4132,3456 4249,3454 4366,3452 4483,3452 4600,3449 4718,3446 4835,3443 4952,3440 5069,3435 5186,3430 5304,3424 5421,3419 5538,3411 5655,3404 5772,3395 5890,3386"
                         HEIGHT="180"
                         WIDTH="2377"
                         VPOS="3310"
                         HPOS="3528">
                  <String ID="string_region_1638885787218_2406l51"
                          HEIGHT="180"
                          WIDTH="2377"
                          VPOS="3310"
                          HPOS="3528"
                          CONTENT="soorte kosten dender bale ontrent £30 st ick wete niet beter of te de selve"/>
               </TextLine>
               <TextLine ID="region_1638885787218_2406l52"
                         BASELINE="3546,3534 3664,3535 3782,3536 3900,3536 4018,3536 4136,3536 4254,3536 4372,3535 4490,3534 4608,3532 4726,3528 4844,3525 4962,3521 5080,3516 5198,3510 5316,3504 5434,3498 5552,3490 5670,3481 5788,3471 5906,3460"
                         HEIGHT="151"
                         WIDTH="2391"
                         VPOS="3398"
                         HPOS="3529">
                  <String ID="string_region_1638885787218_2406l52"
                          HEIGHT="151"
                          WIDTH="2391"
                          VPOS="3398"
                          HPOS="3529"
                          CONTENT="sijn in huine matten, als voriger want hij den tijt niet heeft wille afwaghten"/>
               </TextLine>
               <TextLine ID="region_1638885787218_2406l53"
                         BASELINE="3550,3614 3668,3616 3786,3618 3905,3620 4023,3620 4142,3618 4260,3616 4378,3614 4497,3610 4615,3606 4734,3601 4852,3596 4970,3591 5089,3586 5207,3580 5326,3574 5444,3568 5562,3562 5681,3557 5799,3552 5918,3548"
                         HEIGHT="167"
                         WIDTH="2399"
                         VPOS="3490"
                         HPOS="3533">
                  <String ID="string_region_1638885787218_2406l53"
                          HEIGHT="167"
                          WIDTH="2399"
                          VPOS="3490"
                          HPOS="3533"
                          CONTENT="die te voederen, ende de winste sijn soo scrap als de on kosten betaelt worden, dat ie"/>
               </TextLine>
               <TextLine ID="region_1638885787218_2406l54"
                         BASELINE="3542,3698 3659,3698 3776,3696 3894,3696 4011,3694 4129,3692 4246,3692 4363,3690 4481,3686 4598,3684 4716,3680 4833,3678 4950,3674 5068,3669 5185,3664 5303,3660 5420,3654 5537,3648 5655,3642 5772,3634 5890,3626"
                         HEIGHT="157"
                         WIDTH="2380"
                         VPOS="3563"
                         HPOS="3526">
                  <String ID="string_region_1638885787218_2406l54"
                          HEIGHT="157"
                          WIDTH="2380"
                          VPOS="3563"
                          HPOS="3526"
                          CONTENT="bem oyens weirdich is, soo bidde ul ten arrivemente deselve opt alderminste te"/>
               </TextLine>
               <TextLine ID="region_1638885787218_2406l55"
                         BASELINE="3560,3772 3677,3770 3794,3766 3911,3764 4029,3762 4146,3762 4263,3760 4381,3758 4498,3758 4615,3758 4733,3756 4850,3756 4967,3756 5084,3754 5202,3754 5319,3752 5436,3752 5554,3750 5671,3748 5788,3746 5906,3744"
                         HEIGHT="118"
                         WIDTH="2379"
                         VPOS="3676"
                         HPOS="3544">
                  <String ID="string_region_1638885787218_2406l55"
                          HEIGHT="118"
                          WIDTH="2379"
                          VPOS="3676"
                          HPOS="3544"
                          CONTENT="minageeren eghter is geladen aen boort michel Deraes een pack M„N. 119"/>
               </TextLine>
               <TextLine ID="region_1638885787218_2406l56"
                         BASELINE="3552,3862 3670,3858 3788,3854 3906,3852 4024,3850 4142,3849 4260,3848 4378,3848 4496,3848 4614,3846 4733,3846 4851,3846 4969,3846 5087,3846 5205,3846 5323,3846 5441,3844 5559,3842 5677,3840 5795,3838 5914,3834"
                         HEIGHT="101"
                         WIDTH="2394"
                         VPOS="3771"
                         HPOS="3535">
                  <String ID="string_region_1638885787218_2406l56"
                          HEIGHT="101"
                          WIDTH="2394"
                          VPOS="3771"
                          HPOS="3535"
                          CONTENT="met ½ roode frisaerden 2 bayen vrappers Dit is gevoyert met ontrent vooelln"/>
               </TextLine>
               <TextLine ID="region_1638885787218_2406l57"
                         BASELINE="3548,3948 3665,3944 3783,3940 3901,3938 4019,3936 4137,3934 4254,3932 4372,3932 4490,3930 4608,3930 4726,3930 4843,3928 4961,3928 5079,3926 5197,3926 5315,3924 5432,3922 5550,3918 5668,3915 5786,3912 5904,3908"
                         HEIGHT="105"
                         WIDTH="2385"
                         VPOS="3850"
                         HPOS="3534">
                  <String ID="string_region_1638885787218_2406l57"
                          HEIGHT="105"
                          WIDTH="2385"
                          VPOS="3850"
                          HPOS="3534"
                          CONTENT="witt lijnwaten, wat sijde &amp; cattoene lijnwaert neus doecken ten arrivemente"/>
               </TextLine>
               <TextLine ID="region_1638885787218_2406l58"
                         BASELINE="3552,4026 3669,4022 3787,4020 3905,4016 4023,4016 4141,4014 4259,4012 4377,4012 4495,4010 4613,4010 4731,4010 4848,4008 4966,4008 5084,4006 5202,4004 5320,4001 5438,3998 5556,3994 5674,3990 5792,3984 5910,3976"
                         HEIGHT="136"
                         WIDTH="2388"
                         VPOS="3919"
                         HPOS="3536">
                  <String ID="string_region_1638885787218_2406l58"
                          HEIGHT="136"
                          WIDTH="2388"
                          VPOS="3919"
                          HPOS="3536"
                          CONTENT="idde ul voort selve sorge be dragen als voor eijgen &amp; vant gepeirde advies te geven"/>
               </TextLine>
               <TextLine ID="region_1638885787218_2406l59"
                         BASELINE="3538,4118 3652,4112 3766,4108 3881,4104 3995,4102 4110,4101 4224,4100 4338,4100 4453,4100 4567,4100 4682,4102 4796,4102 4910,4102 5025,4102 5139,4100 5254,4098 5368,4095 5482,4091 5597,4086 5711,4078 5826,4070"
                         HEIGHT="153"
                         WIDTH="2320"
                         VPOS="3987"
                         HPOS="3523">
                  <String ID="string_region_1638885787218_2406l59"
                          HEIGHT="153"
                          WIDTH="2320"
                          VPOS="3987"
                          HPOS="3523"
                          CONTENT="heb alhier af geladen aen boort Adriaen block eene packie E1N: met £"/>
               </TextLine>
               <TextLine ID="region_1638885787218_2406l60"
                         BASELINE="3552,4208 3662,4204 3772,4199 3882,4196 3993,4194 4103,4194 4213,4192 4324,4192 4434,4190 4544,4190 4655,4190 4765,4190 4875,4188 4985,4186 5096,4184 5206,4182 5316,4178 5427,4175 5537,4170 5647,4163 5758,4156"
                         HEIGHT="139"
                         WIDTH="2235"
                         VPOS="4102"
                         HPOS="3537">
                  <String ID="string_region_1638885787218_2406l60"
                          HEIGHT="139"
                          WIDTH="2235"
                          VPOS="4102"
                          HPOS="3537"
                          CONTENT="lakens die terugge sende nae london, soo i. collier ul ordonnerrde die"/>
               </TextLine>
               <TextLine ID="region_1638885787218_2406l61"
                         BASELINE="3556,4278 3616,4280 3676,4280 3736,4282 3796,4281 3857,4280 3917,4280 3977,4279 4037,4278 4097,4276 4158,4276 4218,4274 4278,4274 4338,4272 4398,4272 4459,4272 4519,4272 4579,4274 4639,4276 4699,4276 4760,4280"
                         HEIGHT="132"
                         WIDTH="1236"
                         VPOS="4208"
                         HPOS="3539">
                  <String ID="string_region_1638885787218_2406l61"
                          HEIGHT="132"
                          WIDTH="1236"
                          VPOS="4208"
                          HPOS="3539"
                          CONTENT="te ontladen, ul kan sijn ordre volgen"/>
               </TextLine>
            </TextBlock>
         </PrintSpace>
      </Page>
   </Layout>
</alto>
