8440 4663
1018 274 2251 83 geerne gesien, dat thomas Elsdon salvo was gearriveert mijne

1013 346 2278 107 packen wewaght neffens andere tot London, aen boort thomas barber

1008 441 2016 74 is voor mij geladen een pack MN.31 met 12 witte cottons

2074 471 1198 117 N. 32 met 14 en kele gemengelde frisaerde

1008 535 2074 116 sij sijn op gemaeckt my eijnde gelijk voor dese noch hebbe gehadt

984 647 2321 106 stem aen boort Beni clarck MN33 met ½ & ½ gemengelde spaense

1002 716 2278 89 lakens & 2 wolle blauw die oock onder de gemengelde passeeren alsoo die

1016 786 2263 79 eerst in de wolle geverft sijn alvovers die gemackt sijn als andere coleure

1005 869 2254 107 soo dat N.33  ½ lakens be helft den arrivemente gelieft voor

1023 875 2256 153 teen & dander het noodigh te besorgen & mij adroiture te sonden verlange

1028 986 1695 123 j goederen van hull wat passeirt verneme geirne

2720 978 516 164 @ 23 Juy 1681

743 1020 1112 142 Brussel Bernaerd. vanderklooster

1024 1081 2272 163 mons. in antwoort aenden ul van 19 deser wat aen gaet de bayen en wetemen

1030 1157 2262 140 koeimantvoor dat gelt ul beter soude konnen dienen want waert saecke

1007 1211 2264 167 dat ul die selfs had te verkoopen ul soude voor een soo weijnigh profijt

1015 1299 2276 136 niet wille over laten & al wat ick doen is om de colantie te ander houden

1020 1360 2237 153 soo dat ick hoge alles tot contentecent sal onder vinden wat belanght

1021 1424 2258 142 het bruijn fijn laken tot ƒ5:5:1a is seer goede koop & uytterste dat selve

1016 1472 2251 168 magh verkoght worden niet te min hebbe dat ul gesonden op sijn besien

1020 1545 2270 168 in de 2 feu bayen gepackt is N. 183 a 29 ¼ a 39 a ƒ5:3 a ƒ209:77

2486 1604 804 126 voor rabat van 8 15:3

2786 1680 514 112 Comt 183:8

1016 1728 1103 131 voort aen slagen droogen & op doen

1011 1791 2271 157 ul sal meer als een a goede maet vinde te geene samen ƒ186:3

1010 1881 2261 137 oock groot advantagie is boven dien fijn e goet soo ul niet aenstaet

1031 1958 2198 159 sal daer van disponeere als ick binne 50 a 14 daren over komen doch

1036 2027 2184 140 wille hope dat ul in alles wel sal bevallen terwijlen blijve

2673 2102 454 147 a 25 ditto

740 2112 1094 150 Brussel Anna maria Deros

1014 2181 2268 146 Meiouff gistere hebbe pr beurtschip aen ul gesonden een pack gemen

1029 2256 2234 163 SMN.1 onet selve te xpiedeeren na bergen lenjous a mons. Bebastiaen

1036 2318 2249 165 martii, stelde den onkost opsijne Rek a voort mich goede sorge dragen

2672 2390 532 132 l@ 24 July 1681

1036 2449 664 93 sal ul verobligeeren

745 2475 680 139 Leuren Joan de Goede

1026 2524 2181 138 mons. in antwoort aenden ul van 14 deser hebbe heden pr. bode bernaerd schorels

1040 2597 2135 150 gesonden eene dicken bree & witte bay die costen moet ƒ33: de

1037 2660 2209 151 niet twijffele ofte sal aen ul tot contentement dienen alhoewel den

1032 2738 2207 126 voor dese gesonden ul te sleght valt tot wit soo kan ul den selve doen

1041 2794 2194 130 verven & aergers ioders imploge omdat ick geen errure in mijn

1025 2851 2207 144 boek maken want de baijen ul altijt noodegh heeft nayt hij & goet

1031 2902 2116 170 & goede koop, soo haest de perpetuane gedaen sijn salse ul toesenden

2694 2975 474 130 @ 24 July 1681

766 3016 1067 139 Amsterd De Hulter & van Homright

1029 3052 2206 146 ins. in antwoort aenden ul van 7 deser heb nae veel moeyte u boter

1031 3149 2260 91 verkooht a ƒ10:15 p cento op 4 maende & alsoo niet meerder van menrt

1034 3209 2221 122 koude bedinghe hope tot contentement sal sijn deselve wort om onserh

1028 3287 2234 117 dagen eerst aenstaende maendagh gelevert als wanneer cocht geene

1025 3339 2221 174 op mijn rek debet ben sal remitteeren, hebbende tot noch toe geencleyn

1022 3439 2262 158 pertije konnen vinden, de woll en hebom beletselen noch niet komen

1041 3516 2144 133 examineeren waer van pr. naest breeder, de winkel houders clagen

1031 3560 2236 169 over de cleijne rattiens soo dat ul genegen was meerde te sende raede soude

1044 3708 2136 99 vande groote soorte omdat sij deer toe meerder inclineeren, terwijlen

2606 3739 507 121 @ 25 ditto 160:

761 3735 841 155 N1 cuporte nuchiel vallego

1055 3828 2126 103 monsr. ul aengename van 13 deser is mu t sijnder tijde geworden geerne gesed

1039 3887 2139 123 dat ul packettie N. 18 had ontfangen & tselve vervolgens over dovers souder

1055 3965 2180 121 expedieren de welke hope voor nu tot london in salueis ul had voort selve

1047 4030 2190 135 packen geen port betaelt ick hebbe alle depaxken die tot noch toe hebbe

1048 4105 2204 163 gesonde gefrancqueert oversulx hope dat geen bode die selve u gebroght

1027 4167 2239 139 hebbe ul daer iets voor heb doen betaelen, tgeene ul noyt sal gesienen t

1048 4253 2180 150 doen ten sij dat sulx u perticulierlijk adviseert als heden senden aen ul

1048 4327 2173 143 een parcken EFWN voor reke van mons. Edmond wannerd

3540 174 2428 148 e de e „0 da ae heaeles maetan enmptrme t hlte aelle musel hale me

3547 273 2422 120 gelieft te betalen & met den voors warner daer over te corrrispondeeren alsoo

3534 337 2367 85 voor den selve noch meerde staen te volgen waermede nae groet blijve

5454 429 447 102 @ 26 July 81

3347 411 584 114 London John Shaw

3546 459 2358 134 Sr. what here above is coppy of my letter sent you, &itt seems itt gave not the

3529 520 2434 156 desired content, so have onely to add that up on examination of the notoriall att out

3536 630 2427 100 of the books of yd mele of the £17:12:5 that itt be made wright: & ext moted

3542 683 1397 123 by a sworne no tsary & so remaine

5391 668 558 146 a 26 Juy 1681

3384 742 890 135 London pickering & Robinson

3559 791 2385 138 Sr. in answer to yd of 11 curitt I have opened the pack of bayes most part of which is

3552 864 2436 142 sold. as also the kersies boath which prove indifferente well and will rendre accordingly

3535 974 2434 63 the lowest prised northrens are also well bought, butt not att all drest & press

3553 1040 2431 70 to my minde, much less the finer sort, whoever shall endeavour to putt off all

3543 1037 2441 148 before winter: I may assure you that I am served much better in all respects

3558 1136 2351 109 in the northren cloathes from other handes which makes the proffitt exeeed

3543 1178 2361 130 by 5 a 6 p. and good & well conditioned goods sell alwayes first & lest

3546 1238 2473 120 whoever I hope you will finde yd acctt. towards which you may be confident

3547 1345 2312 77 that no endeavour shall be wanting on my side I observe what you write

3565 1309 2401 168 concerning tykes I do not know what acctt those finde that bestow 5 & 6 Pet.

3564 1414 2394 153 more then I do besides now yara or thread from silesia(of which tijkes are

3561 1511 2375 98 made is risen 20 Bct. as easely you may be informed off in london in

3547 1554 2407 150 somuch that now I must pay for the least 10 stivers a peece more then

3543 1622 2387 135 formelj you complaine of the 3 seales as true that as I write thi

3539 1677 2434 147 I have payd for 6 peeces last markette day ƒ28: a peece & less I can not deliver

3560 1742 2401 135 them now: so if you please not to have the 4p. returne them reely for

3568 1826 2388 118 I shall make more of them here & though I have bought above 100 p yett

3565 1847 2414 168 know verij well to putt y off att higher rates whoever to serve you, in case

3567 1986 2367 109 you please I shall sende you the 65 p. you desired in a ½nights time viz

3629 2027 1848 148 30 p.  great lead att ƒ13:16 st fros aboard att Brugges

3564 2119 1097 108 „15 p.  2 seales..„ 11:5½

3634 2179 981 124 15 p  breat lead.„ 11:5

3568 2248 1119 102 „5 p £ 3 seales ..„ 13:16

3565 2329 2333 110 must considder that I am att agreater charge to bring the goods to

3553 2393 2407 112 Bruges, then I was here before, when they were loaden att our hay derectely

3583 2476 2403 92 or if you please give mee yd order & I shall provide them with ready mony as

3584 2520 2400 127 best I can, & give you aperfect accompt of the very first cost & charges & addonely

3580 2595 2388 74 1½ Pred. for my provision, that you might see the bottom of that trade

3576 2667 2058 79 assunime you, of iuy endeavour in yd proffitt &remains

5375 2709 523 85 @ 26 ditto

3358 2683 773 138 London Edmnd Warner

3607 2763 2297 120 Sr. my last to you was on the 16: curitt sence recd. the bust packett of laces

3576 2831 2388 107 from Coloma, where the second arrive the 23 curitt & is here dayley exspected

3570 2908 2372 100 the first beeng att nieuw porte by this time to come over with the present

3566 2960 2395 103 letters the second shall follow pr ient the charges on boate att Coloure are

3577 3026 2416 92 ƒ6:5 stiicers and on each from thence heathes will be about ƒ5:5 and from

3574 3105 2413 96 hence to hewport aboard about ƒ4:10 onely for yd governo the landers laces for

3583 3162 2364 93 you to make a packett for a trjall are att worct & hope to dispatch the vere

3576 3228 1024 97 speely which I remaie

5247 3230 630 127 Antw: 28 ditto

3348 3270 1101 141 Amst De SAcbter van Homright

3593 3339 2381 123 messr. 24 deser was aen ul mijnen leeften waer uen referre, sedert den ul van

3571 3394 2453 149 selve dato bekomen waer door ul versoecht van monsr. Judocue de larabert

3586 3510 2369 84 tot Brugge gein formeert te sijn de vrint is y seer bekent, ende kan

3576 3550 2404 91 den selve ul seer wel recommandeeren sijnde een persoon al hoe wel souct

3560 3610 2444 117 die te betrouwen is, ende die sijn affaires verstaet, soo dat ul naer mijn oordeel

3592 3679 2398 96 niet qualijk kan doe hem te imployeeren doch alsoo mee rexpedicat ie va

3582 3755 2407 91 den Heer Coots has beoaden, soo hadde den selve ul voor gestelt ul kan niet mieden

3580 3808 2400 98 hem to imployteren, ende daer dobbel op gerust sijn het mij in different sijn

3573 3869 2391 98 die ul wie u van begde ul aenspant, alsoo war soo veel ckweten sij trouwe

3583 3942 2346 93 luyden  sijn ingesloten remittere ul. 128: a 125½ in banco £66:18:8

3591 4015 2404 103 op Ad. Dutquesnoy valt sanght waer voor ul de weerde gelieft int groordderen

3581 4094 2407 99 endemijne rekeninge creditt te geven tgeene over is sal sich selve vinden

3592 4175 1338 96 terwijlen nae cordiele groet
