<?xml version="1.0" encoding="UTF-8"?>
<alto xmlns:xsi="http://www.w3.org/2001/XMLSchema-instance"
      xmlns="http://www.loc.gov/standards/alto/ns-v4#"
      xmlns:page="http://schema.primaresearch.org/PAGE/gts/pagecontent/2013-07-15"
      xsi:schemaLocation="http://www.loc.gov/standards/alto/ns-v4# https://www.loc.gov/standards/alto/v4/alto.xsd">
   <Description>
      <MeasurementUnit>pixel</MeasurementUnit>
      <OCRProcessing ID="IdOcr">
         <ocrProcessingStep>
            <processingDateTime>2022-02-04T12:07:48.43+01:00</processingDateTime>
            <processingSoftware>
               <softwareCreator>READ COOP</softwareCreator>
               <softwareName>Transkribus</softwareName>
            </processingSoftware>
         </ocrProcessingStep>
      </OCRProcessing>
   </Description>
   <Layout>
      <Page ID="Page1" PHYSICAL_IMG_NR="1" HEIGHT="4629" WIDTH="8515">
         <TopMargin HEIGHT="0" WIDTH="8515" VPOS="0" HPOS="0"/>
         <LeftMargin HEIGHT="4629" WIDTH="0" VPOS="0" HPOS="0"/>
         <RightMargin HEIGHT="4629" WIDTH="0" VPOS="0" HPOS="8515"/>
         <BottomMargin HEIGHT="0" WIDTH="8515" VPOS="4629" HPOS="0"/>
         <PrintSpace HEIGHT="4629" WIDTH="8515" VPOS="0" HPOS="0">
            <TextBlock ID="region_1638889702025_3500"
                       HEIGHT="4140"
                       WIDTH="2620"
                       VPOS="215"
                       HPOS="702">
               <Shape>
                  <Polygon POINTS="702,215 3322,215 3322,4355 702,4355"/>
               </Shape>
               <TextLine ID="region_1638889702025_3500l1"
                         BASELINE="2168,302 2218,300 2268,297 2318,296 2369,294 2419,292 2469,291 2520,290 2570,288 2620,288 2671,286 2721,284 2771,283 2821,282 2872,280 2922,278 2972,276 3023,274 3073,273 3123,270 3174,266"
                         HEIGHT="115"
                         WIDTH="1039"
                         VPOS="227"
                         HPOS="2151">
                  <String ID="string_region_1638889702025_3500l1"
                          HEIGHT="115"
                          WIDTH="1039"
                          VPOS="227"
                          HPOS="2151"
                          CONTENT="In Antwerpen 16 oct 1681"/>
               </TextLine>
               <TextLine ID="region_1638889702025_3500l2"
                         BASELINE="782,320 814,317 846,316 879,314 911,312 944,311 976,308 1008,306 1041,304 1073,302 1106,302 1138,300 1170,298 1203,298 1235,296 1268,296 1300,296 1332,296 1365,296 1397,296 1430,296"
                         HEIGHT="109"
                         WIDTH="681"
                         VPOS="244"
                         HPOS="766">
                  <String ID="string_region_1638889702025_3500l2"
                          HEIGHT="109"
                          WIDTH="681"
                          VPOS="244"
                          HPOS="766"
                          CONTENT="Leuven Joande Goede"/>
               </TextLine>
               <TextLine ID="region_1638889702025_3500l3"
                         BASELINE="1028,416 1138,412 1249,412 1360,410 1470,410 1581,408 1692,408 1802,408 1913,406 2024,406 2135,404 2245,403 2356,402 2467,398 2577,396 2688,392 2799,387 2909,381 3020,374 3131,365 3242,356"
                         HEIGHT="152"
                         WIDTH="2247"
                         VPOS="275"
                         HPOS="1011">
                  <String ID="string_region_1638889702025_3500l3"
                          HEIGHT="152"
                          WIDTH="2247"
                          VPOS="275"
                          HPOS="1011"
                          CONTENT="mons. In antwoort aende ul van 5 en 12 deser hebbe geen bayen tegenwoordigh"/>
               </TextLine>
               <TextLine ID="region_1638889702025_3500l4"
                         BASELINE="1044,486 1153,482 1263,478 1372,474 1482,472 1591,470 1701,468 1810,466 1920,464 2029,463 2139,462 2248,460 2358,458 2467,456 2577,452 2686,448 2796,445 2905,439 3015,433 3124,426 3234,416"
                         HEIGHT="124"
                         WIDTH="2221"
                         VPOS="371"
                         HPOS="1029">
                  <String ID="string_region_1638889702025_3500l4"
                          HEIGHT="124"
                          WIDTH="2221"
                          VPOS="371"
                          HPOS="1029"
                          CONTENT="volgens u stael, geverft doch de selve worden int werck geheiyt, ende gedaen"/>
               </TextLine>
               <TextLine ID="region_1638889702025_3500l5"
                         BASELINE="1056,562 1167,558 1278,554 1389,549 1500,546 1611,542 1722,540 1833,536 1944,534 2055,531 2167,528 2278,524 2389,522 2500,518 2611,513 2722,508 2833,504 2944,497 3055,491 3166,483 3278,474"
                         HEIGHT="182"
                         WIDTH="2255"
                         VPOS="427"
                         HPOS="1039">
                  <String ID="string_region_1638889702025_3500l5"
                          HEIGHT="182"
                          WIDTH="2255"
                          VPOS="427"
                          HPOS="1039"
                          CONTENT="sijnde, u toegesonden. Ingesloten is het stael vant wet pack laken it wel"/>
               </TextLine>
               <TextLine ID="region_1638889702025_3500l6"
                         BASELINE="1040,646 1147,641 1254,636 1361,632 1468,628 1575,623 1682,619 1789,614 1896,610 2003,605 2111,600 2218,595 2325,591 2432,585 2539,580 2646,574 2753,567 2860,561 2967,555 3074,546 3182,538"
                         HEIGHT="149"
                         WIDTH="2175"
                         VPOS="505"
                         HPOS="1024">
                  <String ID="string_region_1638889702025_3500l6"
                          HEIGHT="149"
                          WIDTH="2175"
                          VPOS="505"
                          HPOS="1024"
                          CONTENT="minder als £23„ niet en is te koop, want de pack lakens seer £ier sijn"/>
               </TextLine>
               <TextLine ID="region_1638889702025_3500l7"
                         BASELINE="3148,620 3172,620"
                         HEIGHT="49"
                         WIDTH="54"
                         VPOS="578"
                         HPOS="3132">
                  <String ID="string_region_1638889702025_3500l7"
                          HEIGHT="49"
                          WIDTH="54"
                          VPOS="578"
                          HPOS="3132"
                          CONTENT=""/>
               </TextLine>
               <TextLine ID="region_1638889702025_3500l8"
                         BASELINE="1028,708 1127,704 1226,700 1325,697 1424,694 1523,692 1622,688 1721,685 1820,682 1919,679 2018,676 2117,671 2216,666 2315,662 2414,656 2513,650 2612,645 2711,637 2810,630 2909,621 3008,612"
                         HEIGHT="150"
                         WIDTH="2012"
                         VPOS="572"
                         HPOS="1011">
                  <String ID="string_region_1638889702025_3500l8"
                          HEIGHT="150"
                          WIDTH="2012"
                          VPOS="572"
                          HPOS="1011"
                          CONTENT="het is ww. Roy merck ontrent 39 ellen lanck voor ul governo"/>
               </TextLine>
               <TextLine ID="region_1638889702025_3500l9"
                         BASELINE="1030,766 1143,767 1257,768 1370,768 1484,766 1598,764 1711,760 1825,756 1938,752 2052,746 2166,740 2279,734 2393,727 2506,719 2620,712 2734,704 2847,696 2961,689 3074,680 3188,672 3302,664"
                         HEIGHT="191"
                         WIDTH="2305"
                         VPOS="616"
                         HPOS="1012">
                  <String ID="string_region_1638889702025_3500l9"
                          HEIGHT="191"
                          WIDTH="2305"
                          VPOS="616"
                          HPOS="1012"
                          CONTENT="het croot laken aen ul gesonden tot gost is oock goeden coop, dat wa daer"/>
               </TextLine>
               <TextLine ID="region_1638889702025_3500l10"
                         BASELINE="1044,844 1150,842 1256,842 1362,840 1469,838 1575,836 1681,834 1788,832 1894,828 2000,824 2107,820 2213,815 2319,810 2425,804 2532,796 2638,787 2744,778 2851,768 2957,756 3063,743 3170,728"
                         HEIGHT="171"
                         WIDTH="2159"
                         VPOS="687"
                         HPOS="1026">
                  <String ID="string_region_1638889702025_3500l10"
                          HEIGHT="171"
                          WIDTH="2159"
                          VPOS="687"
                          HPOS="1026"
                          CONTENT="van tegenwoordigh pertije hadde soude die a 43 st konnen verkoopen"/>
               </TextLine>
               <TextLine ID="region_1638889702025_3500l11"
                         BASELINE="1016,928 1129,924 1243,920 1357,916 1471,914 1585,909 1699,906 1813,902 1927,898 2041,893 2155,888 2268,882 2382,876 2496,870 2610,863 2724,854 2838,847 2952,837 3066,827 3180,816 3294,804"
                         HEIGHT="195"
                         WIDTH="2314"
                         VPOS="749"
                         HPOS="997">
                  <String ID="string_region_1638889702025_3500l11"
                          HEIGHT="195"
                          WIDTH="2314"
                          VPOS="749"
                          HPOS="997"
                          CONTENT="Ick en twijffele niet ofte ul heeft het ½ modecooleur laken ontfangen"/>
               </TextLine>
               <TextLine ID="region_1638889702025_3500l12"
                         BASELINE="1020,1010 1128,1002 1237,996 1345,991 1454,986 1563,982 1671,977 1780,973 1888,970 1997,966 2106,962 2214,958 2323,954 2431,950 2540,944 2649,940 2757,933 2866,926 2974,919 3083,909 3192,900"
                         HEIGHT="180"
                         WIDTH="2206"
                         VPOS="846"
                         HPOS="1003">
                  <String ID="string_region_1638889702025_3500l12"
                          HEIGHT="180"
                          WIDTH="2206"
                          VPOS="846"
                          HPOS="1003"
                          CONTENT="het welke geplackt was: deplacken sijn geheelijk uyt gedaen, ende is"/>
               </TextLine>
               <TextLine ID="region_1638889702025_3500l13"
                         BASELINE="1052,1080 1157,1076 1263,1070 1368,1066 1474,1062 1579,1058 1685,1054 1790,1050 1896,1047 2001,1043 2107,1039 2212,1035 2318,1031 2423,1026 2529,1019 2634,1012 2740,1006 2845,998 2951,988 3056,978 3162,968"
                         HEIGHT="160"
                         WIDTH="2141"
                         VPOS="930"
                         HPOS="1036">
                  <String ID="string_region_1638889702025_3500l13"
                          HEIGHT="160"
                          WIDTH="2141"
                          VPOS="930"
                          HPOS="1036"
                          CONTENT="aen ul weder gesonden, opdat die pertije in sijn geheelblijft ul"/>
               </TextLine>
               <TextLine ID="region_1638889702025_3500l14"
                         BASELINE="1034,1150 1143,1147 1253,1143 1363,1140 1472,1136 1582,1132 1692,1128 1801,1124 1911,1120 2021,1117 2131,1112 2240,1108 2350,1103 2460,1098 2569,1092 2679,1086 2789,1080 2898,1073 3008,1065 3118,1057 3228,1048"
                         HEIGHT="204"
                         WIDTH="2228"
                         VPOS="988"
                         HPOS="1016">
                  <String ID="string_region_1638889702025_3500l14"
                          HEIGHT="204"
                          WIDTH="2228"
                          VPOS="988"
                          HPOS="1016"
                          CONTENT="bewijs van ƒ255:19 t sal heden betaelt wordden gelijk hebbens mij"/>
               </TextLine>
               <TextLine ID="region_1638889702025_3500l15"
                         BASELINE="1006,1234 1118,1230 1230,1225 1342,1220 1455,1217 1567,1213 1679,1209 1792,1206 1904,1202 2016,1198 2129,1194 2241,1188 2353,1184 2465,1179 2578,1173 2690,1167 2802,1158 2915,1152 3027,1142 3139,1131 3252,1120"
                         HEIGHT="207"
                         WIDTH="2282"
                         VPOS="1057"
                         HPOS="987">
                  <String ID="string_region_1638889702025_3500l15"
                          HEIGHT="207"
                          WIDTH="2282"
                          VPOS="1057"
                          HPOS="987"
                          CONTENT="dat heeft gelooft, dogh alte gaeder instoters, en dat omde wille datter"/>
               </TextLine>
               <TextLine ID="region_1638889702025_3500l16"
                         BASELINE="1040,1298 1152,1296 1265,1294 1377,1292 1490,1288 1603,1286 1715,1282 1828,1279 1940,1276 2053,1270 2166,1265 2278,1260 2391,1254 2503,1247 2616,1240 2729,1232 2841,1225 2954,1216 3066,1206 3179,1196 3292,1186"
                         HEIGHT="208"
                         WIDTH="2284"
                         VPOS="1131"
                         HPOS="1022">
                  <String ID="string_region_1638889702025_3500l16"
                          HEIGHT="208"
                          WIDTH="2284"
                          VPOS="1131"
                          HPOS="1022"
                          CONTENT="niet wisselbrief bij en staet, oock seght hebbens, dat hij niet als stoetens"/>
               </TextLine>
               <TextLine ID="region_1638889702025_3500l17"
                         BASELINE="1056,1380 1167,1376 1279,1372 1391,1368 1503,1364 1615,1359 1727,1356 1839,1351 1951,1347 2063,1342 2175,1337 2286,1332 2398,1326 2510,1320 2622,1314 2734,1308 2846,1301 2958,1293 3070,1284 3182,1275 3294,1266"
                         HEIGHT="187"
                         WIDTH="2273"
                         VPOS="1209"
                         HPOS="1038">
                  <String ID="string_region_1638889702025_3500l17"
                          HEIGHT="187"
                          WIDTH="2273"
                          VPOS="1209"
                          HPOS="1038"
                          CONTENT="voorde paters minnebroeders en heeft, evenwel dat ontfangen hebbende "/>
               </TextLine>
               <TextLine ID="region_1638889702025_3500l18"
                         BASELINE="1044,1458 1156,1451 1269,1444 1381,1438 1494,1432 1606,1428 1719,1424 1831,1420 1944,1415 2056,1412 2169,1407 2281,1402 2394,1397 2506,1392 2619,1385 2731,1378 2844,1371 2956,1362 3069,1352 3181,1342 3294,1328"
                         HEIGHT="142"
                         WIDTH="2282"
                         VPOS="1328"
                         HPOS="1027">
                  <String ID="string_region_1638889702025_3500l18"
                          HEIGHT="142"
                          WIDTH="2282"
                          VPOS="1328"
                          HPOS="1027"
                          CONTENT="wert op ul Rek geannotteert ick wersche wel te genden wintern"/>
               </TextLine>
               <TextLine ID="region_1638889702025_3500l19"
                         BASELINE="1034,1518 1146,1516 1258,1512 1370,1510 1482,1506 1595,1502 1707,1498 1819,1494 1931,1490 2043,1486 2156,1481 2268,1476 2380,1470 2492,1463 2604,1456 2717,1449 2829,1440 2941,1430 3053,1421 3165,1409 3278,1398"
                         HEIGHT="182"
                         WIDTH="2275"
                         VPOS="1364"
                         HPOS="1015">
                  <String ID="string_region_1638889702025_3500l19"
                          HEIGHT="182"
                          WIDTH="2275"
                          VPOS="1364"
                          HPOS="1015"
                          CONTENT="een ton goet leurens bier te hebben, niet het aedersterkste maervol &amp;"/>
               </TextLine>
               <TextLine ID="region_1638889702025_3500l20"
                         BASELINE="1038,1576 1149,1576 1261,1576 1373,1574 1485,1574 1597,1570 1708,1566 1820,1563 1932,1558 2044,1554 2156,1548 2267,1541 2379,1534 2491,1528 2603,1520 2715,1511 2826,1503 2938,1495 3050,1485 3162,1475 3274,1466"
                         HEIGHT="187"
                         WIDTH="2269"
                         VPOS="1420"
                         HPOS="1022">
                  <String ID="string_region_1638889702025_3500l20"
                          HEIGHT="187"
                          WIDTH="2269"
                          VPOS="1420"
                          HPOS="1022"
                          CONTENT="mondigh, voor mijn eggen gebruyk can ul met occasie mij daer aen bedienen"/>
               </TextLine>
               <TextLine ID="region_1638889702025_3500l21"
                         BASELINE="1058,1650 1167,1650 1277,1650 1386,1650 1496,1648 1605,1646 1715,1644 1824,1640 1934,1636 2043,1632 2153,1626 2262,1621 2372,1614 2481,1608 2591,1601 2700,1593 2810,1585 2919,1575 3029,1567 3138,1558 3248,1548"
                         HEIGHT="158"
                         WIDTH="2220"
                         VPOS="1512"
                         HPOS="1042">
                  <String ID="string_region_1638889702025_3500l21"
                          HEIGHT="158"
                          WIDTH="2220"
                          VPOS="1512"
                          HPOS="1042"
                          CONTENT="mij sal vrint schap gescidden ende sal het ul ten danck vergoede"/>
               </TextLine>
               <TextLine ID="region_1638889702025_3500l22"
                         BASELINE="2458,1658 2487,1655 2517,1653 2546,1650 2576,1648"
                         HEIGHT="95"
                         WIDTH="154"
                         VPOS="1603"
                         HPOS="2439">
                  <String ID="string_region_1638889702025_3500l22"
                          HEIGHT="95"
                          WIDTH="154"
                          VPOS="1603"
                          HPOS="2439"
                          CONTENT=""/>
               </TextLine>
               <TextLine ID="region_1638889702025_3500l23"
                         BASELINE="2632,1696 2665,1695 2698,1694 2731,1692 2764,1691 2798,1688 2831,1687 2864,1685 2897,1681 2930,1679 2964,1676 2997,1675 3030,1672 3063,1670 3096,1670 3130,1668 3163,1668 3196,1666 3229,1666 3262,1668 3296,1668"
                         HEIGHT="107"
                         WIDTH="695"
                         VPOS="1625"
                         HPOS="2617">
                  <String ID="string_region_1638889702025_3500l23"
                          HEIGHT="107"
                          WIDTH="695"
                          VPOS="1625"
                          HPOS="2617"
                          CONTENT="17 octob 1681"/>
               </TextLine>
               <TextLine ID="region_1638889702025_3500l24"
                         BASELINE="824,1718 863,1720 903,1720 942,1722 982,1722 1022,1722 1061,1722 1101,1722 1140,1722 1180,1720 1220,1720 1259,1718 1299,1718 1338,1716 1378,1716 1418,1714 1457,1713 1497,1712 1536,1710 1576,1710 1616,1708"
                         HEIGHT="161"
                         WIDTH="823"
                         VPOS="1610"
                         HPOS="808">
                  <String ID="string_region_1638889702025_3500l24"
                          HEIGHT="161"
                          WIDTH="823"
                          VPOS="1610"
                          HPOS="808"
                          CONTENT="Brugge Raphael Coots"/>
               </TextLine>
               <TextLine ID="region_1638889702025_3500l25"
                         BASELINE="1040,1796 1150,1790 1261,1786 1372,1780 1482,1778 1593,1774 1704,1772 1814,1770 1925,1768 2036,1766 2147,1765 2257,1764 2368,1762 2479,1760 2589,1758 2700,1756 2811,1754 2921,1749 3032,1746 3143,1740 3254,1734"
                         HEIGHT="119"
                         WIDTH="2247"
                         VPOS="1694"
                         HPOS="1023">
                  <String ID="string_region_1638889702025_3500l25"
                          HEIGHT="119"
                          WIDTH="2247"
                          VPOS="1694"
                          HPOS="1023"
                          CONTENT="mijn sHr. alsoo ick door over toligh bloeyen niet Capabel ben geweest om"/>
               </TextLine>
               <TextLine ID="region_1638889702025_3500l26"
                         BASELINE="1046,1854 1158,1848 1271,1842 1384,1839 1497,1836 1610,1832 1723,1830 1836,1828 1949,1826 2062,1824 2175,1824 2287,1822 2400,1821 2513,1820 2626,1817 2739,1814 2852,1811 2965,1807 3078,1802 3191,1796 3304,1788"
                         HEIGHT="136"
                         WIDTH="2290"
                         VPOS="1735"
                         HPOS="1031">
                  <String ID="string_region_1638889702025_3500l26"
                          HEIGHT="136"
                          WIDTH="2290"
                          VPOS="1735"
                          HPOS="1031"
                          CONTENT="ul brieven te beantwoorde soo moet ul over het delayeeren niet verwondee"/>
               </TextLine>
               <TextLine ID="region_1638889702025_3500l27"
                         BASELINE="1036,1926 1147,1921 1259,1916 1370,1912 1482,1908 1594,1904 1705,1902 1817,1898 1928,1896 2040,1893 2152,1890 2263,1887 2375,1884 2486,1882 2598,1878 2710,1875 2821,1872 2933,1868 3044,1863 3156,1858 3268,1854"
                         HEIGHT="115"
                         WIDTH="2266"
                         VPOS="1828"
                         HPOS="1018">
                  <String ID="string_region_1638889702025_3500l27"
                          HEIGHT="115"
                          WIDTH="2266"
                          VPOS="1828"
                          HPOS="1018"
                          CONTENT="de ul van 88 deser sijn mij geworden, de tijken sullen buyten twijffel voor"/>
               </TextLine>
               <TextLine ID="region_1638889702025_3500l28"
                         BASELINE="1038,1990 1150,1988 1262,1984 1374,1982 1486,1979 1598,1976 1710,1974 1822,1970 1934,1968 2046,1965 2159,1962 2271,1958 2383,1954 2495,1950 2607,1946 2719,1942 2831,1936 2943,1931 3055,1926 3167,1918 3280,1912"
                         HEIGHT="133"
                         WIDTH="2273"
                         VPOS="1870"
                         HPOS="1022">
                  <String ID="string_region_1638889702025_3500l28"
                          HEIGHT="133"
                          WIDTH="2273"
                          VPOS="1870"
                          HPOS="1022"
                          CONTENT="nu nae london sullen sijn af geladen het pack N. 43: hebbe ick ontf"/>
               </TextLine>
               <TextLine ID="region_1638889702025_3500l29"
                         BASELINE="1028,2054 1138,2052 1248,2049 1359,2046 1469,2044 1580,2042 1690,2038 1800,2036 1911,2032 2021,2029 2132,2025 2242,2022 2352,2018 2463,2014 2573,2011 2684,2008 2794,2004 2904,2000 3015,1996 3125,1994 3236,1990"
                         HEIGHT="122"
                         WIDTH="2238"
                         VPOS="1954"
                         HPOS="1011">
                  <String ID="string_region_1638889702025_3500l29"
                          HEIGHT="122"
                          WIDTH="2238"
                          VPOS="1954"
                          HPOS="1011"
                          CONTENT="maer ben verstelt dat ider half gemengeldt frisaert voor heel is belast"/>
               </TextLine>
               <TextLine ID="region_1638889702025_3500l30"
                         BASELINE="1022,2132 1132,2126 1242,2121 1352,2116 1463,2112 1573,2108 1683,2104 1794,2102 1904,2100 2014,2096 2125,2094 2235,2091 2345,2088 2455,2084 2566,2080 2676,2076 2786,2071 2897,2066 3007,2058 3117,2051 3228,2042"
                         HEIGHT="135"
                         WIDTH="2237"
                         VPOS="2006"
                         HPOS="1006">
                  <String ID="string_region_1638889702025_3500l30"
                          HEIGHT="135"
                          WIDTH="2237"
                          VPOS="2006"
                          HPOS="1006"
                          CONTENT="tgeene die comen schap seer beswaert want die coopmanschap te seer"/>
               </TextLine>
               <TextLine ID="region_1638889702025_3500l31"
                         BASELINE="1016,2196 1128,2190 1240,2184 1352,2179 1464,2176 1577,2172 1689,2168 1801,2166 1913,2164 2025,2162 2138,2159 2250,2157 2362,2154 2474,2150 2586,2146 2699,2142 2811,2137 2923,2130 3035,2122 3147,2113 3260,2104"
                         HEIGHT="177"
                         WIDTH="2272"
                         VPOS="2032"
                         HPOS="1000">
                  <String ID="string_region_1638889702025_3500l31"
                          HEIGHT="177"
                          WIDTH="2272"
                          VPOS="2032"
                          HPOS="1000"
                          CONTENT="be kent is het achter gehouden frisaert cost mij soo wel als de rest 36s"/>
               </TextLine>
               <TextLine ID="region_1638889702025_3500l32"
                         BASELINE="2858,2210 2883,2212 2909,2212 2935,2210 2961,2210 2987,2207 3013,2205 3039,2202 3064,2200 3090,2198 3116,2196 3142,2193 3168,2191 3194,2189 3220,2188 3246,2186"
                         HEIGHT="120"
                         WIDTH="421"
                         VPOS="2134"
                         HPOS="2841">
                  <String ID="string_region_1638889702025_3500l32"
                          HEIGHT="120"
                          WIDTH="421"
                          VPOS="2134"
                          HPOS="2841"
                          CONTENT="18- ƒ58:40"/>
               </TextLine>
               <TextLine ID="region_1638889702025_3500l33"
                         BASELINE="1036,2274 1107,2269 1178,2264 1250,2261 1321,2258 1393,2254 1464,2252 1535,2250 1607,2248 1678,2246 1750,2244 1821,2242 1892,2240 1964,2238 2035,2236 2107,2234 2178,2232 2249,2228 2321,2224 2392,2221 2464,2216"
                         HEIGHT="170"
                         WIDTH="1461"
                         VPOS="2146"
                         HPOS="1019">
                  <String ID="string_region_1638889702025_3500l33"
                          HEIGHT="170"
                          WIDTH="1461"
                          VPOS="2146"
                          HPOS="1019"
                          CONTENT="pr elle N. 835:24½ g. a 32½ . a 36 p"/>
               </TextLine>
               <TextLine ID="region_1638889702025_3500l34"
                         BASELINE="1038,2334 1147,2332 1256,2330 1365,2327 1475,2324 1584,2322 1693,2319 1803,2316 1912,2313 2021,2310 2131,2308 2240,2304 2349,2301 2458,2298 2568,2294 2677,2289 2786,2285 2896,2279 3005,2274 3114,2270 3224,2264"
                         HEIGHT="141"
                         WIDTH="2216"
                         VPOS="2227"
                         HPOS="1023">
                  <String ID="string_region_1638889702025_3500l34"
                          HEIGHT="141"
                          WIDTH="2216"
                          VPOS="2227"
                          HPOS="1023"
                          CONTENT="waer voor mij gelieft te creditteeren, sien wat ul strijft over het"/>
               </TextLine>
               <TextLine ID="region_1638889702025_3500l35"
                         BASELINE="1036,2404 1148,2400 1261,2396 1374,2392 1487,2389 1600,2386 1712,2382 1825,2379 1938,2376 2051,2374 2164,2370 2276,2367 2389,2363 2502,2360 2615,2356 2728,2352 2840,2346 2953,2342 3066,2337 3179,2330 3292,2324"
                         HEIGHT="141"
                         WIDTH="2286"
                         VPOS="2298"
                         HPOS="1020">
                  <String ID="string_region_1638889702025_3500l35"
                          HEIGHT="141"
                          WIDTH="2286"
                          VPOS="2298"
                          HPOS="1020"
                          CONTENT="tepasseird met sup warnier ul moett hun in geen alderlye maner"/>
               </TextLine>
               <TextLine ID="region_1638889702025_3500l36"
                         BASELINE="1042,2474 1150,2469 1259,2464 1368,2459 1477,2456 1586,2452 1695,2448 1804,2443 1913,2440 2022,2436 2131,2434 2239,2430 2348,2427 2457,2424 2566,2421 2675,2418 2784,2416 2893,2412 3002,2410 3111,2406 3220,2404"
                         HEIGHT="118"
                         WIDTH="2210"
                         VPOS="2368"
                         HPOS="1025">
                  <String ID="string_region_1638889702025_3500l36"
                          HEIGHT="118"
                          WIDTH="2210"
                          VPOS="2368"
                          HPOS="1025"
                          CONTENT="nae hum hooren maer onse pretentie af treken &amp; dan pr billet"/>
               </TextLine>
               <TextLine ID="region_1638889702025_3500l37"
                         BASELINE="1034,2546 1144,2542 1255,2538 1366,2534 1476,2530 1587,2526 1698,2522 1808,2518 1919,2515 2030,2510 2141,2506 2251,2503 2362,2499 2473,2494 2583,2490 2694,2486 2805,2482 2915,2478 3026,2474 3137,2469 3248,2464"
                         HEIGHT="139"
                         WIDTH="2244"
                         VPOS="2433"
                         HPOS="1018">
                  <String ID="string_region_1638889702025_3500l37"
                          HEIGHT="139"
                          WIDTH="2244"
                          VPOS="2433"
                          HPOS="1018"
                          CONTENT="hun referre aende geene die de goederen heeft afgeladen, want anders"/>
               </TextLine>
               <TextLine ID="region_1638889702025_3500l38"
                         BASELINE="2116,2552 2148,2548 2180,2544"
                         HEIGHT="57"
                         WIDTH="98"
                         VPOS="2509"
                         HPOS="2098">
                  <String ID="string_region_1638889702025_3500l38"
                          HEIGHT="57"
                          WIDTH="98"
                          VPOS="2509"
                          HPOS="2098"
                          CONTENT="me"/>
               </TextLine>
               <TextLine ID="region_1638889702025_3500l39"
                         BASELINE="1042,2620 1151,2616 1260,2613 1369,2610 1478,2606 1588,2602 1697,2598 1806,2594 1915,2591 2024,2586 2134,2582 2243,2577 2352,2573 2461,2568 2570,2562 2680,2556 2789,2550 2898,2545 3007,2538 3116,2532 3226,2524"
                         HEIGHT="176"
                         WIDTH="2216"
                         VPOS="2481"
                         HPOS="1025">
                  <String ID="string_region_1638889702025_3500l39"
                          HEIGHT="176"
                          WIDTH="2216"
                          VPOS="2481"
                          HPOS="1025"
                          CONTENT="sullen wij daer altijt moglijkheijt hebbe, voor ul onkost Rek wort ul"/>
               </TextLine>
               <TextLine ID="region_1638889702025_3500l40"
                         BASELINE="1042,2694 1150,2690 1258,2687 1366,2684 1474,2680 1582,2676 1690,2672 1798,2667 1906,2663 2014,2658 2122,2654 2230,2648 2338,2642 2446,2638 2554,2632 2662,2626 2770,2619 2878,2612 2986,2606 3094,2598 3202,2590"
                         HEIGHT="191"
                         WIDTH="2191"
                         VPOS="2547"
                         HPOS="1026">
                  <String ID="string_region_1638889702025_3500l40"
                          HEIGHT="191"
                          WIDTH="2191"
                          VPOS="2547"
                          HPOS="1026"
                          CONTENT="gecreditteert tot geene dl voor het gelouden briseert kan rabatteeren"/>
               </TextLine>
               <TextLine ID="region_1638889702025_3500l41"
                         BASELINE="1034,2764 1143,2760 1252,2754 1361,2750 1471,2745 1580,2740 1689,2736 1799,2732 1908,2726 2017,2722 2127,2717 2236,2713 2345,2708 2454,2703 2564,2698 2673,2694 2782,2689 2892,2683 3001,2678 3110,2673 3220,2668"
                         HEIGHT="152"
                         WIDTH="2219"
                         VPOS="2638"
                         HPOS="1017">
                  <String ID="string_region_1638889702025_3500l41"
                          HEIGHT="152"
                          WIDTH="2219"
                          VPOS="2638"
                          HPOS="1017"
                          CONTENT="soo in derechte als waght magh ul te baete dienen a gounems "/>
               </TextLine>
               <TextLine ID="region_1638889702025_3500l42"
                         BASELINE="1046,2826 1131,2824 1216,2822 1301,2820 1386,2818 1471,2816 1556,2813 1641,2812 1726,2809 1811,2806 1896,2804 1981,2802 2066,2799 2151,2796 2236,2792 2321,2789 2406,2786 2491,2781 2576,2778 2661,2772 2746,2766"
                         HEIGHT="154"
                         WIDTH="1734"
                         VPOS="2709"
                         HPOS="1028">
                  <String ID="string_region_1638889702025_3500l42"
                          HEIGHT="154"
                          WIDTH="1734"
                          VPOS="2709"
                          HPOS="1028"
                          CONTENT="van londen pr John fen wicl verwaght 3 packen"/>
               </TextLine>
               <TextLine ID="region_1638889702025_3500l43"
                         BASELINE="1608,2884 1689,2880 1771,2876 1853,2872 1934,2868 2016,2866 2098,2862 2179,2859 2261,2856 2343,2852 2425,2848 2506,2845 2588,2840 2670,2837 2751,2831 2833,2827 2915,2821 2996,2816 3078,2809 3160,2802 3242,2794"
                         HEIGHT="205"
                         WIDTH="1666"
                         VPOS="2704"
                         HPOS="1592">
                  <String ID="string_region_1638889702025_3500l43"
                          HEIGHT="205"
                          WIDTH="1666"
                          VPOS="2704"
                          HPOS="1592"
                          CONTENT="M N 46: met 8 de wolle geverfde lakens de geene"/>
               </TextLine>
               <TextLine ID="region_1638889702025_3500l44"
                         BASELINE="1022,2944 1131,2941 1240,2939 1349,2937 1458,2935 1568,2933 1677,2932 1786,2930 1895,2928 2004,2924 2114,2922 2223,2920 2332,2916 2441,2912 2550,2908 2660,2903 2769,2898 2878,2891 2987,2884 3096,2876 3206,2868"
                         HEIGHT="163"
                         WIDTH="2217"
                         VPOS="2815"
                         HPOS="1006">
                  <String ID="string_region_1638889702025_3500l44"
                          HEIGHT="163"
                          WIDTH="2217"
                          VPOS="2815"
                          HPOS="1006"
                          CONTENT="altijt voor coleure passeren sijnde 5 mushen &amp; 3 gemengelde blanrer"/>
               </TextLine>
               <TextLine ID="region_1638889702025_3500l45"
                         BASELINE="1728,3018 1777,3013 1827,3010 1877,3006 1927,3005 1977,3002 2026,3000 2076,2999 2126,2998 2176,2996 2226,2994 2275,2994 2325,2991 2375,2990 2425,2988 2475,2985 2524,2981 2574,2979 2624,2976 2674,2969 2724,2964"
                         HEIGHT="133"
                         WIDTH="1028"
                         VPOS="2906"
                         HPOS="1711">
                  <String ID="string_region_1638889702025_3500l45"
                          HEIGHT="133"
                          WIDTH="1028"
                          VPOS="2906"
                          HPOS="1711"
                          CONTENT="N 47 met 12 witte frisaerde "/>
               </TextLine>
               <TextLine ID="region_1638889702025_3500l46"
                         BASELINE="1744,3076 1777,3074 1810,3072 1843,3072 1876,3070 1909,3070 1942,3068 1975,3067 2008,3066 2041,3064 2074,3064 2107,3062 2140,3061 2173,3060 2206,3058 2239,3058 2272,3057 2305,3056 2338,3054 2371,3053 2404,3052"
                         HEIGHT="90"
                         WIDTH="692"
                         VPOS="3006"
                         HPOS="1728">
                  <String ID="string_region_1638889702025_3500l46"
                          HEIGHT="90"
                          WIDTH="692"
                          VPOS="3006"
                          HPOS="1728"
                          CONTENT="N.48 met 12 ditto"/>
               </TextLine>
               <TextLine ID="region_1638889702025_3500l47"
                         BASELINE="1046,3122 1159,3127 1273,3130 1386,3134 1500,3134 1614,3134 1727,3134 1841,3132 1954,3130 2068,3126 2182,3121 2295,3116 2409,3110 2522,3102 2636,3095 2750,3086 2863,3077 2977,3067 3090,3057 3204,3047 3318,3036"
                         HEIGHT="183"
                         WIDTH="2307"
                         VPOS="2976"
                         HPOS="1028">
                  <String ID="string_region_1638889702025_3500l47"
                          HEIGHT="183"
                          WIDTH="2307"
                          VPOS="2976"
                          HPOS="1028"
                          CONTENT="pr Richd pindar van Hull Comt M N44 &amp; 45 met 6owitte bayen"/>
               </TextLine>
               <TextLine ID="region_1638889702025_3500l48"
                         BASELINE="1024,3196 1137,3198 1250,3200 1363,3200 1476,3200 1589,3200 1702,3200 1815,3198 1928,3194 2041,3192 2155,3188 2268,3183 2381,3177 2494,3172 2607,3166 2720,3159 2833,3151 2946,3143 3059,3134 3172,3125 3286,3114"
                         HEIGHT="161"
                         WIDTH="2294"
                         VPOS="3066"
                         HPOS="1009">
                  <String ID="string_region_1638889702025_3500l48"
                          HEIGHT="161"
                          WIDTH="2294"
                          VPOS="3066"
                          HPOS="1009"
                          CONTENT="nmet weten hoewel van de selve in ider pack sijn maer soo mij dunct"/>
               </TextLine>
               <TextLine ID="region_1638889702025_3500l49"
                         BASELINE="1036,3274 1146,3271 1257,3268 1368,3266 1479,3264 1590,3263 1701,3262 1812,3260 1923,3258 2034,3258 2145,3255 2255,3252 2366,3250 2477,3246 2588,3241 2699,3236 2810,3230 2921,3221 3032,3213 3143,3203 3254,3190"
                         HEIGHT="145"
                         WIDTH="2249"
                         VPOS="3145"
                         HPOS="1020">
                  <String ID="string_region_1638889702025_3500l49"
                          HEIGHT="145"
                          WIDTH="2249"
                          VPOS="3145"
                          HPOS="1020"
                          CONTENT="heeft N. 44: maer 25: stucken eghter sonder sekerhejt 8 N. 37: met"/>
               </TextLine>
               <TextLine ID="region_1638889702025_3500l50"
                         BASELINE="1036,3358 1146,3349 1256,3342 1366,3336 1476,3333 1586,3330 1696,3328 1806,3328 1916,3328 2026,3326 2136,3326 2246,3326 2356,3324 2466,3323 2576,3320 2686,3316 2796,3312 2906,3305 3016,3296 3126,3286 3236,3272"
                         HEIGHT="161"
                         WIDTH="2233"
                         VPOS="3225"
                         HPOS="1018">
                  <String ID="string_region_1638889702025_3500l50"
                          HEIGHT="161"
                          WIDTH="2233"
                          VPOS="3225"
                          HPOS="1018"
                          CONTENT="30 witte bayen noch een N. 37 met 24 en kel dosijntiens N. 44 "/>
               </TextLine>
               <TextLine ID="region_1638889702025_3500l51"
                         BASELINE="1020,3430 1130,3424 1241,3418 1351,3414 1462,3410 1572,3407 1683,3404 1793,3404 1904,3402 2014,3400 2125,3400 2235,3398 2346,3396 2456,3394 2567,3392 2677,3388 2788,3384 2898,3378 3009,3372 3119,3364 3230,3354"
                         HEIGHT="133"
                         WIDTH="2240"
                         VPOS="3317"
                         HPOS="1004">
                  <String ID="string_region_1638889702025_3500l51"
                          HEIGHT="133"
                          WIDTH="2240"
                          VPOS="3317"
                          HPOS="1004"
                          CONTENT="Met 8 witte grijse lakens ten arrivement van d'ien &amp; dander gelieft "/>
               </TextLine>
               <TextLine ID="region_1638889702025_3500l52"
                         BASELINE="1032,3502 1140,3497 1249,3493 1357,3490 1466,3487 1575,3484 1683,3482 1792,3478 1900,3476 2009,3474 2118,3470 2226,3468 2335,3464 2443,3460 2552,3457 2661,3452 2769,3447 2878,3440 2986,3433 3095,3426 3204,3418"
                         HEIGHT="147"
                         WIDTH="2206"
                         VPOS="3367"
                         HPOS="1014">
                  <String ID="string_region_1638889702025_3500l52"
                          HEIGHT="147"
                          WIDTH="2206"
                          VPOS="3367"
                          HPOS="1014"
                          CONTENT="het noodigh te besorgen, &amp; vant gepasseirde adviseeren, soo p"/>
               </TextLine>
               <TextLine ID="region_1638889702025_3500l53"
                         BASELINE="1048,3568 1160,3568 1272,3567 1385,3566 1497,3564 1610,3562 1722,3560 1834,3556 1947,3554 2059,3550 2172,3546 2284,3542 2396,3536 2509,3531 2621,3524 2734,3517 2846,3510 2958,3501 3071,3492 3183,3483 3296,3474"
                         HEIGHT="188"
                         WIDTH="2280"
                         VPOS="3407"
                         HPOS="1031">
                  <String ID="string_region_1638889702025_3500l53"
                          HEIGHT="188"
                          WIDTH="2280"
                          VPOS="3407"
                          HPOS="1031"
                          CONTENT="naest niet en remitteeren mach ul op my treken waer mede blijve"/>
               </TextLine>
               <TextLine ID="region_1638889702025_3500l54"
                         BASELINE="2614,3582 2649,3579 2684,3580"
                         HEIGHT="67"
                         WIDTH="101"
                         VPOS="3535"
                         HPOS="2599">
                  <String ID="string_region_1638889702025_3500l54"
                          HEIGHT="67"
                          WIDTH="101"
                          VPOS="3535"
                          HPOS="2599"
                          CONTENT="d"/>
               </TextLine>
               <TextLine ID="region_1638889702025_3500l55"
                         BASELINE="2748,3606 2773,3605 2798,3604 2824,3603 2849,3602 2875,3602 2900,3602 2926,3600 2951,3600 2977,3599 3002,3597 3028,3596 3053,3594 3079,3591 3104,3589 3130,3586"
                         HEIGHT="151"
                         WIDTH="416"
                         VPOS="3501"
                         HPOS="2729">
                  <String ID="string_region_1638889702025_3500l55"
                          HEIGHT="151"
                          WIDTH="416"
                          VPOS="3501"
                          HPOS="2729"
                          CONTENT="@ 17 ditto"/>
               </TextLine>
               <TextLine ID="region_1638889702025_3500l56"
                         BASELINE="816,3640 867,3636 919,3634 970,3631 1022,3630 1074,3630 1125,3630 1177,3630 1228,3632 1280,3632 1332,3634 1383,3634 1435,3636 1486,3638 1538,3638 1590,3638 1641,3638 1693,3638 1744,3636 1796,3635 1848,3632"
                         HEIGHT="168"
                         WIDTH="1063"
                         VPOS="3527"
                         HPOS="800">
                  <String ID="string_region_1638889702025_3500l56"
                          HEIGHT="168"
                          WIDTH="1063"
                          VPOS="3527"
                          HPOS="800"
                          CONTENT="Brussel Joan francusio Badiey"/>
               </TextLine>
               <TextLine ID="region_1638889702025_3500l57"
                         BASELINE="1012,3732 1125,3729 1239,3726 1352,3724 1466,3723 1580,3722 1693,3721 1807,3720 1920,3720 2034,3718 2148,3718 2261,3716 2375,3714 2488,3712 2602,3710 2716,3706 2829,3702 2943,3698 3056,3692 3170,3686 3284,3678"
                         HEIGHT="145"
                         WIDTH="2305"
                         VPOS="3620"
                         HPOS="995">
                  <String ID="string_region_1638889702025_3500l57"
                          HEIGHT="145"
                          WIDTH="2305"
                          VPOS="3620"
                          HPOS="995"
                          CONTENT="mons. in antwoort aenden ul van 15 deser hebbe heden geene remisee"/>
               </TextLine>
               <TextLine ID="region_1638889702025_3500l58"
                         BASELINE="1014,3810 1126,3808 1239,3808 1352,3806 1465,3806 1578,3804 1691,3802 1804,3800 1917,3798 2030,3796 2143,3793 2255,3790 2368,3788 2481,3784 2594,3781 2707,3778 2820,3772 2933,3769 3046,3764 3159,3760 3272,3754"
                         HEIGHT="131"
                         WIDTH="2288"
                         VPOS="3693"
                         HPOS="999">
                  <String ID="string_region_1638889702025_3500l58"
                          HEIGHT="131"
                          WIDTH="2288"
                          VPOS="3693"
                          HPOS="999"
                          CONTENT="op costij gevonden soo hebbe goedt gedacht iel te laten weten, als dat in"/>
               </TextLine>
               <TextLine ID="region_1638889702025_3500l59"
                         BASELINE="1014,3894 1127,3894 1241,3894 1355,3892 1468,3890 1582,3888 1696,3886 1809,3883 1923,3880 2037,3876 2151,3872 2264,3868 2378,3864 2492,3860 2605,3855 2719,3850 2833,3846 2946,3842 3060,3836 3174,3830 3288,3826"
                         HEIGHT="167"
                         WIDTH="2304"
                         VPOS="3771"
                         HPOS="998">
                  <String ID="string_region_1638889702025_3500l59"
                          HEIGHT="167"
                          WIDTH="2304"
                          VPOS="3771"
                          HPOS="998"
                          CONTENT="deijnde vande naeste weeke coffy selfs moet wesen, als wanneer daer"/>
               </TextLine>
               <TextLine ID="region_1638889702025_3500l60"
                         BASELINE="1038,3972 1149,3970 1260,3970 1371,3968 1482,3966 1593,3965 1704,3964 1815,3962 1926,3959 2037,3956 2148,3954 2259,3951 2370,3947 2481,3944 2592,3938 2703,3932 2814,3927 2925,3920 3036,3913 3147,3904 3258,3894"
                         HEIGHT="195"
                         WIDTH="2251"
                         VPOS="3842"
                         HPOS="1022">
                  <String ID="string_region_1638889702025_3500l60"
                          HEIGHT="195"
                          WIDTH="2251"
                          VPOS="3842"
                          HPOS="1022"
                          CONTENT="veel, selfs gelt sal hebben, ende ul als dan lestien hondert chtier"/>
               </TextLine>
               <TextLine ID="region_1638889702025_3500l61"
                         BASELINE="1028,4052 1141,4048 1255,4046 1368,4044 1482,4042 1595,4040 1709,4038 1822,4036 1936,4035 2049,4034 2163,4032 2276,4029 2390,4027 2503,4024 2617,4020 2730,4016 2844,4012 2957,4006 3071,3999 3184,3991 3298,3982"
                         HEIGHT="162"
                         WIDTH="2302"
                         VPOS="3936"
                         HPOS="1011">
                  <String ID="string_region_1638889702025_3500l61"
                          HEIGHT="162"
                          WIDTH="2302"
                          VPOS="3936"
                          HPOS="1011"
                          CONTENT="gulden 10½  voldoen, ten ware ul middelteyt dat eeder moeste"/>
               </TextLine>
               <TextLine ID="region_1638889702025_3500l62"
                         BASELINE="1012,4124 1123,4120 1235,4117 1346,4114 1458,4114 1569,4112 1681,4112 1792,4110 1904,4110 2015,4108 2127,4106 2238,4105 2350,4102 2461,4098 2573,4094 2684,4088 2796,4081 2907,4072 3019,4062 3130,4049 3242,4034"
                         HEIGHT="150"
                         WIDTH="2262"
                         VPOS="4004"
                         HPOS="996">
                  <String ID="string_region_1638889702025_3500l62"
                          HEIGHT="150"
                          WIDTH="2262"
                          VPOS="4004"
                          HPOS="996"
                          CONTENT="hebbe als wanneer andere occasie sal soeke want mijn ordre is ul"/>
               </TextLine>
               <TextLine ID="region_1638889702025_3500l63"
                         BASELINE="1006,4204 1105,4200 1205,4198 1305,4196 1405,4194 1505,4192 1604,4190 1704,4188 1804,4187 1904,4186 2004,4184 2103,4182 2203,4180 2303,4176 2403,4174 2503,4170 2602,4166 2702,4162 2802,4156 2902,4150 3002,4142"
                         HEIGHT="179"
                         WIDTH="2028"
                         VPOS="4076"
                         HPOS="989">
                  <String ID="string_region_1638889702025_3500l63"
                          HEIGHT="179"
                          WIDTH="2028"
                          VPOS="4076"
                          HPOS="989"
                          CONTENT="prompt tot de satisfactie te voldoen n gouverno"/>
               </TextLine>
            </TextBlock>
            <TextBlock ID="region_1638889705777_3503"
                       HEIGHT="4202"
                       WIDTH="2595"
                       VPOS="215"
                       HPOS="3403">
               <Shape>
                  <Polygon POINTS="3403,215 5998,215 5998,4417 3403,4417"/>
               </Shape>
               <TextLine ID="region_1638889705777_3503l1"
                         BASELINE="5074,266 5119,266 5165,268 5210,268 5256,269 5302,270 5347,270 5393,270 5438,270 5484,270 5530,270 5575,270 5621,268 5666,268 5712,267 5758,266 5803,263 5849,262 5894,260 5940,256 5986,254"
                         HEIGHT="94"
                         WIDTH="943"
                         VPOS="222"
                         HPOS="5058">
                  <String ID="string_region_1638889705777_3503l1"
                          HEIGHT="94"
                          WIDTH="943"
                          VPOS="222"
                          HPOS="5058"
                          CONTENT="Antwerpen 18: october 11"/>
               </TextLine>
               <TextLine ID="region_1638889705777_3503l2"
                         BASELINE="3408,336 3443,330 3479,323 3514,318 3550,316 3586,311 3621,310 3657,308 3692,306 3728,306 3764,305 3799,305 3835,306 3870,306 3906,307 3942,308 3977,310 4013,310 4048,312 4084,314 4120,316"
                         HEIGHT="139"
                         WIDTH="743"
                         VPOS="230"
                         HPOS="3392">
                  <String ID="string_region_1638889705777_3503l2"
                          HEIGHT="139"
                          WIDTH="743"
                          VPOS="230"
                          HPOS="3392"
                          CONTENT="Londen m. Abram Viviaen"/>
               </TextLine>
               <TextLine ID="region_1638889705777_3503l3"
                         BASELINE="5792,314 5817,316 5843,316 5868,316 5894,316 5920,316"
                         HEIGHT="82"
                         WIDTH="158"
                         VPOS="269"
                         HPOS="5776">
                  <String ID="string_region_1638889705777_3503l3"
                          HEIGHT="82"
                          WIDTH="158"
                          VPOS="269"
                          HPOS="5776"
                          CONTENT="Act"/>
               </TextLine>
               <TextLine ID="region_1638889705777_3503l4"
                         BASELINE="4588,394 4612,394"
                         HEIGHT="64"
                         WIDTH="55"
                         VPOS="342"
                         HPOS="4573">
                  <String ID="string_region_1638889705777_3503l4"
                          HEIGHT="64"
                          WIDTH="55"
                          VPOS="342"
                          HPOS="4573"
                          CONTENT=""/>
               </TextLine>
               <TextLine ID="region_1638889705777_3503l5"
                         BASELINE="3558,422 3679,426 3800,428 3921,430 4042,432 4163,434 4284,434 4405,436 4526,436 4647,436 4768,434 4889,434 5010,432 5131,430 5252,428 5373,426 5494,422 5615,419 5736,416 5857,410 5978,406"
                         HEIGHT="161"
                         WIDTH="2451"
                         VPOS="324"
                         HPOS="3543">
                  <String ID="string_region_1638889705777_3503l5"
                          HEIGHT="161"
                          WIDTH="2451"
                          VPOS="324"
                          HPOS="3543"
                          CONTENT="S.  have receved yd of 23 sett, &amp; 3 corr., with invoyces of 2 bailes n°37 &amp; 49 the pattarnes prove"/>
               </TextLine>
               <TextLine ID="region_1638889705777_3503l6"
                         BASELINE="3570,508 3687,508 3804,510 3922,511 4039,512 4157,512 4274,514 4391,514 4509,514 4626,514 4744,514 4861,514 4978,512 5096,512 5213,510 5331,509 5448,508 5565,506 5683,504 5800,502 5918,498"
                         HEIGHT="97"
                         WIDTH="2378"
                         VPOS="460"
                         HPOS="3554">
                  <String ID="string_region_1638889705777_3503l6"
                          HEIGHT="97"
                          WIDTH="2378"
                          VPOS="460"
                          HPOS="3554"
                          CONTENT="to content, &amp; have given my acctt. credit for the same although you make no mention of their "/>
               </TextLine>
               <TextLine ID="region_1638889705777_3503l7"
                         BASELINE="3570,600 3689,600 3808,598 3927,598 4046,598 4165,598 4284,598 4403,598 4522,598 4641,598 4761,598 4880,598 4999,598 5118,598 5237,598 5356,598 5475,596 5594,594 5713,592 5832,590 5952,588"
                         HEIGHT="113"
                         WIDTH="2414"
                         VPOS="530"
                         HPOS="3554">
                  <String ID="string_region_1638889705777_3503l7"
                          HEIGHT="113"
                          WIDTH="2414"
                          VPOS="530"
                          HPOS="3554"
                          CONTENT="shipping yet I hope  that they be aboard of Richd. Pindar. had I nott expccpted you"/>
               </TextLine>
               <TextLine ID="region_1638889705777_3503l8"
                         BASELINE="3582,696 3701,694 3820,694 3939,693 4059,692 4178,692 4297,692 4417,692 4536,692 4655,692 4775,692 4894,692 5013,690 5132,690 5252,690 5371,690 5490,690 5610,688 5729,688 5848,686 5968,686"
                         HEIGHT="116"
                         WIDTH="2417"
                         VPOS="627"
                         HPOS="3567">
                  <String ID="string_region_1638889705777_3503l8"
                          HEIGHT="116"
                          WIDTH="2417"
                          VPOS="627"
                          HPOS="3567"
                          CONTENT="here you should have had all the accompts, though I be backward op my acctt."/>
               </TextLine>
               <TextLine ID="region_1638889705777_3503l9"
                         BASELINE="3590,790 3703,786 3817,782 3930,780 4044,778 4158,778 4271,778 4385,778 4498,778 4612,780 4726,782 4839,782 4953,784 5066,784 5180,786 5294,786 5407,786 5521,786 5634,786 5748,784 5862,782"
                         HEIGHT="112"
                         WIDTH="2302"
                         VPOS="719"
                         HPOS="3575">
                  <String ID="string_region_1638889705777_3503l9"
                          HEIGHT="112"
                          WIDTH="2302"
                          VPOS="719"
                          HPOS="3575"
                          CONTENT="which is little or nothing yett I am in disbours on yo, &amp;"/>
               </TextLine>
               <TextLine ID="region_1638889705777_3503l10"
                         BASELINE="3590,896 3708,890 3827,886 3945,883 4064,880 4182,878 4301,876 4419,874 4538,874 4656,872 4775,872 4893,872 5012,872 5130,872 5249,870 5367,870 5486,870 5604,870 5723,868 5841,866 5960,866"
                         HEIGHT="95"
                         WIDTH="2399"
                         VPOS="826"
                         HPOS="3576">
                  <String ID="string_region_1638889705777_3503l10"
                          HEIGHT="95"
                          WIDTH="2399"
                          VPOS="826"
                          HPOS="3576"
                          CONTENT="thew by I have so much to pay en severall actt. that I can "/>
               </TextLine>
               <TextLine ID="region_1638889705777_3503l11"
                         BASELINE="3582,988 3699,984 3817,980 3935,977 4052,974 4170,972 4288,970 4405,968 4523,966 4641,964 4759,964 4876,963 4994,962 5112,962 5229,962 5347,964 5465,964 5582,966 5700,968 5818,968 5936,972"
                         HEIGHT="125"
                         WIDTH="2386"
                         VPOS="882"
                         HPOS="3566">
                  <String ID="string_region_1638889705777_3503l11"
                          HEIGHT="125"
                          WIDTH="2386"
                          VPOS="882"
                          HPOS="3566"
                          CONTENT="not remitt, &amp; I hatw to he charged with bills, had you no"/>
               </TextLine>
               <TextLine ID="region_1638889705777_3503l12"
                         BASELINE="3604,1110 3721,1100 3838,1091 3956,1084 4073,1077 4191,1072 4308,1068 4425,1064 4543,1060 4660,1058 4778,1056 4895,1056 5012,1056 5130,1056 5247,1058 5365,1058 5482,1060 5599,1062 5717,1066 5834,1068 5952,1070"
                         HEIGHT="139"
                         WIDTH="2379"
                         VPOS="962"
                         HPOS="3588">
                  <String ID="string_region_1638889705777_3503l12"
                          HEIGHT="139"
                          WIDTH="2379"
                          VPOS="962"
                          HPOS="3588"
                          CONTENT="draw re so much I should have remitted by times, butt leve"/>
               </TextLine>
               <TextLine ID="region_1638889705777_3503l13"
                         BASELINE="3604,1210 3722,1202 3840,1195 3959,1188 4077,1182 4196,1178 4314,1173 4432,1169 4551,1166 4669,1164 4788,1162 4906,1162 5024,1162 5143,1163 5261,1166 5380,1168 5498,1172 5616,1176 5735,1182 5853,1188 5972,1196"
                         HEIGHT="151"
                         WIDTH="2399"
                         VPOS="1066"
                         HPOS="3588">
                  <String ID="string_region_1638889705777_3503l13"
                          HEIGHT="151"
                          WIDTH="2399"
                          VPOS="1066"
                          HPOS="3588"
                          CONTENT="hase not alwayes mory when wee will, herefore then"/>
               </TextLine>
               <TextLine ID="region_1638889705777_3503l14"
                         BASELINE="3608,1320 3722,1313 3837,1305 3951,1300 4066,1293 4181,1288 4295,1284 4410,1280 4524,1276 4639,1274 4754,1272 4868,1272 4983,1272 5097,1274 5212,1276 5327,1280 5441,1284 5556,1289 5670,1297 5785,1304 5900,1314"
                         HEIGHT="184"
                         WIDTH="2323"
                         VPOS="1172"
                         HPOS="3593">
                  <String ID="string_region_1638889705777_3503l14"
                          HEIGHT="184"
                          WIDTH="2323"
                          VPOS="1172"
                          HPOS="3593"
                          CONTENT="wee must keep itt ready towards the bills fale, provy"/>
               </TextLine>
               <TextLine ID="region_1638889705777_3503l15"
                         BASELINE="3612,1436 3721,1427 3830,1418 3939,1412 4048,1405 4157,1400 4266,1394 4375,1390 4484,1388 4593,1384 4702,1384 4811,1382 4920,1382 5029,1384 5138,1386 5247,1389 5356,1393 5465,1397 5574,1404 5683,1410 5792,1418"
                         HEIGHT="162"
                         WIDTH="2212"
                         VPOS="1304"
                         HPOS="3595">
                  <String ID="string_region_1638889705777_3503l15"
                          HEIGHT="162"
                          WIDTH="2212"
                          VPOS="1304"
                          HPOS="3595"
                          CONTENT="make shift to spare mee butt a while &amp; I shall"/>
               </TextLine>
               <TextLine ID="region_1638889705777_3503l16"
                         BASELINE="3596,1560 3715,1546 3834,1535 3953,1526 4072,1518 4192,1512 4311,1506 4430,1502 4549,1500 4668,1498 4788,1498 4907,1498 5026,1498 5145,1498 5264,1500 5384,1500 5503,1501 5622,1502 5741,1500 5860,1500 5980,1498"
                         HEIGHT="183"
                         WIDTH="2416"
                         VPOS="1400"
                         HPOS="3579">
                  <String ID="string_region_1638889705777_3503l16"
                          HEIGHT="183"
                          WIDTH="2416"
                          VPOS="1400"
                          HPOS="3579"
                          CONTENT="then remitt to content, I could wish you had ended"/>
               </TextLine>
               <TextLine ID="region_1638889705777_3503l17"
                         BASELINE="4218,1570 4262,1566"
                         HEIGHT="76"
                         WIDTH="78"
                         VPOS="1523"
                         HPOS="4199">
                  <String ID="string_region_1638889705777_3503l17"
                          HEIGHT="76"
                          WIDTH="78"
                          VPOS="1523"
                          HPOS="4199"
                          CONTENT=""/>
               </TextLine>
               <TextLine ID="region_1638889705777_3503l18"
                         BASELINE="3608,1658 3726,1649 3845,1640 3963,1632 4082,1624 4201,1618 4319,1612 4438,1607 4556,1604 4675,1600 4794,1598 4912,1596 5031,1596 5149,1596 5268,1597 5387,1600 5505,1602 5624,1606 5742,1610 5861,1615 5980,1620"
                         HEIGHT="196"
                         WIDTH="2406"
                         VPOS="1498"
                         HPOS="3590">
                  <String ID="string_region_1638889705777_3503l18"
                          HEIGHT="196"
                          WIDTH="2406"
                          VPOS="1498"
                          HPOS="3590"
                          CONTENT="the bassynes  the seasimes, &amp; was here to have"/>
               </TextLine>
               <TextLine ID="region_1638889705777_3503l19"
                         BASELINE="3604,1768 3722,1766 3841,1762 3959,1758 4078,1753 4197,1748 4315,1743 4434,1738 4552,1734 4671,1729 4790,1724 4908,1722 5027,1718 5145,1716 5264,1716 5383,1714 5501,1716 5620,1718 5738,1722 5857,1727 5976,1734"
                         HEIGHT="214"
                         WIDTH="2405"
                         VPOS="1623"
                         HPOS="3587">
                  <String ID="string_region_1638889705777_3503l19"
                          HEIGHT="214"
                          WIDTH="2405"
                          VPOS="1623"
                          HPOS="3587"
                          CONTENT="yd sausfaction in all, a cvord of what passes"/>
               </TextLine>
               <TextLine ID="region_1638889705777_3503l20"
                         BASELINE="5204,1870 5237,1869 5270,1868 5303,1867 5337,1865 5370,1864 5403,1862 5437,1862 5470,1860 5503,1860 5537,1858 5570,1856 5603,1856 5636,1854 5670,1853 5703,1852 5736,1850 5770,1850 5803,1848 5836,1847 5870,1846"
                         HEIGHT="140"
                         WIDTH="699"
                         VPOS="1759"
                         HPOS="5185">
                  <String ID="string_region_1638889705777_3503l20"
                          HEIGHT="140"
                          WIDTH="699"
                          VPOS="1759"
                          HPOS="5185"
                          CONTENT="@ 18 ditto 1681"/>
               </TextLine>
               <TextLine ID="region_1638889705777_3503l21"
                         BASELINE="3644,1878 3676,1879 3708,1880 3740,1880 3773,1880 3805,1880 3837,1878 3870,1878 3902,1877 3934,1876 3967,1874 3999,1872 4031,1871 4063,1867 4096,1864 4128,1862 4160,1860 4193,1856 4225,1853 4257,1850 4290,1844"
                         HEIGHT="139"
                         WIDTH="682"
                         VPOS="1772"
                         HPOS="3625">
                  <String ID="string_region_1638889705777_3503l21"
                          HEIGHT="139"
                          WIDTH="682"
                          VPOS="1772"
                          HPOS="3625"
                          CONTENT="Lillo ramaine"/>
               </TextLine>
               <TextLine ID="region_1638889705777_3503l22"
                         BASELINE="3410,1966 3449,1961 3488,1954 3527,1949 3567,1944 3606,1941 3645,1937 3685,1935 3724,1934 3763,1932 3803,1930 3842,1930 3881,1928 3920,1928 3960,1926 3999,1924 4038,1922 4078,1921 4117,1917 4156,1914 4196,1910"
                         HEIGHT="154"
                         WIDTH="823"
                         VPOS="1859"
                         HPOS="3390">
                  <String ID="string_region_1638889705777_3503l22"
                          HEIGHT="154"
                          WIDTH="823"
                          VPOS="1859"
                          HPOS="3390"
                          CONTENT="London Honry Maynard"/>
               </TextLine>
               <TextLine ID="region_1638889705777_3503l23"
                         BASELINE="3588,2012 3707,2005 3827,2000 3946,1996 4066,1992 4185,1990 4305,1987 4424,1986 4544,1984 4663,1984 4783,1982 4902,1982 5022,1980 5141,1978 5261,1977 5380,1974 5500,1970 5619,1965 5739,1960 5858,1954 5978,1944"
                         HEIGHT="191"
                         WIDTH="2421"
                         VPOS="1866"
                         HPOS="3572">
                  <String ID="string_region_1638889705777_3503l23"
                          HEIGHT="191"
                          WIDTH="2421"
                          VPOS="1866"
                          HPOS="3572"
                          CONTENT="monsr. Ick hebbe ontfangen de ul van 26 sept &amp; 3 deser de somme betaelt aen mij"/>
               </TextLine>
               <TextLine ID="region_1638889705777_3503l24"
                         BASELINE="3582,2082 3702,2073 3822,2066 3943,2061 4063,2057 4184,2054 4304,2052 4424,2050 4545,2050 4665,2048 4786,2048 4906,2048 5026,2046 5147,2046 5267,2044 5388,2040 5508,2036 5628,2031 5749,2025 5869,2016 5990,2006"
                         HEIGHT="148"
                         WIDTH="2440"
                         VPOS="1959"
                         HPOS="3566">
                  <String ID="string_region_1638889705777_3503l24"
                          HEIGHT="148"
                          WIDTH="2440"
                          VPOS="1959"
                          HPOS="3566"
                          CONTENT="monsr. baudier van brussel is ƒ1618:10 ¼ waer voore ul sijn Rek corant magh"/>
               </TextLine>
               <TextLine ID="region_1638889705777_3503l25"
                         BASELINE="3596,2132 3713,2130 3830,2128 3947,2126 4065,2123 4182,2121 4299,2120 4417,2118 4534,2116 4651,2114 4769,2112 4886,2110 5003,2108 5120,2104 5238,2102 5355,2099 5472,2096 5590,2092 5707,2088 5824,2083 5942,2078"
                         HEIGHT="156"
                         WIDTH="2378"
                         VPOS="2013"
                         HPOS="3580">
                  <String ID="string_region_1638889705777_3503l25"
                          HEIGHT="156"
                          WIDTH="2378"
                          VPOS="2013"
                          HPOS="3580"
                          CONTENT="creditteeren voorsoo veel de mijne belanght, sal daer voore mede remises seynden"/>
               </TextLine>
               <TextLine ID="region_1638889705777_3503l26"
                         BASELINE="3608,2196 3726,2192 3844,2188 3962,2186 4081,2183 4199,2180 4317,2178 4436,2176 4554,2174 4672,2172 4791,2170 4909,2169 5027,2167 5145,2166 5264,2164 5382,2160 5500,2158 5619,2156 5737,2153 5855,2150 5974,2146"
                         HEIGHT="130"
                         WIDTH="2396"
                         VPOS="2084"
                         HPOS="3594">
                  <String ID="string_region_1638889705777_3503l26"
                          HEIGHT="130"
                          WIDTH="2396"
                          VPOS="2084"
                          HPOS="3594"
                          CONTENT="waer op ul sich magh verlate, want ick absolutelijk alle maniere van treken"/>
               </TextLine>
               <TextLine ID="region_1638889705777_3503l27"
                         BASELINE="3602,2262 3721,2258 3840,2254 3959,2250 4078,2246 4198,2244 4317,2242 4436,2240 4555,2238 4674,2238 4794,2236 4913,2234 5032,2234 5151,2232 5270,2229 5390,2226 5509,2222 5628,2218 5747,2212 5866,2206 5986,2200"
                         HEIGHT="122"
                         WIDTH="2413"
                         VPOS="2166"
                         HPOS="3588">
                  <String ID="string_region_1638889705777_3503l27"
                          HEIGHT="122"
                          WIDTH="2413"
                          VPOS="2166"
                          HPOS="3588"
                          CONTENT="wil voorcomen: hope Richd pindar haest sal arriveeren, wenschte wel ul aen"/>
               </TextLine>
               <TextLine ID="region_1638889705777_3503l28"
                         BASELINE="3590,2326 3709,2320 3829,2316 3948,2313 4068,2310 4188,2308 4307,2308 4427,2306 4546,2306 4666,2304 4786,2304 4905,2302 5025,2300 5144,2298 5264,2295 5384,2291 5503,2286 5623,2280 5742,2273 5862,2264 5982,2254"
                         HEIGHT="138"
                         WIDTH="2424"
                         VPOS="2213"
                         HPOS="3573">
                  <String ID="string_region_1638889705777_3503l28"
                          HEIGHT="138"
                          WIDTH="2424"
                          VPOS="2213"
                          HPOS="3573"
                          CONTENT="mij notteerde, wat in yder pack N. 43 &amp; 44: particolierlijk is gepackt comanden"/>
               </TextLine>
               <TextLine ID="region_1638889705777_3503l29"
                         BASELINE="3594,2388 3713,2385 3832,2381 3951,2378 4070,2376 4190,2374 4309,2372 4428,2372 4547,2370 4666,2369 4786,2368 4905,2366 5024,2364 5143,2362 5262,2359 5382,2355 5501,2351 5620,2344 5739,2338 5858,2331 5978,2322"
                         HEIGHT="119"
                         WIDTH="2415"
                         VPOS="2281"
                         HPOS="3578">
                  <String ID="string_region_1638889705777_3503l29"
                          HEIGHT="119"
                          WIDTH="2415"
                          VPOS="2281"
                          HPOS="3578"
                          CONTENT="verkoop der selve mijte reguleeren, alsoo in ul facture de spayen door een sijn"/>
               </TextLine>
               <TextLine ID="region_1638889705777_3503l30"
                         BASELINE="3602,2464 3719,2457 3836,2450 3953,2445 4070,2442 4188,2438 4305,2436 4422,2434 4539,2434 4656,2432 4774,2432 4891,2431 5008,2430 5125,2428 5242,2426 5360,2422 5477,2416 5594,2412 5711,2403 5828,2393 5946,2382"
                         HEIGHT="166"
                         WIDTH="2378"
                         VPOS="2335"
                         HPOS="3585">
                  <String ID="string_region_1638889705777_3503l30"
                          HEIGHT="166"
                          WIDTH="2378"
                          VPOS="2335"
                          HPOS="3585"
                          CONTENT="gescreven, soo gelieft die van elck pack pernaeste te laten weten. hebbe"/>
               </TextLine>
               <TextLine ID="region_1638889705777_3503l31"
                         BASELINE="3572,2534 3693,2526 3814,2522 3935,2518 4056,2514 4177,2512 4298,2510 4419,2508 4540,2508 4661,2506 4783,2504 4904,2504 5025,2500 5146,2498 5267,2494 5388,2490 5509,2485 5630,2477 5751,2470 5872,2458 5994,2448"
                         HEIGHT="173"
                         WIDTH="2451"
                         VPOS="2378"
                         HPOS="3556">
                  <String ID="string_region_1638889705777_3503l31"
                          HEIGHT="173"
                          WIDTH="2451"
                          VPOS="2378"
                          HPOS="3556"
                          CONTENT="ul gecreditteert voor mijn ½ in de 3 packen, aen boort Jan fenwick, tis wel"/>
               </TextLine>
               <TextLine ID="region_1638889705777_3503l32"
                         BASELINE="3594,2598 3713,2590 3832,2583 3951,2578 4070,2574 4189,2571 4308,2568 4427,2566 4546,2566 4665,2564 4784,2564 4903,2562 5022,2560 5141,2558 5260,2556 5379,2553 5498,2548 5617,2542 5736,2536 5855,2528 5974,2518"
                         HEIGHT="161"
                         WIDTH="2411"
                         VPOS="2461"
                         HPOS="3579">
                  <String ID="string_region_1638889705777_3503l32"
                          HEIGHT="161"
                          WIDTH="2411"
                          VPOS="2461"
                          HPOS="3579"
                          CONTENT="dat ul 4 a 5 superfijne lakens per packetbost, ofte eerste occasie adroiture"/>
               </TextLine>
               <TextLine ID="region_1638889705777_3503l33"
                         BASELINE="3598,2666 3717,2662 3837,2658 3956,2653 4076,2650 4196,2648 4315,2646 4435,2643 4554,2641 4674,2638 4794,2636 4913,2634 5033,2632 5152,2628 5272,2624 5392,2620 5511,2615 5631,2610 5750,2602 5870,2595 5990,2586"
                         HEIGHT="177"
                         WIDTH="2424"
                         VPOS="2525"
                         HPOS="3583">
                  <String ID="string_region_1638889705777_3503l33"
                          HEIGHT="177"
                          WIDTH="2424"
                          VPOS="2525"
                          HPOS="3583"
                          CONTENT="sal senden, diedien volgens verwaghte, hebbe noch veele leeghe prijsen bij mij ende"/>
               </TextLine>
               <TextLine ID="region_1638889705777_3503l34"
                         BASELINE="3574,2738 3695,2731 3816,2727 3937,2722 4058,2719 4179,2716 4300,2714 4421,2712 4542,2712 4663,2710 4784,2708 4905,2708 5026,2705 5147,2702 5268,2700 5389,2694 5510,2690 5631,2684 5752,2675 5873,2666 5994,2654"
                         HEIGHT="120"
                         WIDTH="2450"
                         VPOS="2631"
                         HPOS="3559">
                  <String ID="string_region_1638889705777_3503l34"
                          HEIGHT="120"
                          WIDTH="2450"
                          VPOS="2631"
                          HPOS="3559"
                          CONTENT="de 2 laste packen noch niet geopent, soo dat tot noch toe geen occasie hebbe van"/>
               </TextLine>
               <TextLine ID="region_1638889705777_3503l35"
                         BASELINE="3594,2810 3712,2804 3830,2798 3948,2794 4067,2791 4185,2788 4303,2786 4422,2784 4540,2782 4658,2780 4777,2778 4895,2776 5013,2774 5131,2772 5250,2768 5368,2764 5486,2759 5605,2754 5723,2747 5841,2739 5960,2730"
                         HEIGHT="164"
                         WIDTH="2397"
                         VPOS="2674"
                         HPOS="3576">
                  <String ID="string_region_1638889705777_3503l35"
                          HEIGHT="164"
                          WIDTH="2397"
                          VPOS="2674"
                          HPOS="3576"
                          CONTENT="die te ordoinneeren, niet tegenstaende ul doet wel mij te informeeren hoede"/>
               </TextLine>
               <TextLine ID="region_1638889705777_3503l36"
                         BASELINE="3592,2878 3711,2871 3831,2864 3951,2859 4070,2854 4190,2852 4310,2850 4429,2848 4549,2846 4669,2844 4789,2844 4908,2842 5028,2840 5148,2838 5267,2836 5387,2832 5507,2828 5626,2822 5746,2815 5866,2805 5986,2794"
                         HEIGHT="161"
                         WIDTH="2426"
                         VPOS="2742"
                         HPOS="3577">
                  <String ID="string_region_1638889705777_3503l36"
                          HEIGHT="161"
                          WIDTH="2426"
                          VPOS="2742"
                          HPOS="3577"
                          CONTENT="merckten ende de lakens sigh daer governeren ul en sal geen geil ofte roymerre"/>
               </TextLine>
               <TextLine ID="region_1638889705777_3503l37"
                         BASELINE="3608,2942 3726,2934 3844,2929 3962,2924 4081,2921 4199,2918 4317,2915 4436,2914 4554,2912 4672,2910 4791,2910 4909,2908 5027,2906 5145,2904 5264,2904 5382,2900 5500,2898 5619,2893 5737,2888 5855,2882 5974,2876"
                         HEIGHT="122"
                         WIDTH="2395"
                         VPOS="2832"
                         HPOS="3593">
                  <String ID="string_region_1638889705777_3503l37"
                          HEIGHT="122"
                          WIDTH="2395"
                          VPOS="2832"
                          HPOS="3593"
                          CONTENT="packlakens voor mij koopen, tot dat deselve vallen als wanneer van elix eenige"/>
               </TextLine>
               <TextLine ID="region_1638889705777_3503l38"
                         BASELINE="3592,2998 3710,2993 3829,2990 3948,2988 4067,2986 4186,2982 4305,2982 4424,2980 4543,2978 4662,2978 4781,2976 4899,2974 5018,2974 5137,2972 5256,2970 5375,2966 5494,2964 5613,2960 5732,2956 5851,2951 5970,2946"
                         HEIGHT="127"
                         WIDTH="2410"
                         VPOS="2903"
                         HPOS="3575">
                  <String ID="string_region_1638889705777_3503l38"
                          HEIGHT="127"
                          WIDTH="2410"
                          VPOS="2903"
                          HPOS="3575"
                          CONTENT="van doen hebbe verwondere mij dat ul vande 6N selve mercken geene mentie"/>
               </TextLine>
               <TextLine ID="region_1638889705777_3503l39"
                         BASELINE="3608,3068 3726,3062 3845,3058 3964,3054 4083,3052 4202,3050 4320,3048 4439,3046 4558,3046 4677,3044 4796,3044 4914,3042 5033,3040 5152,3040 5271,3036 5390,3034 5508,3030 5627,3026 5746,3022 5865,3015 5984,3008"
                         HEIGHT="130"
                         WIDTH="2409"
                         VPOS="2950"
                         HPOS="3592">
                  <String ID="string_region_1638889705777_3503l39"
                          HEIGHT="130"
                          WIDTH="2409"
                          VPOS="2950"
                          HPOS="3592"
                          CONTENT="meer en maekt, en hadde niet gedackt ofte soude de selve voor nu al hebbe gehadt "/>
               </TextLine>
               <TextLine ID="region_1638889705777_3503l40"
                         BASELINE="3586,3130 3706,3126 3827,3124 3947,3122 4068,3120 4188,3118 4309,3116 4429,3114 4550,3114 4670,3112 4791,3112 4911,3110 5032,3108 5152,3107 5273,3104 5393,3102 5514,3100 5634,3096 5755,3092 5875,3088 5996,3082"
                         HEIGHT="106"
                         WIDTH="2441"
                         VPOS="3035"
                         HPOS="3569">
                  <String ID="string_region_1638889705777_3503l40"
                          HEIGHT="106"
                          WIDTH="2441"
                          VPOS="3035"
                          HPOS="3569"
                          CONTENT="door dien dat de leege prijsen spaensche lakens soo sleght hebbe gevallen dit suisoen"/>
               </TextLine>
               <TextLine ID="region_1638889705777_3503l41"
                         BASELINE="3606,3194 3724,3194 3843,3192 3962,3190 4080,3190 4199,3188 4318,3188 4436,3186 4555,3186 4674,3184 4793,3182 4911,3182 5030,3180 5149,3178 5267,3176 5386,3174 5505,3171 5623,3167 5742,3164 5861,3160 5980,3156"
                         HEIGHT="137"
                         WIDTH="2405"
                         VPOS="3098"
                         HPOS="3590">
                  <String ID="string_region_1638889705777_3503l41"
                          HEIGHT="137"
                          WIDTH="2405"
                          VPOS="3098"
                          HPOS="3590"
                          CONTENT="heeft hun het volck veel met noortsche goederen bedient, oock door de fransche"/>
               </TextLine>
               <TextLine ID="region_1638889705777_3503l42"
                         BASELINE="3598,3256 3717,3256 3837,3254 3957,3254 4076,3254 4196,3254 4316,3254 4435,3252 4555,3252 4675,3252 4795,3252 4914,3250 5034,3250 5154,3248 5273,3246 5393,3244 5513,3241 5632,3238 5752,3234 5872,3230 5992,3224"
                         HEIGHT="122"
                         WIDTH="2422"
                         VPOS="3172"
                         HPOS="3584">
                  <String ID="string_region_1638889705777_3503l42"
                          HEIGHT="122"
                          WIDTH="2422"
                          VPOS="3172"
                          HPOS="3584"
                          CONTENT="allarnen, wort onse verkoop veel belet, soo dat ick voor ul overcomste weynige"/>
               </TextLine>
               <TextLine ID="region_1638889705777_3503l43"
                         BASELINE="3598,3320 3714,3320 3831,3320 3948,3320 4065,3320 4182,3320 4298,3320 4415,3320 4532,3320 4649,3322 4766,3322 4882,3322 4999,3322 5116,3322 5233,3322 5350,3320 5466,3320 5583,3318 5700,3316 5817,3314 5934,3310"
                         HEIGHT="98"
                         WIDTH="2366"
                         VPOS="3270"
                         HPOS="3582">
                  <String ID="string_region_1638889705777_3503l43"
                          HEIGHT="98"
                          WIDTH="2366"
                          VPOS="3270"
                          HPOS="3582"
                          CONTENT="meer noodigh hebbe sul, soo de auroras eenighsins beter coop weirden soude wel"/>
               </TextLine>
               <TextLine ID="region_1638889705777_3503l44"
                         BASELINE="3614,3392 3732,3388 3851,3386 3969,3386 4088,3384 4207,3384 4325,3386 4444,3386 4562,3386 4681,3388 4800,3389 4918,3390 5037,3392 5155,3392 5274,3392 5393,3392 5511,3392 5630,3390 5748,3388 5867,3385 5986,3380"
                         HEIGHT="76"
                         WIDTH="2402"
                         VPOS="3348"
                         HPOS="3600">
                  <String ID="string_region_1638889705777_3503l44"
                          HEIGHT="76"
                          WIDTH="2402"
                          VPOS="3348"
                          HPOS="3600"
                          CONTENT="5 stucken begeiven, maer bij aldien ul dat selfs niet en oordeelt, en in wille geen"/>
               </TextLine>
               <TextLine ID="region_1638889705777_3503l45"
                         BASELINE="3598,3476 3711,3472 3825,3466 3938,3464 4052,3460 4166,3458 4279,3458 4393,3458 4506,3458 4620,3458 4734,3458 4847,3458 4961,3458 5074,3459 5188,3460 5302,3460 5415,3458 5529,3458 5642,3456 5756,3454 5870,3452"
                         HEIGHT="117"
                         WIDTH="2302"
                         VPOS="3393"
                         HPOS="3583">
                  <String ID="string_region_1638889705777_3503l45"
                          HEIGHT="117"
                          WIDTH="2302"
                          VPOS="3393"
                          HPOS="3583"
                          CONTENT="want mij daer in aen ul eygen quisement refereere ingeslote is de veevne"/>
               </TextLine>
               <TextLine ID="region_1638889705777_3503l46"
                         BASELINE="3606,3550 3725,3544 3844,3538 3964,3536 4083,3532 4203,3530 4322,3530 4441,3528 4561,3528 4680,3528 4800,3530 4919,3530 5038,3530 5158,3530 5277,3530 5397,3530 5516,3530 5635,3528 5755,3526 5874,3524 5994,3520"
                         HEIGHT="98"
                         WIDTH="2417"
                         VPOS="3471"
                         HPOS="3592">
                  <String ID="string_region_1638889705777_3503l46"
                          HEIGHT="98"
                          WIDTH="2417"
                          VPOS="3471"
                          HPOS="3592"
                          CONTENT="verkoop van sept. lest, de welk t'accort bevindende, gelieft te rest registeeren"/>
               </TextLine>
               <TextLine ID="region_1638889705777_3503l47"
                         BASELINE="3606,3630 3724,3625 3843,3622 3962,3618 4080,3616 4199,3614 4318,3613 4436,3612 4555,3610 4674,3610 4793,3610 4911,3610 5030,3610 5149,3610 5267,3608 5386,3608 5505,3608 5623,3606 5742,3606 5861,3604 5980,3602"
                         HEIGHT="86"
                         WIDTH="2405"
                         VPOS="3562"
                         HPOS="3591">
                  <String ID="string_region_1638889705777_3503l47"
                          HEIGHT="86"
                          WIDTH="2405"
                          VPOS="3562"
                          HPOS="3591"
                          CONTENT="wegens mr. slaughter sal per naeste selfs scrijven, ben sedert 8 dagen"/>
               </TextLine>
               <TextLine ID="region_1638889705777_3503l48"
                         BASELINE="3590,3712 3699,3708 3809,3704 3919,3702 4029,3698 4139,3696 4249,3696 4359,3694 4469,3694 4579,3692 4689,3692 4798,3692 4908,3692 5018,3690 5128,3690 5238,3688 5348,3686 5458,3684 5568,3682 5678,3678 5788,3674"
                         HEIGHT="125"
                         WIDTH="2230"
                         VPOS="3620"
                         HPOS="3574">
                  <String ID="string_region_1638889705777_3503l48"
                          HEIGHT="125"
                          WIDTH="2230"
                          VPOS="3620"
                          HPOS="3574"
                          CONTENT="met bloyen uyt den neus gesuelt geweest, dat mij soo danigh heeft"/>
               </TextLine>
               <TextLine ID="region_1638889705777_3503l49"
                         BASELINE="3606,3806 3720,3796 3835,3789 3950,3784 4065,3780 4180,3778 4295,3776 4410,3774 4525,3774 4640,3774 4755,3774 4869,3774 4984,3774 5099,3775 5214,3774 5329,3774 5444,3771 5559,3768 5674,3764 5789,3760 5904,3752"
                         HEIGHT="153"
                         WIDTH="2329"
                         VPOS="3690"
                         HPOS="3589">
                  <String ID="string_region_1638889705777_3503l49"
                          HEIGHT="153"
                          WIDTH="2329"
                          VPOS="3690"
                          HPOS="3589"
                          CONTENT="gedebiliteert dat ick aen ul selfs niet en scrijve, twelk, alsoo"/>
               </TextLine>
               <TextLine ID="region_1638889705777_3503l50"
                         BASELINE="3624,3890 3741,3882 3858,3878 3975,3874 4092,3870 4209,3868 4326,3866 4443,3864 4560,3862 4677,3862 4795,3862 4912,3860 5029,3860 5146,3858 5263,3858 5380,3856 5497,3854 5614,3851 5731,3848 5848,3844 5966,3838"
                         HEIGHT="137"
                         WIDTH="2372"
                         VPOS="3763"
                         HPOS="3610">
                  <String ID="string_region_1638889705777_3503l50"
                          HEIGHT="137"
                          WIDTH="2372"
                          VPOS="3763"
                          HPOS="3610"
                          CONTENT="voorde handt betert, per naeste hope sal gescieden tenwijlen nunne"/>
               </TextLine>
               <TextLine ID="region_1638889705777_3503l51"
                         BASELINE="3622,3978 3653,3975 3684,3974 3716,3972 3747,3971 3779,3970 3810,3968 3841,3967 3873,3964 3904,3963 3936,3962 3967,3960 3998,3960 4030,3957 4061,3956 4093,3955 4124,3954 4155,3953 4187,3952 4218,3950 4250,3950"
                         HEIGHT="146"
                         WIDTH="663"
                         VPOS="3880"
                         HPOS="3604">
                  <String ID="string_region_1638889705777_3503l51"
                          HEIGHT="146"
                          WIDTH="663"
                          VPOS="3880"
                          HPOS="3604"
                          CONTENT="groet Blijve "/>
               </TextLine>
               <TextLine ID="region_1638889705777_3503l52"
                         BASELINE="5350,3976 5379,3976 5408,3976 5438,3976 5467,3976 5497,3974 5526,3974 5555,3974 5585,3974 5614,3972 5644,3972 5673,3972 5702,3972 5732,3970 5761,3970 5791,3970 5820,3970 5849,3971 5879,3972 5908,3972 5938,3974"
                         HEIGHT="112"
                         WIDTH="618"
                         VPOS="3916"
                         HPOS="5335">
                  <String ID="string_region_1638889705777_3503l52"
                          HEIGHT="112"
                          WIDTH="618"
                          VPOS="3916"
                          HPOS="5335"
                          CONTENT="a 18 ditto 16811"/>
               </TextLine>
               <TextLine ID="region_1638889705777_3503l53"
                         BASELINE="3462,4046 3494,4044 3527,4042 3559,4042 3592,4040 3624,4039 3657,4038 3689,4038 3722,4036 3754,4036 3787,4034 3819,4032 3852,4032 3884,4032 3917,4030 3949,4030 3982,4030 4014,4028 4047,4028 4079,4028 4112,4028"
                         HEIGHT="134"
                         WIDTH="683"
                         VPOS="3955"
                         HPOS="3445">
                  <String ID="string_region_1638889705777_3503l53"
                          HEIGHT="134"
                          WIDTH="683"
                          VPOS="3955"
                          HPOS="3445"
                          CONTENT="daeh layte ys aa"/>
               </TextLine>
               <TextLine ID="region_1638889705777_3503l54"
                         BASELINE="3614,4090 3732,4086 3850,4082 3969,4080 4087,4078 4206,4078 4324,4076 4442,4076 4561,4076 4679,4076 4798,4076 4916,4076 5034,4076 5153,4076 5271,4076 5390,4076 5508,4076 5626,4076 5745,4074 5863,4072 5982,4070"
                         HEIGHT="121"
                         WIDTH="2399"
                         VPOS="3997"
                         HPOS="3597">
                  <String ID="string_region_1638889705777_3503l54"
                          HEIGHT="121"
                          WIDTH="2399"
                          VPOS="3997"
                          HPOS="3597"
                          CONTENT="m. sende ul nocheen balle wolle om daer mede mijne witte op te maken &amp; geen ingesloten"/>
               </TextLine>
               <TextLine ID="region_1638889705777_3503l55"
                         BASELINE="3612,4156 3731,4152 3850,4148 3969,4146 4088,4144 4208,4142 4327,4140 4446,4140 4565,4140 4684,4140 4804,4140 4923,4140 5042,4142 5161,4142 5280,4142 5400,4142 5519,4142 5638,4140 5757,4140 5876,4138 5996,4136"
                         HEIGHT="89"
                         WIDTH="2414"
                         VPOS="4104"
                         HPOS="3597">
                  <String ID="string_region_1638889705777_3503l55"
                          HEIGHT="89"
                          WIDTH="2414"
                          VPOS="4104"
                          HPOS="3597"
                          CONTENT="een stael om een coleur te maken &amp; een stael voorde liest de welke genaeert sijnde"/>
               </TextLine>
               <TextLine ID="region_1638889705777_3503l56"
                         BASELINE="3600,4220 3718,4214 3836,4211 3954,4208 4072,4206 4190,4206 4308,4206 4426,4206 4544,4206 4662,4206 4781,4208 4899,4208 5017,4210 5135,4210 5253,4210 5371,4210 5489,4210 5607,4208 5725,4206 5843,4202 5962,4196"
                         HEIGHT="91"
                         WIDTH="2392"
                         VPOS="4151"
                         HPOS="3584">
                  <String ID="string_region_1638889705777_3503l56"
                          HEIGHT="91"
                          WIDTH="2392"
                          VPOS="4151"
                          HPOS="3584"
                          CONTENT="mij toe sent om hier te vollen, de welk bij aldien mij aenstaet dan voorder sullen"/>
               </TextLine>
               <TextLine ID="region_1638889705777_3503l57"
                         BASELINE="3622,4290 3739,4287 3857,4284 3975,4282 4093,4280 4211,4278 4329,4276 4447,4276 4565,4274 4683,4274 4801,4274 4918,4272 5036,4272 5154,4272 5272,4272 5390,4272 5508,4270 5626,4270 5744,4270 5862,4268 5980,4268"
                         HEIGHT="96"
                         WIDTH="2390"
                         VPOS="4216"
                         HPOS="3606">
                  <String ID="string_region_1638889705777_3503l57"
                          HEIGHT="96"
                          WIDTH="2390"
                          VPOS="4216"
                          HPOS="3606"
                          CONTENT="spreken florus sal ul gelt geven laet de witte comen soo heeeft de selve gedaen"/>
               </TextLine>
               <TextLine ID="region_1638889705777_3503l58"
                         BASELINE="3612,4346 3638,4348 3664,4350 3691,4351 3717,4352 3744,4350"
                         HEIGHT="105"
                         WIDTH="168"
                         VPOS="4291"
                         HPOS="3595">
                  <String ID="string_region_1638889705777_3503l58"
                          HEIGHT="105"
                          WIDTH="168"
                          VPOS="4291"
                          HPOS="3595"
                          CONTENT="sijn"/>
               </TextLine>
            </TextBlock>
         </PrintSpace>
      </Page>
   </Layout>
</alto>
