8440 4649
2157 231 1000 134 Aw: 28 juln 1681

764 261 1024 137 Colonia Ceiyssen en van bom

960 321 2208 192 mes volgensn ck laesste advies sijn beyde de snkettierknt n

973 375 2222 207 mij geworden, in de weirde van ue desbours aen morcs

990 519 2243 138 Deniel Bissehop vergoiyt: soo noch meerder ter kan

999 567 2154 207 komen gelieft die voor tost hoppan te sewenen, alsoo

983 696 1555 190 met den selven daer over heb gesspolen

2304 764 924 149 In Antwerpen 27 July 1681

786 816 657 143 Turnheut Will Saen

961 891 2274 135 monsr. desen tot advies als dat ick geen £ 3 segels meer noodich hebbe maer in

965 959 2296 144 pleatse  3 segels en 2 segels, soo dat ul van die soorte eenighe gelieft rede

957 1065 1980 132 te maken, & droft gelijk wij hebbe geordonneert waer op mij verleter

2694 1059 428 165 29 ditto

743 1104 880 173 Turnhout Beeter mertens

975 1169 2296 170 mons u½ gelieft mij geen 3 segels tijken te senden maer well  grootloot

981 1248 2293 156 en 3 segels moet oock eenighe  2 segels hebben oversulx doet ul desuor

993 1384 1619 101 vm mij wiel te acommandereenterwe

2682 1368 525 164 @ 29 ditto

740 1410 720 143 Mons Pierre Meurant

990 1471 2251 135 mons. En response a la vre du 33 d guillert so suis mariez devoir vous encore

998 1571 2138 99 in dispose neamours j'espere qu'en bref vous sera gueri enfin de nou

992 1660 2174 90 venir voir quand il vous pleas pour ma parte je suis bien pour veu detoutes

988 1690 2278 138 sortes de marchandisse et comme la quantitie est trop vande cest laraison

975 1763 2278 121 que ie n'ay pas envoyez des eschantillions mais quand tous eft icy, ie ne

980 1826 2234 132 doubt pas de vous pouvoir servire entre temp 1 attend encor un do zaine de

994 1888 2184 161 paques de draperies, si vous voulez attendre encor aultre novelle, vous

982 1939 2279 143 toouvera bon asso tement, ne amoins venez uand il vous plaire car

2633 2011 601 145 a 29 ditto 168

908 2064 766 100 d. Je suis Rousiours

769 2119 626 125 Dermons mall: often

1000 2122 2187 146 mons. in antwoort aenden ul van gisteren sende ul heden met de contvoiy p. schip

1010 2234 1782 146 peeter  lensens volgens ordre in een packen

1250 2284 2010 139 5 mushus lanck breest sergie 23 stucken door een a ƒ40  ƒ120

1245 2376 649 71 2 modecoleure ditto

977 2341 2318 182 deserges drape hebbe het geheel pack seffens verkoght, ende de lieden en wilde

992 2443 2283 119 de 3 stucken niet apart laten uytnemen, soo dat daer door anders die soote

1014 2521 2226 134 samen niet soude verkoght hebben doch ick oorgal verwachte ten eerst

1023 2601 2247 88 een pack serges drape alte gaden coleur de pine, daeruyt het sal vergorden

1005 2629 2278 136 endde bewagen ul staelen om 3 goode stucken te senden, waer op ul vrijlgh

1025 2728 1220 119 magh verlaten terwijlen blijve

2647 2740 525 107 @ 30 July 1681

754 2741 771 154 London Henry Maynard

2492 2798 60 67 d

1906 2820 197 79 th 16

1020 2795 2261 151 Sr. my last to you was on the 23: curitt sence recd yd of 15: ditto as to the bayes

1013 2939 2256 71 they are very deare in the north where fore wee may desist yett a while

1011 2942 2262 125 though I doubt I shall want a hundred peeces be fore winter: I have qve

1025 3018 2272 153 you credits for my halfe share in the reds aboard Ben: Clarck & in the

1012 3078 2211 139 northrens aboardpindar. I thought my ordr for northen goods was

1013 3146 2170 129 formerly compleated, yett hope this bale will prove to content

2106 3194 1160 108 the aurooas are to deare, therefore

1029 3237 934 120 God sone all safe to arrive

1027 3283 2265 129 you did well to send non for wee must studdy to gaine & not to loose:

1013 3333 2238 162 I take not ice what you did concerneng trade others of this towne

1040 3446 2247 107 when I see you, I hope to give you good satisfaction there in, as also

1029 3515 2262 111 in the continuation of our trade, thougst doubt less the 3 necees whare

1045 3572 2174 114 houses in cloth will do us preiudice of that more when see you i

1030 3647 2265 125 hath seen very de ad of late for mony which I hope is over I am ring

1029 3720 2261 117 to brussels and de endeavour to remitt you £1000: which I exspect

1038 3768 2279 146 to performe in cevery short time ou which you may depend & for yd

1037 3837 2267 158 commodation, shall remitt what is for my acctt. ast short sight &

1041 3958 1955 132 for yd att 2 uso & so remaine with kinde salato

2661 3997 460 109 @ 30 d itto

794 4013 742 144 London Abramvivian

2098 4056 71 99 h

1059 4086 2174 143 Sr. sence my last to you of 23 curitt reseaved yd of 11 & 15 ditto in

1054 4168 2263 127 the first you advise mee the lading of 6 bales withent notn n

1062 4258 2245 127 what vessel thought I supose itt is aboard pindar because you said

1039 4330 2279 155 that nelson lyds out for london & yett in yd latters itt I coms t hat

3514 231 2461 109 the goods ard avoard of nelson: I could wish you did send mee the bill of

3523 293 2418 82 loading of what goods soever you shipt, for you can have 2 bill one of them

3533 376 2467 97 for eee o the other for yd selfa I supose that mr. potter shall exceed us. pareson

3536 442 2414 91 in all respects for as much as yett I can learne, besides itt will be casies for

3543 524 2397 79 you asso to keep to one onely: as to the last bayes they ares good for them

3528 580 2421 88 prijses, and well bought, butt the 2 that are less is a great mistake & I have

3537 637 2470 96 examined them over & over againe my self so that what I woott you is realy

3550 695 2427 116 so I could wish to have a houndred bayes more for the prijses, so in case yd siend

3544 755 2455 143 could provide some marcks cas I should advise for the: same prijses, I shoud

3536 841 2419 106 be content where fore informe yd self concerning the same for shall

3541 926 2403 67 want more bayes before winter I am sorry to see that the laces prove

3537 954 2434 108 not to yd minde & yett others do not complaine, so do not know where

3532 1020 2427 104 the case byes yo want more mony, I a sorry that I can not provide

3537 1100 2433 100 you with what you desire up on demand for wee have hadd a mightly ded

3524 1148 2306 91 time of late in mony, so that I have don all I could hetherto & shall

3545 1230 1891 79 endeavour further to suply you whilst now I remaine

5142 1225 672 123 Antw: 30 July

3357 1248 706 134 London George Cole

4366 1323 49 52 h

3552 1326 2439 111 S in answer to yd of 8: curitt I can assure you that payment is vere badd here

3550 1386 2414 134 & worse then ever itt was yett so that I could wish you was here butt he kalf

3553 1437 2446 126 an how & I should be able to give you such content that I doubt not butt you

3546 1504 2409 134 should answer to satis fartion, tot lose that are so mguiring after mee

3536 1567 2384 146 I do assure you I make no use of that mony, butt endeavour all I can

3550 1634 2390 110 to cleare that acctt. for I do not love to be scrupeled inclosed you have

3568 1688 2373 132 mj bill for £70: on mr. Henry Collier att 2uso for which please to give

3547 1785 2412 103 mee creditt att 35:5: I shall do all I can to remitt more S. first intrim

3551 1832 2369 105 receave no letters from mr. D. vivian I desire you to hefp mee to my

3565 1889 1323 107 mony & so remaine with kend saluto

5292 1888 461 140 @ 30 July

3357 1924 838 130 London Henty collier

3549 1978 2395 152 S. in answer to yd of 8 & 15 curitt I have accepted yd bill for £100: & yeasterday

3556 2035 2321 182 payd the £30:- att 35:6: to william powell for francus forsterd as you

4263 2104 1705 130 ast, I have also examined yd acctt. and find that itt is

3570 2146 679 131 ordered mee the 17

3566 2197 2398 122 rmpossible to cleare the last acctt. yett for the payement are worse then

3560 2253 2389 124 evertley were, besides of the debts transported by the idow boels doth

3567 2309 2387 143 not come in one penny, & yett I am charges ther a with up on yd acctt

3564 2398 2378 136 I assure you that I do not love to complaine and could wish to reture

3543 2448 2379 114 yd mony to yd owne content, butt as things now, gothose is no hopes to

3550 2503 2408 127 tradeis brought low & mony extreamly seare there by the countrey

3570 2584 2296 119 men aeld aghine with warr & itt can herdely fus sist without itt

3567 2650 2342 138 I must remitt mr. Anneslay £50: & mr George Cole £70: so have send

3562 2714 2369 122 them my bills on you att 2 uso att 35:5: & that I could not avoid for have

3583 2796 2336 98 no monyes in cash, so please to accept them & note accordingly I take

3575 2859 2339 101 notice you bought 20 cottons, please to dispatch them for they ought

3576 2924 2427 127 to be here in short time: tis good you sold the returned cloathes they: will

3583 2999 2409 109 have yalded much more with you then ever I should have been able to mak

3587 3074 2390 95 off here: as to the concernig of m.TH. I hope the in large p nett whilst

3365 3133 885 137 London Arthur Anneslay

5341 3139 495 144 @ 30 ditto

4671 3177 97 91 h

3597 3198 2366 128 Sr. my last to you was on the 16: curitt sence non from you inclosed £50

3568 3302 2336 76 on mr. Henry Collier of yd acctt in my owne bill att 35: 5 more p next

3585 3385 2247 112 intrim. I have recd our 4 bales come by thom Elsdon the serges prove

3572 3444 2412 96 indifferent well, butt the whate perpetunness are extrauagant d'eare & not

3573 3519 2385 112 by 518 apr worth their price, I have sold 42 serpes which will render about

3576 3606 2317 113 9 p. proffitt & hope to make as much of the rest: John Ewings

3589 3679 2363 112 me and wils is arrived from Eion, butt I do not perceave that our last goods

3594 3779 2321 76 are aboard, of him which I could have wished, for do much want them

3583 3836 2336 93 inclosed you have the pattarnes of the bale N.16 accordingly to which

3584 3891 2378 96 please to order mr. wood to provide one bale of 25 cloth serves more a to

3577 3934 2370 139 dispatch the one & the other as soone as possible &to endeavour for good

3574 4035 2360 119 goods pray tell him that the goods must be some what more prest then

3585 4119 2393 122 these last have been in so much that they may have a shire of acolandes

3587 4202 2300 134 & lett him bestow 26 to 50  a peeces which is recommanded to yd

3600 4268 787 118 cure whilst
