8556 4615
1059 257 2280 81 weirde ul de weirde mij daer nae soude connen rembourseeren sijnde

3049 308 161 89 Anmo

1055 303 1269 132 £12:1:6 waermede blijve

2683 323 633 143 Antw: Pr x6er

810 388 807 108 Leuven Joan De Goeder

1069 407 2198 146 monsr. volgens ul hebbe geadviseert soo meynde saturdagh de bay heb ben

1074 525 2280 115 gesonden, doch en ware niet droogh soo denke deselve met scorels te senden

1047 586 2299 115 & volgens ul ordre een bayen te doen verve ½ feux ½viollet & soo hast

1016 676 2319 122 deselve gedaen sullen sijn oock sullen volgen, hebbe van st hoenmakers

1051 757 2274 125 o000:- ontfangen voor ul rek volgens quitantie aen hem gegeven

1010 804 2294 142 tis mij leet dat in de baijen niet prompt ben geweest doch worden

1046 872 2259 170 someijts door de ververs uyt gestelen het buvens bier sal mij voor

1033 926 2248 200 het ggeheel winter season uyt duren soo bedankul voorde s

3054 988 140 104 nh

2756 1017 557 146 @ Pr. xber

1073 1067 1042 131 presentie waermede blijve

807 1104 866 137 Turnhout mutthijs Dielt

1056 1123 2280 204 mons. De ul gedateert primo xb. heden ontfangen & oock de tijken de welke

1050 1196 2250 209 sal nae sien & de rest verwaghte daer entussehen volgens ul versoeke sende

1036 1344 1558 163 p den selve voerman een root laken, sijnde

1578 1356 1719 176 N. 413 a 43 ½ g sijn a 58- a 55 ƒ. 1s ƒ154:10

1048 1442 2285 180 minderen kan ick het ul niet geven tenwaert ander sleghter soorte aen

1041 1542 2250 153 sonden want hebben van 46„ 50,5 2 & 53 pp a ende ditvalt seer goet

995 1597 2274 190 voorsijn prijs soo dat ick niet twijffele ofte ul sal daer goet proffijt bij

1021 1702 2272 136 doen als ul sal gelieve sal ul wel genogh dienen maerdan moetsl

1030 1761 2249 200 pijs prices sijn in voldoeninge, heeft ul iets anders noodigh gelieft

2885 1831 124 88 m

2685 1877 590 110 a P xber 1681

1016 1866 1446 153 teslaten weten terwijlen nae woet

808 1967 684 139 Dort Robert hartely

1807 2013 150 95 th

1046 1974 2332 184 Sr. in answer to yd of 28: past I wonder what you say as to the severaines, beaus

1037 2060 2294 176 they are hence sosmat demanded aswell as any otherspecia of gold therefore

1058 2116 2262 205 will not loose one pennieby thm 3 sake notice what you say of the

1070 2196 2249 167 kersies, & can not afford to give more ƒ21: yett if they beworth ƒ21:10

1061 2242 2282 218 I'll allowitt, butt more not neither should g desire above 6 or 8 peeces for

1055 2319 2245 177 a tryall, & to have the rest in mij bespake, till I see them, as to the bayd

1087 2396 2187 195 send them butt not above 10 a 12 prs & lett mee have them socheap as

1076 2464 2224 221 possibly you can afferd, for there is litte or nothing to be gott by here

1080 2552 2147 185 trade bengentreamly bad. so I make use of yd word domeer

2929 2644 112 64 13

2663 2634 484 139 @ P 16

1072 2665 1439 163 as you would be don by & chall

807 2742 1027 156 Rosterdadhn van Brouwe

1074 2778 2200 207 monsr. hebbe den ul van so gb als mede vrrients aer soeke over de bekende

1083 2810 2240 198 rest geconsideeret voor eerst tis mij bet te verstaen aere claghte over

1098 2936 2181 188 John vandermeulen hadde wel gewenscht dat ul sijn accort hadde

1077 2999 2237 145 nae gecomen op dat ick met eene daer over soude hebbe ontlast geweest

1096 3053 2199 184 & nu staet dat open, & tselve tusschen mij t Henrij collier met den ir

1106 3105 2233 204 ldeser geerne soude blanceeren oversulx kan ul mij daer begensderet

1109 3188 2188 200 provideeren op te ten minste hier daer voor suffctante can sustellen

1085 3247 2226 229 sal met den voornomende vandermeulen met al een efteneen & de

1103 3345 2226 191 pampieren in treken, maer oock nochtijt waghte ot datol

1092 3440 2235 149 beter sal gelegen wesen & midderltjt & collur vergoeden omsoomet

1097 3509 2195 170 doen & dander een eijnde te maken & tl soo geerne &seergengelen

1100 3554 2190 174 aen een an derte doen t geene wilde mij geschieden soo sal hier

1096 3636 2060 163 over ul antwoort tegemoet sien knae groet

2742 3738 118 57 2

2599 3730 711 142 @ 2 xb 1681

838 3757 915 131 mons. Pierre Meurant

1083 3796 2221 126 mons. En response ala vre, geneveut pas laisser les cavises mondre

1097 3892 2171 133 que ƒ21:5 comme jay les me a la facture et si ne vous ne vouls

1092 3978 2199 87 point renvoye ard ima arre charge car ils no vailentily viƒ 21:10

1077 4024 2228 126 & ƒ22:: lap tellement ne laissont nove pas avre quelle differance

1099 4083 2152 116 apres ceste caraison que je ne vous envoye pas les aultre mais

1099 4154 2203 124 d rous voules donne les mesme vous auriez et austrement

1078 4215 2292 138 point  pour les bayes et pas ime a la abus pour cela si vous nevouss

1076 4281 2298 115 pourt renvoye avecles curise comme ie vous envoye et dorsarant

1076 4353 2251 135 je vous envoye celle que vous avet veu hachele si vous voulle

3552 183 2447 126 m'envoyer, mon argent vous faire eport bien cur apres les carise

3533 276 2422 103 & bayes il nest pas degane, et tout que je vous ey viendeu a donne voit

3540 313 2456 139 bon marcke, tellement quelmeritt bidn un prouist a breul paye

3538 379 2418 152 ment connie vre grace sent bissusier, pour less draps silong

3541 448 2365 137 i eschemlion que noud appellont icy degrjs blaconde coleure

3525 499 2477 161 decampanie je suis bien proven eyant recau passe quelle cours minouele

3544 554 2454 205 partje de 44 & 50 past que tous sont comme tre echantillion de

3537 634 2355 181 colun si vous vou lis ou queles d parly je suis pret a vre service et

3547 723 1883 139 si bon marcke quilest imposseble puis que p suis

5345 713 534 136 a 2 xb 1681

3419 803 778 146 brussel Andries Artsens

3531 844 2470 161 mons. in antwoort aenden ul van gisteren en hebbe present geen engelsch rattienen

3542 890 2511 175 oft brisen, doch verwaghte weder een verse pertije in korte dagen, en soo haest

3537 956 2388 179 de stalen bekomen sal die aen ul senden oft pr avontaer selfs brengen, daer en

3544 983 2479 220 tusschen, hebbe een groote pertije versche goederen ontfangen, ende ben principalijk

3546 1103 2438 140 niet alle soorte van lakens overlast, ick wenschte wel dat ick aen ul ergens

5331 1174 458 120 @ 22b 1681

3434 1206 1266 128 in dinst kande doen midts ick ben

3420 1280 823 99 London William pindar

4577 1281 81 78 th

3561 1242 2348 213 S. I have before mee yd of the y: pas, by which I can not butt wonder to see

3547 1294 2440 220 what acctt you make, yett more that you dare draw up on itt, where by the

3538 1386 2416 189 last acctt sent you there were butt 17 p. of serges resting & the ballance of

3561 1459 2356 179 all will now not come to £40 flemish, which is still standing out by

3549 1532 2436 201 thomas seaman, and Philiph Vanderquct of which shall send you the

3547 1590 2446 196 acctt pr. first as am used to ballance alwayes att the latterend of ar.

3565 1653 2494 195 when itt comes n shall be remitted to you, so yd bill is furned with protest

3562 1729 2441 205 neither have reason to take itt ill you haveing don itt without my order

5441 1789 515 163 a 22e 1 181

4503 1861 132 97 th

3409 1867 862 139 London Abram vivian

3572 1848 2435 228 Sr. in answer to yd of 11 & 18: pass I do much want the bayes in ordered, prill

3554 1969 2442 170 not question, butt that bj yd care they begott aboard of smith or him that say:

3562 2045 2417 151 leth first from hull, fo roterwise itt would be great preiudice to our sall

3561 2057 2491 230 please also to informe mee pr. vere first how all sorts of wollen mans facttdd

3554 2189 2495 154 rill now in the north, for though wee have not had that sale, which wee could

3551 2292 2428 106 have exspected, yett shall wanh about 6o cloathes & 200 bayes fowards

3568 2281 2463 206 spring & & never louf to be behinde hand in time of demanditherefore informe

3569 2416 2421 153 yd self well & advise mee to give orders & directions accordingly yett before

3582 2400 2485 221 proceeding, wee must go on with good understanding of eacheither, & you must

3574 2533 2421 132 not draw on mee as oof late you have don other wise I can not continew for

3586 2568 2417 185 Iam altoghether against that kinde of dealing, for our trade must bedriven

3577 2631 2467 158 with some stock, which can not be imployed other wages, butt there ontmust

3586 2700 2432 161 be continually paye what wee demand & that wee cando, butt for you to be straightned

3587 2775 2414 139 on other acctt & then to charge the cloth acctt. for itt, can be tonether yd or mme

3581 2843 2413 136 conveniency or proffitt, & doubt & shall not be able to pay the bills due ingam

3581 2900 2426 164 next, therefore you will do well to advise mee whom to draw up on in case

3569 3006 2369 121 of yntraights & (haveing so much dagly now to pay, hope you will nott

3565 3006 2494 154 refuse to accept a £100:- tom Georgo bale for yd brother desee seis esfate

3588 3074 2459 164 which I shall do p. next if I can not avoid itt other wise pray endeavour

3561 3143 2401 159 to send an accopt of the bayes norw shipt as also an acctt of charges

3576 3169 2416 200 in then my acctt curitt for wee usually ballance once a yeare, which is ul

3585 3272 2401 161 xb. now instant when god willing you will have all the acctt till

3563 3360 1824 138 that day from mee, so pray faile not to sende mine

3576 3351 2440 209 as for the bill on to chaerts, itt is no wayes iustimary to gett protested itt

3580 3455 2441 182 beeng butt an obligation, & no kinde of a bill of ex &helures att gant

3588 3559 2415 146 & soldom att home, so I doubt itt will cost sorme troubles before it

3573 3614 2379 170 shall be pays, yett am willing to do my endeavour to assist you

3563 3707 2436 143 there in seeng you leare the person with you in suffecient butte should

3595 3754 2460 159 wonder, why you did give yd mony to an in capable man I am gladyone

3485 3864 2488 103 cleared yd lales att last when you please ill send other s to pustf

3473 3961 56 61 -

3576 3938 2453 125 the rest for now they are cheap att no rate & never where they ckegpe

3586 4033 2410 94 toyes sgoverne I have daylj iployment for severall in london

3591 4136 2354 109 wish oin much voy withyd gony forme o that all happpice

3595 4190 1458 113 nay att erd suns & his parents & srrest
