7941 4595
726 197 2289 90 so that juidge yd mony well imployed, I could wish they come

715 234 2319 121 to yd handes as I have ordered them & thought I charge you with 5 P

739 324 2248 126 yett you will finde itt better deserved, then 2 Piet for selling of

720 424 2349 90 cloth, for itt takes away a world of time & patiency, as they oredon

747 470 2284 127 now: so lett mee intreat you must considder that the people

731 513 2337 160 that bring & make the worck line in the countrey some att lovam

714 637 2349 111 Brussels, Helft & other pleaces & the portidge I do not for charge

734 696 2349 100 you with all, for thought they come one a month not owne yett

698 764 2340 145 they sel doe bring more then pattarnes of 2 a 3 Ells, which wee then

739 849 2260 138 buy to be made up in @ 12 a 8 according wee finde the lace a penny

734 906 2352 153 worth: & thus they send by the messangiers every p. as soone as finished. I hope

732 1002 2340 126 you will allow mee when you see these goods, that itt is the right wry

706 1073 2399 131 wee must go to worck, there fore long to heare that you reccived them

723 1139 998 129 & yd opinion & so remaine

2229 1160 853 163 In Antwerpen 13 Janu 1681

454 1191 747 143 Brugge Raphael Coots

721 1278 2278 149 Mijn H:11 deser was aen ul mijnen leften, heden sende aen ul. pr voerman Jan

741 1344 2349 154 Dobbelaert de 2 voor de se gemelde paxkens kanten AI.V. N.ben7 volgens dit nevegaen

732 1436 2352 160 briefken, de selve ontfangen hebbende gelieft een recipisse daer op te stellen

1655 1532 138 58 oorte

732 1513 2384 156 & N.6 aen Aonts op neuwe porte Ganck te geven aen michiel vallego om mijn

740 1600 2352 107 ordre te volgen, ick wenste dat Ben: klarck gearriveert was op dat p den selve

738 1672 2319 134 voerman de versoeghte goederen te rugge kande komen, eghter gelieft

734 1754 2292 127 hem mede te geven de 2 balen intoene lijnwaert N1 en 2 suponere dat

730 1821 2331 135 ul geen vergoedenisse sal moeten doen aenden shipper aen wiens boort

732 1889 2313 117 die geladen sijn, het pack N 3 kan nocht waghten, vant geene voorder pass

2954 1957 90 63 a52

756 1982 862 107 verwaght advies & Blijve

2133 2008 954 124 In Antwerpen 13 Janua 81

443 2032 898 135 nieuwpon michiel vallego

711 2075 2301 137 Mons. reve wensinge & dient desen tot advies, als dat ul over brugge dheer

722 2133 2372 171 2 coots sende een paeken kanten A.VN6 om tselve p backet boort te depeschen

724 2236 2259 137 nae dover aen ul vrint, met ordre die te besorgen nae london aen

715 2276 2319 147 monsr. Abram vivian, ick sal dese weke noch 3 soo danigh paxken

738 2327 2349 184 gereet hebbe te weten N. 7: 8 & 9 de welke aghter volgens aen ul sullen toegesond

737 2435 2340 153 worden, soo gelieft de goede handt aen te houden om de selve als het bovens

727 2527 2345 129 te vervoorderen met een better advies aen mij want gepasseirde waer mede

2137 2577 972 163 In Antwerpen 13 januuri 81

426 2605 1072 144 Amsterdam De hulter & van homright

731 2661 2291 146 Mess in antwoort van ul van 6 courant, sege dat wegens de boter den

736 2736 2344 126 kooper geen minder wilde bedingen, als degeleverde 50 vatten, en eghter

724 2800 2363 131 die wel verkoht Rek om diswill voorde resterende de selve prijs niet kan

733 2862 2356 139 bedingen, nochtans ul ordre wort deswegens geoflerveert al hoe wel

724 2920 2382 177 den lesten vrijdagh onse kenpense verse tole voor 3 s p pont op de meert

731 3021 2326 141 is blijve staen, ende de kremers die genoot saeckt sijn geweest opt setten dat

739 3089 2369 164 sulx bij menseken gedencken nagt is gesien, hier geneffens gaeten

714 3165 2270 130 remisse van drij honder drijen vijftigh guldens corvant het welke heb

728 3230 2363 167 aengenomen om diswille daer epleort advanget ul kan noodigh

717 3321 2335 179 daer voor besorgenn & in conforme an notteeren soo iets wijders voor

722 3435 987 132 valt wert ul geadviseert

692 3527 1329 134 De onkosten op het taestien chicolatie

737 3554 1577 161 L.A Door John de Grand tot Lillo sijn ƒ31:0 ½

727 3670 1592 155 voor soo veel hebaf gekort contant „ 4:-½

1829 3730 721 156 comtnys: 2e:- ƒ27

4875 168 1024 119 In Antwerpen 13 Jaun 1681

3286 166 1253 147 Brussel nicolaes De kertogh

3542 284 2372 132 Mons. in antwoort vanden ul van 11 deser, segge dat present geen Engels

3548 355 2337 87 groen lakens heb oversulx tot mijne leet wesell daer in niet kandien

3556 428 2360 86 ten waer dat daer tijt toe had om deselve te doen komen soo iets ander

3557 493 2286 95 waere waer in ul soude konnen dienen doen seer geerne, ul. eenigh

3548 566 2363 124 gelt voor mij gereet hebbende gelieft te laten weten sal daer van de spoin

3548 614 2343 148 alsoo het sende met de bode mij onkost soude causeeren, tgeene op ul

3557 699 2216 152 te trecken kan remitteeren eghter hope ontgent lick misse tet

3528 795 1510 111 Brussel te wesen terwijlen Blijve

4797 810 1097 164 In Antwerpen 13 janu 81

3292 834 969 159 Brussel Gudous de Sablaer

3555 922 2278 105 Mons. op 2 deser heb aen ul geschreven, & de Rek gesonden vant goet

3548 977 2366 144 fanderdaghs be stalt, sedert den ul van goeser ontf. in den welke ul van

3540 1062 2333 133 selve goet geen mentie maeckt, ick wille nochtans niet twijffelen

3553 1098 2364 155 oft tis ul seer wel geworden dat ander waer hadol citote antwoorde

3536 1187 2382 138 wat aengaet mijne superfine bruijn lakende sijn alte guedenoegh

3544 1289 2319 134 en hebbe geen grijs ender volgens ul stael dan verwaght met godts

3535 1337 2355 188 gratie een verse pertije die voorlich nis hier sullen hope, ende staet

3520 1430 2373 169 make op den selve tijt bij ul te sijn 2de staelen mede brengen & ul voor

3538 1519 2373 177 satisfactie geven terwijlen blijve In Antwerpen 15 Janu 1681

3220 1561 1120 173 Brussel Phill aan Vorselaer

3539 1657 2292 149 Mons. in antwoort vanden van 9 deser segge dat seer verwondert ben

3539 1744 2381 136 over ul klaghte ten regarde vanden prijs vande deventer bayen t geene dat die

3540 1801 2364 133 thort sijn in lenghde dat sal ick ul. vergoeden doch in prijs soude seadelijck

3538 1888 2357 137 wesen dien van ƒ52: sal ul voor ƒ50 laten, en den ander tot 21 st delle

3535 1973 2393 126 ende soo de selvve tol tot dien prijs niet aenstaen gelieftse in dhalle

3545 2047 2355 108 voor mij te stellen, ende niet wederom te senden, want hope binnen 14

3531 2102 2348 152 dagen tot Brussel te sijn waer mede nae groetenisse Blijve

4880 2209 95 65 d

3294 2143 811 141 Lille Richd Southell

4892 2194 987 160 In Antwarp 14 Janu 1681

4380 2255 73 69 th

3537 2268 2348 129 Sr. I have before mee yd of 10: curitt where in observe that H.C. in steeds of a

3540 2343 2376 146 remise makes an other draught & to rembourse yd self orders to draw on

3547 2438 2369 128 mee yd bill I have accepted & pass accordingly: when you are gon I doubt I shall

3543 2484 2380 141 be putt att 2 uso & truely when you see H.C.examin the case & tell him the

3551 2582 2320 123 needfull, for he must certainly know that in case he should charge mee

3520 2664 1998 75 to much I should not be able to spare him by refusing his bills

3517 2699 2361 150 I do not intend to in order any more goods from him & by that time

3538 2785 2373 143 you are with him you shall finde there all his acctt from mee. I shall

3537 2864 2341 127 also send acctt to mr. Himeslay, viz of the bale of kersies of last y care

3543 2952 2355 102 which will loose some what & the goods are butt sold in sb & xb last

3532 3007 2293 129 besides an acctt. of stuffs rec. from him this yeare in which I doubt he

3528 3087 2361 96 will be butt little incorridged thought there is some proffitt: so please

3517 3164 2349 123 to mediate a litte with him & kaepour intrest in reputation with the

3540 3241 2293 102 same I have once wrott him that in case he could finde out the waij

3522 3329 2363 105 of buying fine cloathes in London that in case imploy his mony that

3534 3387 2378 90 way, doubt less to content, butt I feare that should cause some Iea lousie whoever

3536 3451 2346 114 if you approve of itt to advise him accordingly, I'll close with him & that

3531 3546 2363 95 in Spanish clouthes, & a few stuffs now & then, for our outtowne customers,

3512 3612 2336 95 which I fancy will be worth his while: butt he is so intimated with H.C. that

3510 3694 2364 115 I doubt he could not be silent you know my wifes brother make itt is while

3525 3764 2393 135 trade, that he orders from England, so advised m. Annislay to trye now & then

3512 3855 2351 133 as with oyl, suggars, galles & the like, where in is often times good proffitt

3508 3942 2384 109 to be had & must sold for ready mony: so when you are in england, be not

3522 4038 2372 116 to much given to the intertainements, that you may returne the soones

3510 4107 2316 132 for I can not in the least approve of R.W. & before I see you settled

3516 4202 2366 157 in a securer way shall not be so incouridged, as then incomise my selfs
