8535 4636
1141 218 2246 108 as I have allalong given so often my advise to the contrary, so I will

1121 271 2264 151 be justisied, that itt is not my fault in case you sufterany thing by itt

1140 372 2207 148 & beleave mee, inless itt had been pon acctt. of oblis., I have for y

1147 488 2245 126 forman favours in my behalf, to thew my self grate full in some cant

1130 566 2263 135 Ivould not have complyed with you as I save don, I assure you Iam

1134 707 2218 97 vee much troubled, that you ferce mee to isoblige you yett I thinck

1122 798 1734 95 you can not blame mee, butt that you will finde mee

1124 865 2173 92 recd. yd of 17th cas. I am glad you are well att lille & found yd freives

1122 959 2239 102 there, I have delivered the old man yd letter, I thinck he will give you TS

1121 1045 2209 141 answer rext, I have sent m. southell the patt. of the resting goods for

1134 1158 2210 119 yd acctt, so you may please to considder of itt in the meane while aemans

916 1220 844 163 Lille mr. Richard Souchell

2883 1247 394 134 C16 Jun

1139 1311 2245 180 In antw. ofo yd of 14. cur. I never doubted yd performance in what ym promised

1139 1423 2245 162 butt you may vere well iudge, that I can not butt take itt un kindely for you

1125 1529 2260 144 to refuse £100 flemish, which you might dave acceopted the for 22 colliers acctt

1149 1643 2263 104 domine, &  you sad don se for the latter, with all rwason in the would yu

1134 1727 2279 130 might have redrawne itt, save you accepted for acctt of m collier wishn £40-

1136 1847 2245 124 of the ballance of is acctt. made up mar last, I have accepted the while

1134 1920 2254 162 of all accttr, & valeu what de can pretend, & muh more I am engaged for

1117 2027 2309 117 without any sicuritie, butt the finceritie of dis intentions, I drew on you because

1108 2144 2272 114 Indanted mony mearly to pay diu bills protested, & I have so muel to pay

1128 2241 2194 139 withn a month that I tremble to thinck of itt, & I feare, I shall be

1136 2346 2254 136 obliged to make ise of my creditt, thee by an other trouble is, rat

1140 2463 2263 108 notwithstanding my complyances m. selliers draws & last post £100- mone

1120 2546 2275 133 I can nott dilf itt, netha may de blame mee for I shall returne itt

1124 2654 2278 151 for non acceptance, I can dono more then what I lave den & dover

1138 2719 2238 161 much wish that every one would use so mucl tindres for mee b

1124 2825 1337 168 pray selver me Collier the pat sent you

2794 2954 537 141 C 16 Juni l682

882 2936 1210 181 Duynckircken m Henriy Willinghten

1124 3038 2281 178 naer dat icq op 11 deser aen ul hebbe ges is den ul van 5d. mij eerst

1145 3149 2231 161 gewoorden, waer den selven soo lancq deest gedaet is mij onbekent, ul

1147 3255 2255 150 ordres & dntrest geconsid hebbende, soo hebbe ul rimissa van £200 - van

1117 3335 2267 128 som de Coninck laeten accep, sal de selve invoorderen & voor ul ord altijt

1126 3470 2254 139 faraet houden,  volgens versoeck daer in anders geen onpbij doen soude

1134 3561 2254 123 den brief wel weer gesonden hebben, dogh sulckx vont niet geraeden wijt vaeese

1145 3638 2176 160 dat daer door ul preeud. soude gedaen hebben, te meet odat ul mij geen

1137 3734 2230 141 contraord. vanden treeken hadde besorght, die andersints daer uyt engon

1129 3843 2273 152 soude connen maecken tot ul laste, ter wijlen eghter geene preu. geschiet

1131 3922 2099 194 ende de weerde ul altjt can geremwondenen verwaghte ul antw

5912 219 136 126 225

3503 194 763 174 Brussel mr. Jrseps Sabbarton

5336 239 517 146 C 16 june 1682

3640 317 2352 140 In antwer to yd. of yeasterday, I could wish my bills were payd this week, if I will

3666 441 2363 144 beleave them, itt shall be so, though they desired few dayes longer for surplus, god

3652 535 2404 153 pray tell them freely that you must ge away, & want the mony, & that I left you

3661 648 2403 132 the bills for ready mony, which I hope will make them complye in the meane whis

3648 702 2404 157 please to remitt mee no meny thill you recd them, so you can make uso of that

3658 822 2382 131 for I could wish you not to draw on mee, saveing al ready disposed of what I

3661 910 2382 155 brought wiil mee, I have the packett you sent mee, shall give you credit for

3653 995 2388 162 the proved on new acctt & when I recd you packets by thinsday shall send the

3665 1092 2390 161 acctt of charges to cleare the old. the coppie of vales aggreement is already sent

3655 1166 2413 197 forward to m colliur, suposeing you sent an other som. Maynard. I fiude

3652 1259 2416 213 that you saveomitted ap of 27 @ flaine pound lace desired by mine of 2 surt

3659 1372 2397 154 which I do much want & doven much want itt by the van first, the mee sune

3645 1484 2404 141 I did then send you, & have no other, so hope that you have itt still, when for send

3657 1585 2405 160 mee some particular good thing to please avere great freind of mine sn

3665 1665 843 127 stalie which exspecting

3507 1745 790 143 Brussel Juff. anna Peeters

5520 1774 393 181 C 16 dun

3675 1878 2338 166 hebul brief van gisteren wel ontf. sal heden sonderfant schrijven 't gene juff

3659 1993 2402 128 almawe heeft versoght, & uijterlijcke devoiren doen om mijne dischage van flanghter

3659 2109 2406 131 te hebben, & als dan de reste geerne aen ul mamen ter hant stellen, waer van hope

3632 2163 2380 160 des vol beschayt te weeten. icq ben sondagh over meggelen t'tuys gecomenn alsoo

3647 2275 2392 143 daer affairens hadde moeste daer passeeren, anders soude tot brussel langer gebleeven

3650 2370 2403 170 hebben, & ul maner comen besoecken, al toe wel sulckx tot mijn leet wesen doen om

3650 2477 2379 165 dierwille dat bij daer niet als droesheyt bevinde, & icq, daer niet telpen on

3637 2577 2375 166 t gene noghtans wenschte doen conde, soo getis voorders van Eng. verneme sal ul laeten

3634 2669 291 132 weeten

3519 2752 668 159 ondon m. Henry Maynard

5535 2758 492 123 C 17 June 1682

3637 2856 2428 174 mij last to you was on the 10 surds sence saveing been att Brussel is the reesen that

3650 2948 2377 149 I have not sooner answered yd of 26 & 29 past, & 2 cur, John vale dave composed att 40

3637 3077 2262 139 as mr. Sabbaeton will advise you, & more particolarly when be shall be wish you

3639 3169 2395 111 I have given you credit for the pack of spanish cloaches loaden aboard klerck, I could

3650 3283 2382 117 with you gad shipped one aboard ranlarson which came sence from londen, what

3637 3365 2404 116 spanish cloathes you buy lett them be good, or rather non. I have also given you credit

3642 3438 2360 164 for my ½ in the kersies from the north, which pray endeavour to gett aboard of smisl

3641 3517 2375 183 for I shall want thom & ben first, tassen also the G.W. silver marex, & the stamelds

3648 3656 2381 121 butt I could wish you gott more then one att least 2 or 3 yett send mee forward what

3648 3731 2351 160 att is, & as soone as you receave any  as for the northren trade I finde m. Hill

3629 3852 2404 120 doth best of any you dave bethert imployed, so that you micht aggree with him

3646 3933 2369 155 I have had goods from fanm. tijken, which indeed weer vere good, butt est seems he

3622 4033 2404 132 leaves all to de mett now, haveing to much bistijnes, so that I do not knw what to

3632 4100 2386 149 advise you, butt whese you be there, you will be able to iudge more thin I cando

3630 4248 2393 119 white Joseph vivian lived, & whent in to the norch he found Rot hipping, which sended

3629 4316 2389 105 the best goods that ever I had, yett sndeed I sad never any yet, that can be compared
