8173 4567
2453 190 707 109 In Antwerpen 18 maj

646 211 954 127 Gent ncvis Herrebout

901 237 2219 148 Den in gesloten gelieft cito op brugge te senden wenst den selve daer morgen

913 340 2295 115 noen was ofte ten minst morgen avontabso het bestelt waer in niett gelieft

2441 413 743 136 In Antwerpen 19 maij 1681

899 443 589 98 teversuoneen

641 478 915 151 Brussel Judouue De sadelaer

917 486 2302 156 monsr. soude volgens ul ordre deroij lakens eerdergesonden hebben dogh sij sijn eerst

908 578 2257 131 lest saturdagh alhier aengekomen als wanneer oock aen ul hebbe versonden in

920 668 2283 112 Een pack ID de welke voor nu hope tot contentement ul sullen sijn geworden

2857 721 379 133 ƒ 156„12-

922 768 1634 95 sijmoet kosten  N. 413 „ 43 ½ g a 58 a 54 st

1599 796 1623 155 N 144„ 21 3 a 58- a 58 st 162„ 8-

2832 856 311 125 ƒ319:-

1606 878 422 90 N. 45„ 215

2370 922 792 94 voor Rabat a„ 24„16

2286 995 865 110 te betalen netto ƒ 294:16

910 984 2240 167 Minder en kan die niet stellen a governo, soo ul eenigh assignatie heeft

930 1110 2286 107 gelieft die te senden volgen ul had geseijt en mij sal orintscheep gescieden

908 1197 1459 112 die in alle voorvallende occasie belieft

2389 1194 659 132 In Antwerpen  maij

654 1216 629 139 Brussel Sabberton

914 1278 2289 118 Sr. according I had promised you did not exspect, butt that I should have had

923 1367 2290 105 ere now an opportunitie to remitt you what Iow pr rest which I hope shall

909 1412 2263 82 do pr next whilst I could wish you would provide acurious parcell of laces

923 1486 2263 104 of luped & plaine ground according to the instructions which I'll send you

916 1525 2193 108 to marraw, so intrim if you meet an hazard for effs & crawates

950 1605 2163 138 of boath sorts pray minde itt, that I may in corridge my freind

939 1722 1009 94 to content to I remaine

2356 1707 848 152 In Antwarp 20 maij 1681

662 1722 1087 149 London Lucy knightley

914 1834 2233 116 S. I have recd. yd of 2 & 6 curitt, by the first you seeme to de displeased the

936 1890 2234 147 reason I know not: whoever you are free to do what you please whilst IEl

944 1977 2239 94 alwayes as know lege yd favour in my behalfe: yd acctt. I ll examin

943 2075 2260 97 with more leasure & accept yds bill for £110: & nay when dit: I do not know

939 2121 2222 101 what you meane that I should accqvaint my other correspondents with

944 2187 2265 114 because no baddy yett know, or shall know that ever I ha any dealing with

952 2247 2258 144 you neither am I obliged to give any accompt there ff, except satisfaction

933 2326 2193 129 to those that I might. be indebted, which for the present is little ow

941 2386 2272 142 nothing in all england for my owne: so if itt be against yd inclination

940 2465 2298 114 to have any fuither correspondency with mee tis enough that you are pleased

939 2537 2232 131 & I'll take my measures accordingly whilst nevertheless att my time

2021 2610 1064 80 I yo want more reds if you beclined to settd any

956 2646 1234 119 you may be confident that I am

2314 2639 858 151 In Antwarp 20 „ maij 1681

645 2676 1028 165 ff London pickering & Robinson

939 2745 2257 156 Sr. I have before mee yd of 6: curitt as to the sundry bills, now they are

954 2809 2254 153 well: I observe you have recd. the bale of tykes N. 14„ butt that you sould

956 2908 2260 131 them for little proffitt, for which am sorry, because itt is a com. much

946 2987 2207 144 & excreamly demanded here & which I nots so cheap, as can be asforded

962 3024 2235 174 in so much that I am well asseured, that no others can bring them in england

944 3138 2247 146 for those prijses that I bring them att in yd acctt. yd former ordered 65 peeces

950 3219 2225 144 were ready & intended to press them this day: butt receaving yd iustruction

956 3279 2193 192 for 75 p do want yett 6 to complent that assortement, which will be

946 3330 2263 205 ready this week & sent you bij omert verscrick now in loading for costy

960 3426 2181 209 they are all closen, white & curious goods I observe that in the first

963 3504 2310 215 pareell I sent you was tike as to a patt: you sent of them I have often

974 3583 2184 202 send to England whoever, I will not have you loose by t butt retune

952 3674 2285 222 itt freely by some binlander or other, & Ill send and other in steed off

951 3794 2140 156 itt, orde good the valew on acctt. I am gladd of what mr. peckerinng

970 3860 2254 156 wiites to have taken Effectuall care about our concernes from the

961 3946 2203 150 north & that he will be in towne this day so do much liong to

961 4001 2255 196 see puttarnes & invoyces of the goods bought as also to winderstand

967 4105 2252 171 that they are schipt for I do much want such assortement for

961 4192 1673 159 thepresent whilst I rest with hende saluts

3323 176 1093 117 London Dueley north

4839 201 1126 99 9 In antwerp 20 maij 1681

3627 268 2352 87 Sr. I finde my self konoured with yd of 6: curitt, im to which I coved wish

3603 347 2374 88 to give you an answer to content, concerning the ardas silke, for which there

3611 402 2348 97 is vent here butt what proffitt that those can make which tought up

3615 478 2357 83 in London some att 9: 6 I know nott, except itt be out of spiculation

3612 519 2366 150 for a rising markett, which for the present I do not appre hend considderin

3596 581 2320 153 what ships from Italy are exspected as well in Holland as England

3602 671 2322 97 my brother in law is a great dealer in silkes & tells mee that for the

3604 756 2354 114 prresent there is butt little in corridgment, butt now & then when one

3609 829 2301 104 can waight out the opportunitie, there might besone good to be don

3611 871 2357 118 with yett there is here sverall, that have no other trade & live bravely

3611 933 2334 158 so that i supose there is mony to be gott by, yett I can not given you so

3585 997 2381 157 full an acctt as you desire not beeng so well accquainted in that affaire

3599 1105 2317 135 & the time to short to have information from the brokers. I knotw

3606 1219 2316 104 that an english center is 1o bet here & the great pound of 24 ounees

3602 1276 2296 125 about 23, if I can serve you in any thing you may assure yd self

3597 1342 2325 168 of the obligation I have to my freind mr. luy knightley which I'll

3588 1417 2370 170 alknowledge to any of his freinds & demonstrate mij self in all occasions

5436 1505 475 143 20 may 1681

3327 1503 742 165 London Will Scawen

4589 1551 86 102 th

3604 1603 2352 123 S. my last to you was on the 17: curitt sence recd. yd of 6 ditto, as tothe callicoes

3598 1716 2336 89 though coots had full order to compose the bussynes as well as he could y ett

5731 1756 65 78 th

3599 1793 2357 103 hath not effected, I have iust receaved a letter from him of the 4: when

3596 1848 2260 126 hewas to meet the same evening with the officiers & hope to adist the

3607 1890 2313 168 matter, of which shall advise you the succes p next: I am glad you sould the

3589 1994 2368 129 most part of the laces desiring you to make a dispatch with the rest aswell

3600 2104 2336 98 as possible, that so I may see how that trade will do suposeing that you fomd

3601 2178 2348 101 the least packett to content of which please to advise in case you please to

4972 2231 64 64 26

3601 2211 2363 147 have some tikes more, please also to give yd order, for I have now asmost a pack

3603 2341 1455 91 ready which is the needfull att present from

5364 2340 506 115 28 maij 1681

3316 2381 896 124 London Henry maynard -

4640 2425 93 81 th

3597 2431 2349 122 Sr. my last to you was on the 17: curitt, with a remise for £116„ 18„ 1½ for

3587 2526 2339 113 mij acctt. now have some mony for yd acctt. butt could not do itt under 35:6

3581 2576 2362 151 af 2 uso, hope to finde yd advantagie pr first I have recd. both yd of 21b

3580 2697 2366 91 curitt you intend to add to the 60 in ordered cloaths 12 more which shall

3580 2746 2375 115 be all drabs & low prijses which is well god bethanked that Rogier vande

3587 2807 2369 143 walle is well arrived, because the branden burgh comissioners are before

3593 2883 2363 141 oftend againe, so that I could wilh the goods aboard Rothus la mere could

3594 2984 2345 95 betaken out & shipt for Rotterdam in an Englist ordutch vessel whether

3585 3051 2331 116 I do desire you to send N. 23 & 24 consigned to my ordre, as hence forward

3588 3151 2310 101 I will have all bills of loadings to be or indorsed by you to mee & not

3590 3222 2254 106 to hoots or any other, with an expression to be fore yd acctt and in case uny

3596 3287 2310 122 goods opened that I might not onely pay no fraight, butt demandgenabtie

3548 3363 2302 129 for the borges do us a grat deale of preiuduce by opening the packes

3594 3417 2336 136 which which pray minde in case the 2 bales N. 23 & 24 which I hope will

3586 3544 2328 96 prove well & for which have given you creditts are shipt before this &

3595 3622 2345 93 hould not bereshipt for Rotterdam shall,  allow you in surance

3572 3694 2349 105 as also for 22, then you might reclame itt for yd owne, in case any

3580 3766 2342 113 mis fortume should arrived, butt I rather had these goods shipt for Rott

3577 3832 2345 141 as above oneles, there was an English vessell for ostend, butt in this

3575 3911 2330 118 occasions Rotterdam or fishing is the best way. you have ordered in

3571 3989 2313 134 Hull the providing of the 2 packs of northrens & dosijns which is

3582 4104 2269 104 well, I do supose that he hath not bought all the dozins yett

3578 4181 2190 118 where fore ordere him to gett all modecullours about this pat

3561 4223 2363 177 same an ey eighter & others one cy dacker iusteed of ie cronstall
