8446 4629
1014 208 2385 106 aerquaint un masiall off inthe meone while have mado you debter

980 271 2397 92 for the said £10518 un stuys mony £1011„7 which please to note

1004 332 1682 145 accordingly & in all occasions traly command

754 403 910 118 d E natan Luum

2110 406 879 164 Antwerp 5 sber 1681

725 496 269 116 Dublin

999 512 2372 133 according as I wrott to you on the 26: hast have send to rotd to

996 613 2403 116 m. Francus greene wood the 2 packette of laces provided by yd order of

989 683 2366 146 thich inclosed you have the invoyce, which finding wright pleaseto

972 809 2366 117 pass to my credit, & make mee debtor for as much & have drowne

973 866 2367 137 this day on m. George cole £ 148„9 „5 sterlinx att 35 s is £259„16:6

982 940 2418 123 att 3 a 4 dayes, sicht, not doubting bust that you have given hun order

986 1032 2406 120 to accept my bill: god send the laies sufe to ft yd. hand, & I do not

991 1149 2403 103 quession, butt you will finde not onely content: butt incorridg ment

977 1215 2409 116 to in order much more towaids winser assuring you of my endeavour

974 1281 2336 130 to serve you ou all respects, nith theusmost of my power: I have

976 1367 2394 167 sent no Antwarp laces because that sort proves ordinaire deaver then

977 1477 1640 146 thers, which is the needfull aft present from

2358 1559 279 122 5 ditto

742 1544 1019 150 London  dmond warner

993 1655 2345 132 S in answer to yd of 15 past as for the croor om the packest N24

970 1765 2421 124 Sfinde yd autt: is debtor bast for £185:17:6, so that ift is a mistale

972 1846 2414 152 in drawinge of itt out: as for the conetts in last packest, they ane vere

970 1942 2414 134 neare to yd patt: which made mee send them, butt for them wish you

977 2064 2415 118 what you can not sell returne, though itt shoud ee a month or 2 henu

966 2126 2436 146 there is alwayes opportunitie att london for bruges by long sea, bett itt

975 2211 2382 158 bemadeup closely, to deliver to my order & then Ilee dake care att

988 2311 2391 118 bruges: gonu complaine of the lace trade, alwayes, this time, a yeare

994 2399 2375 152 is the last demand for ncost people beeng in the countray, which will

988 2511 2330 114 amend saddamly for vee observe alwayes dhemost demand to wards

985 2611 2391 114 sommer & to wards inter I could with last packet was gott safe

986 2702 2403 130 to you & sam sure you will finde content & as well bought, if not

974 2763 2424 136 bester then any shallbe able to do, haveing taken my time to the pimpost

972 2922 2375 115 so pray compare them to thers, & lest mee have yd opinion as for

987 3016 2388 101 the remaining stolen laces, wee find, so much opontion by the officers,

967 3108 2409 102 that I doubt vee shall make bast a badd acctt. of itt, the governor

971 3161 2425 121 did last promiseto in forme him self att gant aboutt  & gve

977 3293 2273 121 us satisfaction in the meane, while wee cere continually riffled of,

972 3350 2384 137 'intend to be att brussels inthin 2 dayes & what hopes there remaiynes

961 3510 2397 103 for you, may be confident if it had been my owne I coud have

973 3577 2417 140 don no more: returne you my thankes for accepting my bill, & nitt

986 3652 982 146 offers off my servie remaine

2185 3741 276 142 5 ditto

753 3734 700 162 London george cole

974 3847 2381 145 S my last to you, was ou the 29:t past, sence read yd 2„ f ditto, sam

966 3966 2288 139 forry that you have drawne on mee, & coud have wighed you had

986 4055 2321 140 expected my advise, whower seeng tis so shall punctually descharge yd

970 4132 2366 144 bill for the acctt., as itt is drawne, I have this daye drawne on you

989 4223 2278 134 one houndred and fointie cight pourd 9 ƒ 5 pence starling att

963 4274 2427 121 shree off four doips socht payable to the order off no henry maynard

3594 207 2466 145 for my owne valeu and for actt off t Elnatan lamon off dublin which

3616 298 2334 149 please to pay accordingly, nou ast for the concernes of I:8. deseased

3611 383 2453 138 inclosed send you a proieit accordingly to which you & the other enecusoins

3604 444 2396 171 pleasito send mee a dischange made by asworne notary p send mee, the

3627 528 2442 179 balance of that acctt was £180:18:1 according to the copie sent you,

3618 633 2449 133 & outre fiest of april have send you the inroyce off to on heads ofe lo -

3613 731 2399 148 verselde bought for yd acctt ams to £183:16:9 oft which I finde

3620 814 2445 134 I then desired you to make up the ballance of said owians acctt, so that

3611 904 2453 183 there shall be ducto mee £2:18: 8 fle mush which will be formid some

3621 993 2435 149 there eles as alsoo the £34:10 you doew last att 35: 3, non for what

3609 1072 2438 195 you make mee debt, upon mj autt of said rivian, there is so many

3623 1173 2417 138 abatements, allowed in clearing the acctt, & port of letters & that

3612 1256 2345 123 I beleave I shall come short, whoever shall send a note there of

3637 1362 2419 149 whilst in the meane while pray faile not to send mee a discharge

3624 1446 2439 163 as need fall if any difference thars ian alwayes be advissed never theleis

3615 1525 2457 170 seeng you have more then the valeu in yd handes recommend yd panctu=

3617 1600 835 129 allitie in al & remaine

3475 1707 727 149 ondon henry maynard

4645 1711 892 148 Antwerp adij 5 sber 1682

3618 1825 2372 190 & my last to you was on the 29t past to which referre, onely once

3620 1972 2425 135 more recommendruy yd endeavour s'expedition to the northrens then

3626 2032 2411 167 desire non have before mee yd of 18 & 21 ditto the cloather sold aff £42

3627 2147 2444 141 are the 6N salver march: butt please to observe that I mast yett them

3612 2215 2392 172 drest p ued which cost about £10- sremish a pr. which is brought to

3612 2294 2381 150 the aust of chargies so that parcell is wel, als also one before of the

3617 2420 2398 136 2 p I have geven you credit for my ½ share in the goods schipped as

3617 2495 2410 120 for the kersie cotton & swanships bayes lett them rest hhe finther

3628 2608 2426 107 order js till fort £200- for yd att aust shall find due complyance

3634 2702 2400 137 Iam vere sens cole tobe so back ward that, I can not prevent yd

3628 2773 2384 124 drawing, because Ihate that before all things in the wored, p yett

3635 2850 2345 141 mony doth come in as I could have expeat id, intending p next

3615 2948 2451 147 to send you a note of what is ytt standing out upon our autt till

3633 3064 2434 133 xber last, that you might sea the reason oft itt in the meare while

3633 3127 2420 177 if S can serve you with 2 a £300- in geld Ib le send itt presenly

3619 3231 2415 124 feryd acctt have my noless by mee att present whuch Ican not vere

3652 3313 2329 128 wel sill as itt cost mee, except & stay for the turne vil dacetes

3632 3379 2272 170 att ƒ5- pastols att ƒ9- souveraines att ƒ15- nithe parell beeg

3633 3479 2312 159 swetall Jacobus p cavolus as to what you say, oft paying goods

3629 3592 2425 109 I knous all vere will, & was Iable to do itt I shoad saffer no boditto

3628 3628 2407 182 draw en mee att time batt haveny mony ready, bust itt is nott so yct

3632 3734 2426 151 so must have patence though I beyge of you to beas favo favourabe

3619 3851 2442 153 an posibly you can whilst inclosed you have £148:9:5 att 3 a 4

3622 3913 2286 123 sicht on m george cole in my owne bill, for which pray procure

3620 4010 2377 130 theneed full & pass to my acctt if you order the gold yd will besome

3625 4098 2416 135 cleared I sall want att least 10 p 6N silver marchx more before gber

3626 4156 2415 160 s am fory klack tarries so long, heamy not oneword off frews from

3630 4264 2291 129 hun, god sond hun wel, you have schped, & good prveell ne han
