8549 4595
2599 201 626 149 @ 18 april 1682

888 201 993 163 Londen m. Edmund Warnes

1116 262 2191 227 mij last to you was on the p cortt. to which please to be refaned,

1112 373 2235 202 sence rec. yd of 27th past, the instinekens of which shall be osccaved

1121 464 2227 208 I gott abatements in all for you 2 crwnes for which have given y

1110 588 2247 172 accct credit. inclosed invoyce for N. 22, which is of the good cheap, &

1136 707 2216 168 of which there is about one packett more the rest will be all as now

1121 764 2234 199 the marchett aules, in uch I can endeed sake no more ca thes what

1136 848 2186 220 I do I have bonght 2 bravce  for night rayhes, intended for you

1110 950 2211 214 for tryall, oneles I had yd contra order by simes, inclosed also the

1125 1068 2233 154 acctt of the packett of the stolen goods, theone and the other goeth for

1130 1146 2183 183 nmeuporte he 21 instant, because wee had no good convyence this

1137 1273 2196 129 week sence fonded N. 21 of which I have advise that in is well

1136 1352 2224 151 att nieuporr & ships a surrday last for dover I am glad you

1111 1421 2242 154 rcc. yd packetts, I hope these will come also sake to yd handes, which

1102 1546 2273 159 in case give no better incorridgment, will fiustrand my exspectatin

1106 1656 1387 188 for I assure you I can do noonre

2759 1714 324 176 a 145d.

865 1788 809 165 London mr. Genge Cole

1126 1866 2232 176 In answer to y of 27th pase I finde that m. Vivian hath rem bourse

1117 1975 2228 141 the £72- butt not the pree & sort of levers, which then please to finde

1128 2048 2251 191 or mee, with my Ihanckes for yd kindres as also for the bill of d lol

1119 2146 2263 166 yd for which sall be pnetually discharged., I am forry that the bussie

1137 2251 2212 159 of sd. deseased continee te long, JB. de Coninck, is the faut, ruly,

1113 2326 2242 168 did not exspect itt to, yett beleave mee, though I should efbourse shall

1136 2453 1052 147 endeavour to cleme itt & gust

2708 2531 280 147 a 18d.

944 2542 774 191 Gent m. Frans Herrebout

1146 2647 2239 162 p beurtschip van het op cost seynde aen ul 3 packen gemerckt als in m

936 2726 2385 164 noogh e wel gecond. naer soo danijen ontfancq bet. waght naer reden volght

920 2854 1173 151 n. 23 mijn ord. N. 233 op den tol my

1000 2944 122 99 74

1216 2907 1344 189 LK „ 1 niet 8 kertijen op den tol onvrij

878 2988 183 125 24

904 3090 126 79 m

2838 3101 276 155 C 20d

917 3098 1044 213 Nieupoort mr. Michiel de allego

1139 3190 2234 208 mijnen laesten was aen ul op 17 cur met 2 prckelen tot dsp antBosteau van Brussel

1115 3292 2262 175 dat bij ul verhope, soo als uyt ul aeng. 16 deser tie geschiet was van het packhen este

1131 3376 2253 183 voor m. Edmund wWarnen, seynde wel ul heen het selve soude voorts seynden,. nu volght

1130 3466 2250 152 een ander p bode verschrick & n0. voord. waner dat aen gecomen naer gewoonte

1124 3549 2105 198 mede sijnen voortganck gelieft te laeten hebe, stellende d'oncosten op sijne bijdn

2814 3647 245 168 C20d.

894 3681 790 189 Turnhout m. Geerard de mijn

1119 3775 2264 179 In antw. aen den ul van gisteren, en hebbe tegenwoodigh geen sergies volgens ul stael, sn

1145 3855 2208 160 den ul voor dese reijse, daer niet can dienen, heeft ul tijken voor mij gereet laet de

1138 3962 1247 152 selve comen, want altijt die can imployeeren

5373 194 660 123 C20 april 1681 133

3451 166 624 146 Am mr Sannel de Hulter

3585 273 2429 115 alhoewel 13 & 15 deser aen ul hebbe ges. soo hebbe eghter geen antw. becomen, noghtans verhope

3574 351 2408 126 dat mijn remises aen ul sijn gewoorden, 't welck magen verwaghte te verstaen. hebbe heden

3585 432 2432 153 geertins aen ul connen remiss, faute van oc 't welck soo pnaesten niet en bevinde genootsaecht

3578 510 2448 150 sal sijn tot verlies te moeten doen. de wolle wert dagelijck verwaght, sijnde de selve tot austnd

3574 588 1720 175 gearriveert, de selve ontf hebbende sal ul wijdere adviseeren

5438 701 253 111 C20 d.

3457 713 647 181 Brujssel m. DRichard Southell

3572 765 2442 186 In answer to yd of 15 cur. returne you thanckes for the honour you gave my bill, & for the

3588 935 2392 79 trouble you had in grocuring acceptance so the other. as to the concernes of T.V

3573 979 2452 148 I have this day peceaved a letder from m. Sabbarton by which be selles mee that he is a

3577 1074 2460 148 frand that mr. vales things go ils, for my governem., Intrim receave a letter fom m. collier

3590 1164 2420 151 this there is £200- d more reuming on J.V in 2 or 3 biles of which this day I payd

3569 1279 2450 123 one of £20- & not haveing monyes to pay any more must suster the rest to buame

3586 1332 2424 139 for I can not helpt itt, & have no thoughts to redran for londen besides god knows how

3579 1424 2427 137 many there be more, Ibhn de coninct is imployed ly maynard, he told mee this day

3576 1517 2429 140 that he would not be to keary upon I.V; butt give time, which of he doth will be

3577 1598 2445 139 well, butt I doubt others will not, seeng there is so many bills oo severalt handes

3569 1760 2457 113 I had exspected a prepositm from you about our trade, wee have news again

3567 1811 2414 137 of a nieuw Intended warr hom france upon is, god in heaven be merei fulle

3652 1936 1316 180 Mons Kints den 20 april 1682

3434 1914 83 143 1

3439 2035 134 95 brussel

3631 2061 2400 195 Mons in antwort aen den ue van i6 deser ben seer wel te vreden

3613 2167 2319 178 de waeten noch 14 dagen met het bewijs op annoeet maer daer en

3607 2273 2386 200 susselen soo ist seker dat het selve als dan noch niet sal betalt worden

3610 2368 2410 210 ia lightelijck niet in weken want huns hure en is geen wisselbrief

3588 2494 2434 190 voor mijn deel daer is nu wej ing haen gelegen maer alsoo ick mons baudie

3577 2609 2317 232 soo lanck heb uyt gestelt voor tgene mjn leste voange hem ad moeten

3585 2749 2431 149 betalen soo ben daer over wat verlegen en wenste wel dat ul het bewijse

3576 2850 2458 142 naer hem nam ende het gelt aen 6 houdier geliefde te geeven al wat het oock maer

3571 2946 1308 168 binnen 6 oft 8 dagen, waer door ul sal veroblig

5508 3049 358 122 C28 apll

3453 3065 800 168 Brussel mr. Joseph Sabbanton

3565 3152 2410 160 In antwer to yd dated 17 & 20 apls. do exspect yd. advise att large concerneng thinghs for

3563 3291 2432 114 merly mentined, & principally about I V I Bave reed yd. packett, & given you crdri for itt

3560 3365 1393 173 I amglad you are satsfyed about mr. ant. Thompsom

5567 3409 286 169 a 20d.

3451 3518 793 143 Brussel im Antonj Rosseau

3554 3521 2432 229 J'ay bien reccu la vre. du hier avecq les 3p. de dentilles de nre vol qui sont

3559 3672 2413 181 pour moj, que sent marque ensuite, ie ne doubte prs, mari que vostres pacquettes

3549 3790 2199 101 sont lien arrivee a nieuporte, puis que me. mescassier est hier retorne

3543 3857 2065 122 vous avez sirre sur moy £100- . lesre Trouvera l'honeur necessam
