8023 4588
2306 180 737 98 In Antwerp: 21 marss

554 181 966 128 Mons Alexand De Bressy

1948 257 95 81 e

828 249 2318 117 Mons. En responce a la vre du 15 courant je vous diray que iay reccy tout

868 355 2225 95 sortes de draps d'Engelettere aussi bien a la mode que des aultres, et a cause

821 433 2268 89 que le nambre est trop grande, il ne peuront envoyes deschantillions

835 490 2253 124 car il y a de touts coleures, il vous faudroit les voire et alors nous

853 562 1203 126 accorderons bien puis que je suis

2246 575 826 135 En Anvers 21 mar 6681

550 589 852 145 Mons P. Meurant

828 641 2240 172 monsr En responce a la vre du 16 ccourant ie vous diray que j'ay vendu

838 774 2204 118 pertie de vre or, et la reste tiendray a vre ordre, en attendant vre

843 815 2225 124 remisie, entet t t teemp, tout ures marchandise est arrive a bruges, et

837 901 2195 123 je l'attend lachemaine que vienne se que vous avez marque

825 966 2213 125 j'tiendray a vre mes nous faut accorder devant les envoyer

825 1029 2035 134 acause ue la manif acture de pluis caire que per avant

2251 1086 825 140 iin Antwerpen 21 mars

540 1081 924 169 Leuven Joan De Goede

825 1170 2314 120 Mons. volgens aen ul huysvrouwe heb geaccordeert, hebbe heden mijnen

843 1259 2259 130 brief gegeven aen mons. ignatius clay te betaelen drij hondert guldens

838 1325 2306 142 aen d'engelsche nonnekens, de welk diene tot advies ul recommandeerend

836 1419 2261 114 hier inne prompt te wesen, op dat sij daer over geen claghte doen verhope

845 1485 2286 89 ul huyser guw well sal sijn thuys komen ende de wederen wel over gebragh

518 1513 1052 168 Leuven Guill Le febre

2239 1543 826 159 In Antwerpen 21 marr

837 1642 2245 96 Mons. desen tot advies als dat on ul heb getrocken te betalen aen

839 1715 2195 121 d'ordre van mons Jgnatius clay tweekondert vijftigh guld de welke

850 1778 2216 126 promt gelieft te voldoen, want den noot messeert mij te veel, soo

833 1847 2241 109 dat die weirde alhier heb ontfangen, en niet langer konnen uytstalen

828 1931 2261 122 oversulx mach ul tot de voldoenigh geen uijt stel maken, alsoo my

853 2017 2165 101 repeet daer van dependerrt waernade In Antwerpen 21 mars

539 2031 934 155 Leuven Joan van on stael

822 2089 2307 128 Mons. Desen tot advies dat differente schepe uyt engelant sijn aen gecomen

828 2165 2204 129 met de welke seer veel verse gooderen heb ontfangen, oversulx nu meer

832 2243 2182 105 versien ben als ojt int jaer waeromme soo ul eenigh dinst konde

818 2296 2271 163 daer nu goet sortement soude konnen vinden, dievelk ul tot gpaerme

834 2354 2255 144 heb eenige gelt te betaelen aen dengelsche nonnekens tot lenven voor mons

821 2455 2203 130 ignatinsclay, soo heb hem een briefken gegeven van een hondert & vijftigh

816 2508 2241 138 guldens dwelke ingevalen ul gelegen is te betaelen, en soo niet maeh ul het

831 2566 2259 177 selve refuseeren, alsoo niet geirne soeghte disobligeeren middeltijt wensch

819 2640 2231 149 ul hier was, om nu goedo provisie van onse goederen te koopen, waerin ul

2156 2729 905 160 In Antwerpen 21 mars 1

832 2758 1169 123 seer geirne ten alder beste sal dienen

528 2794 821 162 Leuven Joan Lefebure

837 2826 2198 202 mons. Ick hebbe al lanck gewaght, denkende dat ul meerder goet hadte

837 2926 2196 143 onbieden, d'welke niet geschiet sijnde soo is p desen mijn versoeck dat

833 2990 2208 151 ul gelieft te betaelen aan d'ordre van ignatius clay tijsen twintigh guld

843 3060 2182 155 voor het root kersije aen ul gesonden middeltijt ben tegenwordigh seer

834 3120 2208 127 wel versien van verse goedenen eenigh dinst konnendoen gelieft te com

2183 3180 829 131 In Antwerpen 22 mars

589 3177 937 158 Gent Francois Herrebout

833 3240 2245 122 Mons. De ul van 29: 20, & 25 deser hel bekomen het pack N. 2 vwlons

826 3324 2174 138 en sien de andere packen pr Pieter dewaele tegemoet in geleyt

826 3395 2232 107 mijnen tolbriefs p Brugge verwachte twee packen  N. 10 & CN3

814 3469 2252 135 deselve ul ver hant komende gelieft tertont herrewaerts te depestche

816 3480 2290 184 op d'een oft d'ander manier maer moet de selve voor naeste dondr dag

832 3565 2123 172 hebben alsoude die p wagen moeten komen voor ul gound

544 3662 806 139 London Will Scawen

1981 3672 1068 148 thd In Antwarp 22 march

838 3738 2246 135 S sence my last to you of the 11: curitt. non from you bought the

808 3812 2225 136 desired gallicoes to content, I omitted to write, or directs that of the

827 3899 2280 117 salempores must be 20 peeces dijed blew of severall culls, darck blew, lighter

809 3968 2292 99 & skie cullours a governo: I dare not persuade you to ventes abore 40 or 50

816 4034 2258 148 salempores in one bales off cottons att a time, wherefore lett us proceed

798 4099 2277 134 here in wisely, & not venter to much and in each vessel butt one bale

826 4197 2258 129 yeasterday have sent to newport to m vallego to be sent to you by way

796 4263 2257 110 of Dover p direction of m will Eaton one small packett

5824 221 95 74 36

3551 207 2385 118 off laces beeng  N1 g 14 parcells as here under, which I wish safe to you

3549 307 2405 121 desire you to dispose off itt as best you can to see if any in coridge

3544 401 2406 115 to proceed, my next shall carrj the perfect invoyce, whilst now I remaine

3298 383 717 175 London John Loyd

5064 470 876 100 In Antwarp 22 march 1681

3539 530 2385 95 S in answer to yd of 4 curitt nothwithstanding you had not the tome to

3528 583 2418 118 examine mij invoyce for the 2 packes of tykes, yett supose you will finde no

3545 674 2382 108 errour, besides the goods in prijses to content for be confident I could gett

3540 735 2394 124 more att present in selling here, then I have noted itt you in beeng don

3549 809 2398 112 to continew the correspondency either in halves or for yd acctt. wherefore

3542 876 2388 117 lll thanck you in case you please to do mee the favour to send an acc

3538 943 2419 101 of the product &bought I want mony in london to pay att the latter

3539 1042 2407 112 end of aprill & when I wrott you the 8 curits the ex was favorabelde

3531 1091 2367 138 to mee yett for yd advantidge draw this day att 2 uso to pay to

3528 1183 2373 126 Henrj Maijnard or order 151:11:10  att 35:6 which I recon is

3527 1243 2381 146 269:1:4 in guill 1614:8 which please to accept & paij for yd acctt

3536 1319 2416 124 itt is as I have remitted with others att 2 uso so exspect to be yd content

3524 1388 2406 136 I doubt my freind of Gand doth foole mee which I must not wonder

3515 1497 2348 96 att for wee recon the fleminghs of that nature, when they see aney

3532 1535 2400 144 more proffitt that then they do not maintaine promise I must be attgad

3535 1643 2398 111 in few dayes when shall make a dispatch to the legaturen without faille

3529 1692 1046 122 & so remaine with kinde saluts

5034 1703 903 143 In Antwarp 22 march

3284 1758 876 130 ondon Henry Maynard

4541 1804 122 88 th

5438 1782 105 104 Ak

3534 1791 2388 179 S my last to you was on the 18: curitt sence reed both yd of 4 & 7 ditto as for our

3511 1928 2403 101 correspondency, Ile considder all  towards the latter end of june send an acctt

3529 1957 2406 124 Generall & endeavour to give you what content you van exspect from

3481 2032 2342 128 my reasonable freind, when also wee will settle for the future, whilst

3514 2155 2364 96 pro intrim I'Il see if I shall proceed for my owne & satisfie you for what

3514 2172 2430 152 shall bepast as well for yd as my acctt. for I must be doing some thing with

3477 2255 2427 122 you & rather in case our trade then diminish wherefore be confident

3506 2307 2389 176 Ill not desist from my side to give all due satisfaction. could I butt

3503 2371 2355 163 be served bij you in northren goods as I have been last yeare by J.V. &

3492 2436 2392 161 formerly by JK truely I would avoid all mannes of writing to others for

3477 2522 2446 187 I finde itt more troublesome I have recd. the patternes of N7 the clothes

3501 2605 2418 175 of which (in case prove as well as the patt. promise) will quit content

3511 2658 2407 187 itt shall be well thought they were  for bridges because rul pindar

3505 2763 2368 141 is a loading att hull: as to the pack of spanish cloathes you provide

3507 2843 2402 118 lett itt be sent to bridges also in case this comes no time because wee

3521 2901 2343 151 made an accommadition with the custome officiers, which other

3505 2966 2389 126 wise I should have avoided by way of Rotterdam: as for the cottons

3498 3054 2418 104 to pack in the callicoes, pray lett the bales be butt of  peeces as

3494 3123 2433 144 the last parcell & do not exceed 40 or 50 salempores in one pack & of t

3483 3232 2386 115 long cloth butt 25 or 30 peeces and in each vessel that nature

3499 3306 2382 125 because of late there is seased on one pack, wherefore wee must gett

3489 3405 2383 102 them over att a longer ruun & be more cautious, which pray observe

3507 3469 2322 99 benedictus van Claerding is run up to Dunquerque for storme

3486 3548 1670 84 & hope now att ostend I do exspect to heare of

5017 3603 885 129 In Antwerpen 26 marckh

3349 3589 1000 167 Brussel Ber: vande klooster

3500 3665 2374 131 Mons. Desen tot advies als dat de 74:4 bet sijn, maer de 800 pasto

3491 3752 2398 136 sijn noch niet geaccepteert den vrint sr Donkvers versoekende uytstelle

3475 3841 2422 143 tot morgen, oversulx soo hij die niet accepteert aen ul sal trugge senden

3486 3946 2357 115 waerom en scheyt van geene peainge oft en accordeert niet voor die

3479 4004 2373 143 rek: voor dat ul dat breeder adviseert ter wijlen het gepasseirde

3492 4091 1030 144 morgen sal laten weten
