8023 4595
800 213 2276 93 goods sell for you must bevery cautious in guiing yd order in the

795 243 2318 143 north for if you be tourgent, they will over haste them selves & buy

834 349 2179 87 as they can gett, wherefore from now off as some you receave

836 413 2195 101 this write to him that bought N. 29 that he should pick up

824 473 2177 109 when he findes penni worths severall drapp cullours & grayes of

825 562 2291 106 all sorts not exceding 5 st ayd raw, butt all what excceds 3  8 ad yd

811 622 2282 121 now must be lonen cloathes, for our people will have no halves

819 696 2218 118 eacept single Dozins ander 3:6 ayd, so shall be larges p next

841 757 971 118 & send patt whilst I remainee

2122 769 932 162 In Antwerp 29 march

552 794 1040 151 London Henry naynard

1956 839 162 118 th

827 863 2321 155 S my last to you was on the 22: crritt sence recd yd of 14 ditto with

823 978 2273 106 in voyce for the 2 packes shipt a Rottere, which I should wish over

805 1036 2300 124 for the modecols. do promise well by the patt. except N. 586 which is

829 1123 2284 97 to redd, the drapp cullours in said bale N. 9 are good, where fore provide

823 1177 2222 88 6 peeces more of the same ccll. & leverall prijses as also one or2

830 1264 2240 85 chore as N. 578: with 4 more of the inclosed patt to make up an

834 1330 2318 113 other bale of spanish cabathes, butt not exceeding 10 s ayd viz from

820 1389 2213 91 6 st to 10  ayd I want most low prijses the blews are some what

829 1463 2176 122 to darck where fore provide 2 more some what lighter & add

819 1544 2271 119 to theny 3 auroras of 11:10 to £12 ap which will make up an other

826 1595 2342 130 bale for northren goods you shall have orders p. next. the cottons must

829 1685 2141 119 be orderedas by my last ½ in one bale and about the cottons 8 a9

829 1736 2240 162 salempores in each ½ cotton att furthest & wrap pered with 2 bayes

826 1846 2197 110 onely butt the bayes must be thrned round abrutt the cottons

826 1902 2252 152 & not so much under or above, because the changes should see the

828 1994 2233 133 lest the cettons, lett each ½ cotton by stuckt with 3 ropes imsteed

836 2074 1965 104 of 2on boath sides, that so the lists are closed the better

835 2125 2284 156 Richd pindar beeng att hull supose shall bring the dozins ournorthen

821 2190 2261 159 are abourd mimbray for Rotterdam, I hope he will saile suddamly

827 2268 2221 126 att least before pindar, for I order that for expedition sake & in case

815 2364 2158 112 the spanish cloathes in N. 9 moches were not send away, should

833 2381 2240 179 desired them to be reschipped for oftend because itt zeems the custome

827 2473 2234 142 officiers will bevery favourable whoever itt matters not much

823 2549 2259 190 ffor what already anderway lett yd freind in the north buy a pack

825 2659 2167 113 of 30 baijes fro 40  peeces to 5opeeces to hull to be sent for

799 2722 2287 162 Bruges in closed you have the acctt: of N.4 with gold which though

818 2790 2216 129 cost mee more is after therate as itt is now dares sold for ex. mony

828 2871 2235 128 because wee cun not pay 6 s of ex. hrth gold inclosed he imvoy

835 2951 2207 136 of the parceleof gold sent to brugges which cost ƒ455:113:4 for whic

851 2993 2252 198 please legivn yd acctt credit & mee on mins for £116:13:4¾

807 3129 2167 106 whch I remitt you att the charge of Hennage norton for

833 3208 1569 145 whick pleaw te provide the needdfull

816 3270 2196 176 pleaseto provide  drap cullours of N. 57 6: 180: 577

833 3364 2245 180 583 in last bale N. 9 tobe in trijses fram 6 ayd to

823 3454 2174 153 10 anordingt hey proreceell thongh Iwant att

833 3550 2166 137 least 6 spuck culsoirs of 93 a yd ha 7 besides one as

811 3648 1494 156 578:6ƒ 7 ƒ061 ditto t ƒ613a6:6

815 3728 2259 150 ssenakt up the bale shall sever thet patt to asson accord

815 3843 2213 150 shall sinde best alloew prijsen 8t: 6 ƒ a 6: 6 te 7 ƒatt

826 3919 1706 155 furtheyt, because  want sowt mijster

825 4015 2273 161 pruy avoid all sappy vr selling stimking cloat is

836 4105 2141 139 sert Non that ae thread bare, for monghst the

854 4144 2307 152 last some arethatiser the woole whick is abonindh

2691 4366 118 63 8:

5092 218 841 119 In antwerpen 50 mais 168

3293 215 887 139 Bussel o rest verveis

5826 292 57 106 de

3559 295 1478 160 gesonden de flcture van 6½ dayen

5338 426 542 166 36: mars 1681

3304 452 819 200 Brussel aud Artsens

3554 598 2325 106 gesonden de ges vancen pack gisteren toegesonden ende

3589 667 2344 189 ggeraeght oft de super fijn mogen p bode besorght word

3269 763 1458 204 russel Ber vanden &looster

5352 803 423 154 3oreneert

3557 907 2359 155 gesonde de nervant pack dTDV 4 gesten sccep best ele

3555 988 2373 194 is geadviseert  sal laten wite soo haest de soopan

3551 1083 875 123 evlaelt sullen sijn

5229 1129 680 161 30 mas 1681

3294 1165 1261 203 Brussel Jadocus de Sadeleir

3555 1286 2339 176 gesandenndere vant goet gistnaen hem besule

3553 1396 2255 143 e gemeght oft 3d supe fijn begent pr 60 du

5040 1480 886 127 In Antwerpen 31 mars 81

3309 1469 887 138 Gent francois Herrebout

3524 1550 2399 115 Mons. in antwoort aen ul van 29 deser de 2 packen N. 10 & 37 fijn van brugge adroit ur

3525 1657 2382 115 gesonden, ul soude geirne op sicht op mij ƒ 200:- treken, ul gelieft mijn voriger

3495 1713 2405 97 Rek. te senden en tgeene ul komt tot uld. eb lest leden sal betalen, maer tis

3519 1773 2408 105 mijn contentement niet deen jaer int ander te laten loopen, oversulx sent mij

3527 1830 2399 122 de Rek tot daer toe gesloten volgens voor desen geseijt, en dat ul p slot daer van

3548 1905 2372 118 sal komen, sal geirne opsicht betalen, hope sondagh bij ul te wesen blijve

3262 1928 767 146 Turnhout Peeter Roberts

5132 1968 799 140 In Antwepen 31 mart181

3527 1998 2388 161 Mons. in antwoort vanden ul gende ul een stuck batoen, maer hebbe present

3532 2128 2297 83 geen bruyn maer waght in corte dagen meer forteringe oversulx het selve

3521 2149 1932 110 niet genstaende gelieft t' weder te sende waer mede blijve

5115 2228 754 105 AAw: 31 mars 1681

3242 2198 765 158 Brussel Pr. vanderhagen

3530 2247 2388 179 mijnh. In antwoort aenden ul van 30 deser segge dat present geene Leet witte W.WM

3516 2365 2284 114 Roy mercken pack lakens by mij hebbe dach wel eenige on bestijde de westke wit

3524 2423 2393 115 onbereijt £21: contant soude moeten verkoepen kosten, ul de selve gelievende

3521 2484 2396 116 hebt maer te commaisdeeren, heb in andere packhuijsen geinformeert doch

3518 2548 2399 83 Geene NN, roij mercken packlakens zeepwit gevonden, soo dat ul versaek niet

3484 2630 2402 93 kan volbrengen: ondertusschen clacht ul overden swaert bay, die had ve

3520 2656 2393 110 geen 3 maenden moeten biju houden maer aenstonts wedersende nost andes

3516 2739 2369 104 blijft voor ul Rek & volgens geloste van over in betaelt thebben

5548 2791 79 74 in

3269 2793 893 138 Lille Bsichd Southell

4819 2800 1055 126 In Antwerp m aprill

3525 2871 2366 122 S in answer to yd of 30t past do inclosed remitt you £500  att the charge of

3502 2960 2390 110 of will scawen of 28 past dubble uso which lost 35:7 I could do itt not other

3518 3009 2384 96 wise & is accordingly as I have don this day for my self, so please to note according

3500 3058 2399 171 I have recd our seges & silk hose, the latter sold & the serges supose toturne &

3480 3121 2363 156 of speedly, I could have wished more gold & black mode mixtcollours had

3505 3257 2335 82 ben amonghst them the goods out of nelson are also arrived & att our

3488 3240 2426 160 meeting shall give you my opinion, the ham brough buyng doth finish

3487 3364 2347 126 31 past which is  thcuritt when itt is time for us to beginne, the

3490 3398 2409 152 meetiny please will be the usuall un less you would have itt other wise

3513 3486 2354 152 I intend to so with the waggon on saturday morning to he you the

3490 3536 2414 168 same night god willing, for the following mimday must & here againe

3455 3643 2411 153 I shall bring the needfull acctt. with mee & exspect from you the hake

3466 3700 2441 165 as to in Herreford the notary which hath the papers in handes is sich

3499 3771 2376 155 which will retard the cause some dayes yett shall endeavour to bring

5655 3878 188 99 mee

3492 3902 1426 109 the answer with mee & so remanne

5060 3914 843 140 In Antwerp: P Aprill

3265 3934 971 166 Brussel Judocus De sadelaer

3484 3988 2415 134 Mons in antwoort aenden ul van gisteren hebbe de 2 fijn lakens ul heden

3496 4078 2354 96 pr bode toegesonden geaccordeert voor tijt 0 voorvraght voortwel

4767 4148 77 55 2

5515 4132 257 96 16½

5272 4148 195 87 ƒ 23

3447 4137 1715 103 defacture daer van 1s N. 176 a 28 a ƒ87½ „6:6

5300 4190 251 79 „163-

4244 4220 1070 98 N 124„ 24¾ „ 30¾. 5:8.

3476 4225 1321 127 wille niet twijffelen ofte de goederen sal l

5115 4252 303 112 Tnmen

5398 4258 149 121 30

3485 4283 1850 100 ul in alles wel betullen want tis soo gorder, ƒ 8pr

5642 4258 155 135 3

5660 4358 51 84 on

3475 4368 854 72 koop als mets geven kan

4522 4346 1010 99 fte betalen sondersal p 3
