8583 4622
2430 231 712 126 atw 26 feb 1682

858 269 895 169 leven mr Joan de goede

1120 312 2191 171 mons. ten langhen lesten is het wit perpetijaen gedaen ende

1124 429 2232 205 sonden het selve heden aen ul pr bode, den heerelaet het

2897 509 334 139 ƒ 36:-

1129 512 1579 203 het selve aen ul wel geworden, kost

2918 552 474 182 „6:6 126

1131 633 1436 174 voor wit maken, pluijsen & persen

1114 698 2279 214 met den vasten hope ul veel sult van doen hebbeny

1131 786 2217 234 ul iets noodigh hebt gelieft te ordonneren, oft onsselve

1141 973 1011 170 te komen besoecken

2475 969 725 187 antw. 28 feb 1682

857 1082 1019 177 mechele mons. van aken

1135 1098 2174 249 monsr de 2 geil lanten perpetuaen gereet sijnde hebbende

1156 1201 2205 255 selve aen ul heden gesonden in pampeeren en klederen

1137 1294 2240 255 wel toe gepackt, ende op serist aen ul. sende pr beurschip

1120 1419 2248 217 ick en wil niet twijfelen icft sal ul tot contentement

1155 1518 2186 226 sijn, by soo verre ists int minste voor valt, waer in ick

1165 1622 2097 270 16 wijders kan dienen gelieft te commanderen, &

2765 1740 518 159 as. 28 febu 1682

893 1853 785 180 Eyan m Aillem Sealy

1120 1874 2227 216 In the 18 uitt. ded answer yd of 28 past, sence recd. yd of P pr. by which you

1151 2002 2155 211 express the quanthe of sloverseed, you onder by the sonn a ton wee reahon

1132 2100 2216 159 op heads, which should farr epeced the formar order of 3 thous and or 2 thous and be

1132 2179 2239 205 gett that com. beeng so much rises shall onely with much a do provide the liast

1153 2278 2190 199 for as yett have not been able to gett any of the best new seed under 4 stivere, all

1142 2417 2236 140 so that I feare, I shall be fored to give 4 sp for the old, I have abour 6o1

1147 2495 2223 139 ready bought the least markett day, & as much as I see the old will cost you

1147 2570 2193 158 one with an other vere neare 2 p so shall provide accordingley, itt is never

1150 2672 2186 125 seen how that com is bought up, & itt will oblige mee to go nound by the boores

1149 2796 2256 113 & buy what I can gett to yd prijses, for all what comes to markett is sold as sorne

1161 2857 2212 148 as sett then the markett place of that com is 5 leages off, & I'll endeavour to

1145 2938 2245 166 have the parcill compleated before next mankett day be past, or elces I might sean

1158 3033 2214 169 more aesing, you may depend on my endeavour for yd advantidge as much of

1156 3125 2181 197 for my doudre. I have witt to ostende & Rotterdam to know where the first

1180 3243 2205 165 opportunitie is of shipping for yd part I shall do all I can to serve you to content

2849 3329 286 151 @ 28d.

899 3341 836 186 London mr. Bruny Colliun

1164 3436 2179 150 Jusf when my last on the 25 curtt. was gon away, have recd. yo of 10d., tis good

1167 3524 2222 187 I have bought no more mathers till I have yd punther opnitw, I have also contrrmanded

1166 3649 2203 150 John Button to buy those 2 bales att Bulst, & have his answer, that he shall not meddle

1173 3747 2221 129 with y. which perhaps you will finde also by the inclosed. the 2 I wrott you off at

1165 3849 2212 127 ƒ37- have putt off, so that I am not obliged to take them oneles JB. had engaged his

1173 3921 2212 114 word fuither thin I know. as for the deluge tis certains that never the like hashwed for

1178 4019 2189 131 itt hath been genonall, & all the mather contrey as well as all other low ground is underwater

1189 4124 2190 101 & that shill, t is trre some beleave & say that whien the wathers shall be out that the mathers

909 4107 96 176 6d

1171 4194 2218 128 will come to I fection, butt who can tell I confess every where are thes greatest endeavours don

1188 4269 2200 139 of the wold to keep their grounds, yett the vers land, or polders whoes disches are not

1175 4360 2224 126 broake, butt where the wathe did onely aun over, is still under water, & will not be ont yett

3549 208 2446 134 n & how shall itt be tossible to repare such discles, as are broake, & whene holes aved

3553 271 2440 157 fallen that an eastindia ship could saile through, & such are to many here abouts, butt how itt is

3563 336 2418 143 in dolland I cnow not, though I am sure tis badd enough. as for yd. resting goods I have

3570 435 2406 133 no occasion for them to take y upon my acctt. butt I'll sell them, whes I can, for they must

4311 512 1680 103 P.S beeng traged to recave the bales of mathers att ƒ 38.: 1o have

3568 567 2383 98 have their turne  foreed to draw onyou £100- att 2p att 31.2 a 28 febo 168

3459 608 2568 156 Londen mr. Genry Maynard fo the ord. of m sac. Bonvers valew of hin ecould finde no liss to draw to please

4166 681 731 91 to accept & raps to yd. acutt

3564 739 2408 130 mij last to you was on the  corr. with a bill of £160- on m. Edmund warner att 35„ 2

3577 804 2422 154 for yd acctt inclosed £150- att  sight on adam Grover for my acctt. for which please

3576 873 2403 136 to procure the need full, I hope to remitt you overy week to incorridge you as much, as

3580 959 2425 177 I can expect from you in the goods. now I have before mee yd of 6 & 13 curtt with

3594 1089 2386 107 invoyce & patt. of 3 packes aboard steven warner sor mij ½ part in them shall give

3596 1142 2409 155 you creditt, butt I finde you sende not goods to the pattarnes & discripsion I gave, in

3585 1239 2409 145 the first you send lighter grayes then I demand, & non as browne as my brownist patt.

3617 1320 2399 169 thereby already 7 grays where as in all I urott for 4 a 5, & yett nott one you send as browne

3594 1430 2402 116 as I have desined so I must have one or 2 of the brownest that are to be had nept to

3583 1504 2422 134 Must. the gold & blackes are to reddith, & that I told you to avoid, N. 360 is to light

3610 1616 2387 144 & not one patt. of what I sent you comes neare itt, I hope the aest will better aggree

3609 1715 2358 114 & to make our assortment the better, must have some browne cullours, aclording too the

3615 1789 2372 140 inclosed patt., of which please to provide the needfull, as therem mentioned, & if you

3595 1900 2426 125 can not finde the bleews as desined of about 5 sta yd lett them allone & make up this

3617 1990 2398 126 bale whith some more ordinary or low prijses of the same cullours of the heys, & make

3604 2074 2403 126 the bale of mocks up with the greens, ensseed of the blews, butt what sors of blews did

3610 2171 2378 157 you sond formerly to the indos Bouwens of so low prijse. negleet nothing in the GW

3612 2261 2358 153 silver marchs, for I must have them about caster. if m. Scawen bayes something

3606 2348 2400 174 for mee att the eastindia sale, shall want 24 demy white cottens, so you may sick them

3616 2452 2386 170 up, white you meet a penniworth, 12 demne & att least, of about 24 a 25 senee a good

3616 2551 2361 116 as to the northren goods is loss to yd. menagement the better they be the better that

3616 2636 2365 152 trade will take: I could with wee were once neare I K I assure you no cloth he

3617 2736 2421 124 sends from Hull, butt proves 2„2½ & 3 y over measire: butt follow yd. way & intention

3620 2848 2396 143 gett I doubt yd. bayes rappers att 44:6 will rott do, you must needs send for some out

3625 2960 2364 131 of the north because wee ought not to bestow more then 40, or 41 ƒ forviappers, itt

3629 3006 2412 136 matters not if they be of a counse wooll, if they be butt thich broad, & heary. asto

3627 3108 2400 147 the cxrons they wil be noted to yd dircekon: neglect not do wnte off y of the prets

3630 3195 2377 135 as for mr. Bondon & Garduer, their letters do finde due camplynd with thnckes to

3619 3320 1579 145 you for yd raccomandation, yd. naigbbair Thenat

5527 3302 288 210 At fed

3452 3429 819 160 mnne Michiel valiono

3667 3510 2377 171 sedert dat op 21 deser het packettien n° 21 N 19 heb gesonden

3669 3612 2352 178 soo hebden uwen van 26 dito wel ontfangen & waerdoor

3708 3763 2336 133 geerne gesien dat nomber 18 aen u6 wel was geworden

3698 3850 2190 188 hede sende ul nomber io het welck gelijck de

3687 3977 2178 149 voorgaende naer londen te expedieren a mons

3693 4059 2368 177 het mon waerner stellende de omcosten opsijne rekeninge

3656 4156 2323 173 voor nomber i9 hebbe het port 513 geacordert dencke

3680 4274 2260 111 niet dat sij uwee daermeer sullen doen voor betalen

3689 4351 2364 101 al hoewel in mijnen advis brief sulxs heb cosmitert
