8569 4588
2478 203 794 136 Antwarp 3 fub 1682

843 224 605 151 London mo John Loy

1128 267 2263 167 S. my last to you was on the 10h past, sende non from 4 on y0 bals of lyched

1123 408 2260 111 18 londen aboard of haulatsoy att Bhenge S, which is not rest dipaited for wantes

1148 463 2248 126 good mind, as I supost in Ravharl oools schall ha advises you & intth

1146 567 2236 93 bill of loading f have made you onely debtor for the fiest coot, & hoe

1147 636 2223 98 you will allove inu comethiny to the cbarges, wuch £20 sertt 10 yo

1138 700 2251 114 dise resion, whilst Pexe inclosed send y0. acctt the ballance of which is

1110 777 2288 132 £211:16 flmists phics this day SPave dearor on you att 35„2 att 2 p

1143 903 2250 79 in my bile of £120:0:t ts payable to the bedee of mr. Jacorno Paupens

1150 942 2201 120 sor ulerp rec. of hunm, so ies ray oe due honne puc

1142 1041 2273 125 chall advise you att large of yd yaeme, expecting some moen sunbout

1151 1112 2245 123 of tycke maken to touvene, to sine you a full information whilst nows

1130 1195 400 126 & remaine

2383 1245 727 205 Antroarp 3 feb 1682

917 1285 904 141 Londen Der Luoy Kurght ley

1176 1429 2208 141 my last so you oas ou the 14: past, whick I Rope you han och

1117 1524 2262 120 de ceraped as also of 3:t ditto thouigs & haue sence noufiour yous

1151 1596 2224 142 hope that no indisuartion bats ditanned yo ausswse of rooich I long to

1143 1713 2257 108 midoistand, because I nould faime enero if of hare to expat the 1 aucoirs you

1149 1762 2257 131 Bad tead y for nmee, to foucem my self accoeding pray dispose of 1ed heisis

1135 1843 2258 132 I can do n0 good nitts them Beyv: on the 26. part Bath of 6r11 heve suche

1132 1956 2214 110 a storme & violent water flood, that itt broacke in all the lands here about &

1139 2052 2275 78 lower towands the sea, which hath dravnded 33 polders from iddill tot his towne

1147 2112 2245 89 mined sever all forts, and al most all the towne of stultt, such that never the like

1151 2216 1892 95 was heard, or seen, the loss is Infinite great, god comfort all loos2s

2744 2257 246 133 a 3d.

890 2229 770 181 London mr. Abram Vivian

1153 2335 2211 144 mij last to you was on the 27 past, sence non from you yett, whilst you leave mee

1134 2459 2245 125 not a little, straightned for mony to diicharge yd bill on the 31 past, have drowne ou

1151 2536 2223 132 m. Tiongio Coles £72-  att 1½ ito for yd. acctt att 35& 3 ½ payable to the ord of in

1138 2660 2226 77 Josegh Sabberton for the valew of m. ignatius clay, to which tray take care that

1146 2711 2242 115 all due honour begeven, & in case grecave no news from you shall draw att least

1135 2822 2245 132 £200 more, for I can nott bitlp, or avod itt, I am yett no less then £400-

1133 2902 2236 100 in disburse on yd acctt. which followesh nept saturday, Interim you have heere

1133 3004 2233 118 inclosen the acctt of sale of the  last yeare, which are in all ƒ 40972: 16¼

1153 3098 2190 104 in f. £6828:16„1½ in which yo ½ is £3414„ 8„0 ¾, as you shall see on yd

1144 3156 2226 145 acctt this yeares charges are £489„18.3 in which yd ½ is £244 „19„1½, & the

1162 3257 2205 146 resting goods cost fust penine £1771:- so that you will finde the profitt in all

1154 3328 2241 163 £500- stt, & of the last yeare £200 -, so that I rekon sence wee dealt togheter

1154 3417 2171 159 oon the wholen about £700- st proffitt which you will see cleares whesn you

1159 3492 2218 175 have the acctt of clharges & yor cur., pray faile not to sand my acctt & sett

1148 3599 2230 134 mee know how itt is whit the bayes in orderd, for I do much want them, of alsoo

1153 3706 2239 137 to know if you intend to come over & when, to take my measures accordingley for

1146 3782 2242 162 I love not to bo backward, when theres comes demand, wat ever you do, lett not

1139 3890 838 152 mij bill suster bij m. Cole

5867 185 116 77 194

5420 190 507 163 C 3 feb 1682

3414 213 578 143 Londen Mr. Beorge Cole

3545 307 2426 144 In antwers to yd of the 9 past to send here inclosed the acctt curr of the astate of J.N.

3545 405 2456 159 de seased, of which I finde due to that efrate £150:18„1½ flemish which is most standing

3541 478 2401 131 ont by bohfail d Coninck, abram van dist, and the vidond formentrond & othere, I

3559 589 2413 131 shall endeavour to yett itt in this month to remitt itt you, whilst I shall prefare a

3544 666 2457 137 discharge to besigned by you & the other exceutoins for mee, pray examine this, & lett

3548 731 2474 149 mee know if you finde any thing to yd on my preiudice: pray lett mee have the desred

3548 832 2457 155 attastatin of daniel vivian. I have made bold the 31 past to pass my bill on you

3551 952 2422 142 for £72-  att 1½ 13 payable to the order of m. Joseph Sabberron for the valeu

3536 1034 2431 155 of m. Ignatius Clay, which pray give due honour, & pats to acctt. of m. abram vivian

3559 1111 2413 161 I could not avoid itt, beeng some what straightned to pay the bills you drew for him

3541 1216 2435 148 so I hope you will not take itt ill, neither refuse my bill, for I should suster vere much

3545 1281 2420 159 by itt, & if you please not to accept itt for his acct, pray do itt for mine and I'll see

3541 1389 2457 156 you satisfied boath for the valew & sromble I putt you to to depend here on to yo discresion

3536 1509 2474 132 Ifyon draw on mee the £50- od mony for m. Lobb & Comp. shall duely discharge you, &

3535 1574 2361 145 In all occasions, where in I can senve you, bee gladd to have yd commandes

5530 1676 219 129 3d

3444 1685 667 162 London mr. Heny Maynard

3549 1797 2401 136 I hope yd safe arrivall in London, & that noting hath hindered yd passage though

3542 1893 2358 108 here wee have hadd such stormes, and floods, as never the like did happen, betwixf

3549 1963 2413 143 middelbourgh & this place, are 73 polders drownded which is al most as much ground

3556 2044 2398 130 as all brabant by which every one will suster att the other side the frenck will nott defist

3552 2141 2466 132 in their pretentions so that wee are menaced on all sides, which I doubt will give us no

3549 2237 2481 131 trade nevertheless, in hopes of a better, then the present constitutin doth promise send you

3551 2316 2448 132 here inclosed the neassary instanckens, for what I iudge needfull to assort our ware

3536 2396 2469 180 house, which you pleases to gett ready as soone as possible & send forward according

3557 2507 2440 149 to the best exontiumite, principaly one pack of the keys p first, as alsoo the northres

3551 2573 2469 202 goods, which is all will wnoth is still here, because wee daibt, & as much wee understand

3558 2681 2374 171 sprong is underwater, so shall not send him forward till wee have trev advise

5577 2781 240 117 a 4p

3448 2789 641 160 Brugge nmr. Raphael Coots

3553 2877 2444 165 In antw. aen den ul van p. deser, heeft ul hier beneffens de noodige certificatie, dat ul voortaen

3549 3036 2475 116 separate reeq over de toecomende packen sal maecken, sal aeng wesen. het stormende weder

5607 3095 210 130 a 4d.

3459 3075 705 167 Rechelen Juff anna Nigans

3575 3195 2411 134 den ul van gisteren ontf het stuckeken cant sal houden, dogh verwondere mij dat ul mij niet en

3565 3305 2419 133 seght, oft ul de st van H baiet can leevere, waer op dan antw verwaghte is 't saecken

3560 3412 2438 135 dat m. van Aken geen occasie heeft en ul gelt te bett. sal het selve op ul order gereet houden

3553 3515 1711 112 den sack van mijn swager hebbe niet vernomen, waghte ul antwe

5615 3571 238 122 a 4di

3483 3587 951 145 Mechelen Juff. anna van deneden

3552 3695 2447 139 m. van Aken heeft mijn gelt met de bode aen mij gesonden, ter wijlen dat cusf wigans op den

3568 3806 2413 131 wegh was, maer t sedert heeft hij hier geweest, & mij geseyt dat hij in weijnige dagen alhier

3563 3865 2460 128 nogh gelt soude hebben, soo hebbe dan de somme voor ul aen hem p memaie gegeeven, cant

3565 3989 2304 114 het hem gelegen hij magh het ul bes soo niet soo is ul gelt niet sij mij gereet

3557 4090 2465 122 Ick Meyne dat Icq ul hadde geseyt van 6 a 8 st van ½ a briet de spiefel geront & d'ander

3548 4192 2456 110 stock gront, heeft ul eenige gelieft mij die te seynden, ofte adviseeren, wanner ul die can

3563 4285 1487 149 leeveren 3 sij 3. 4. 5 a6 grvolgens gelegentheyt
