8515 4629
2262 241 935 110 Antwarp 8 ortober 1681

747 247 890 138 London Abram vivian

1928 324 73 73 th

1016 332 2281 115 Sr. my last to you was on the 27: past. to which referre you, sence recd. yd of

1022 396 2165 125 19: ditto, by which am hertely sorry to understand all yd laces to be seased

998 449 2231 160 yett hope you gott cleare with a lesser loss then you exspected of which

1001 518 2284 156 should be gladd to understand yd bill for £150:- p. in H Cole shall accept

1008 595 2285 149 & pay accordingly & pass to my acctt., I exspect to know how all the rest

1008 637 2262 183 of our goods be shipped, to governe my self according for I am informed

993 712 2265 166 that northeen goods are some what afalling & verepleat y. & heregod

999 813 2246 152 be thancke wee have had an indifferent good demand of late, which

999 866 2304 166 made a good breach in our pariell & in case I did not exspect you over

989 943 2244 157 thinck I should send a fresh order for more goods which I partely

995 1012 2171 131 delay till I see you inclosed returne yd bill for 201 crouwne, which

1007 1083 2256 153 please to send imee indorsed & I shall endeavour to procure the needfull

998 1159 2201 165 I have given you creditt for my half share in the acctt of charges of mr

1012 1250 2264 153 shiner, butt I never sace the like to make butt one same &to say for

1007 1311 2254 160 all charges in all so much whithout any fuuther explication, is some

1019 1407 2225 137 what to darck for mee, though I am contended if you be satiefyed

1024 1478 2265 138 all our acctt. & sales  will be ready god willing as soone as our greatet

1022 1556 1737 145 hurgy of sale is past & so remaine with hinde saluts

2683 1563 343 170 @8 ditto

783 1583 626 171 London John Loyd

2012 1663 75 89 h

1025 1662 2262 163 Sr. I have wrott to you on the 17: past some fewlines, sence non from

1015 1756 2256 136 you though I do mich wish to do you any service, & that wee might

1025 1818 2243 139 have alarger correspondency toghether towards, which nothing should

1025 1894 2199 138 bewanting on my side: I do beleave that English butter will be agood

1040 1994 2152 107 com. here next winter, as also the frith of yoches & bellifap because she is vere much

1015 2057 2212 139 is en here, & by all apearence will be vere deare. This finther & cheefly to advise you

1025 2142 2198 125 how m. moore alias norton after 3 a 4 dayes sichrets dyed in his prison in our towim

1026 2214 2152 134 rasble, & so poone, that a certaine engles man gare a crowne to gett him burried,

1042 2313 2182 110 for as long he lived he did do him self will with is pretended wife, pich is kept

1020 2411 2204 105 att is lodging a frisoner to pay his & her expences, for the time of is haveing bee

1038 2484 2158 119 there, wich as I am informed is about £50-  & the people suposeing to have

1023 2559 2165 92 a great yintleman in their house finde nothing now, so itt will be a great loss

1022 2635 2157 116 to them, Intrim I supote his tane. wife will be contented with hen fortiune &

1037 2738 1850 109 I wish her a truer husband. which is the needfell, att present from

2725 2762 351 162 a 8 ditto

786 2805 742 134 London m. Henry Maijnard

1027 2878 2128 133 My last to you was on the 25 past, sence non from you, in the ineom vahile our

1036 2978 2162 149 goods ane all come to handes except the bale N. 43 which is well arrived at Bruges.

1031 3067 2152 155 & of the fijne cloates are sold, they prove deare & so doth all watt of late I receaved

1057 3144 2174 147 principally the redds, which I doubt will never sell to proffitt, for never I saw dearer goods

1049 3227 2213 126 besides they have been opened a board of warner, & so mishandled, as if they had leim

1048 3308 2168 170 seven jeare in a ware house, besides one aurora al most spoiled with spats of dust &

1048 3385 2199 143 mudd, I wonder you suld should take no more notice of what formerly I wrott you

1043 3495 2169 142 do exparss in y bill of loadings to open no goods with a pennaltie, & whiy do you not send

1052 3570 2216 132 the bills of loading to mee dixcetely, for what hath coots to do with them, for he s tofoll

1046 3670 2162 133 mij onder, & in case he doth not procure satisfaction for the like abuses I'll imploy

1069 3752 2147 143 them that will do stt. I have no pack whites by mee so please to advise mee how

1055 3841 2105 115 the P.F. ylallow, & NW ronge manck doth sill & if no apearence of falling: pay

1040 3956 2210 118 hasten forward the cottons: Intrim itt 3eems as if the dray cullours were out of fashion

1060 4011 2165 146 here, & all the demand falls upon darck browne mushes according, to the inclosed fatt.

1040 4118 2135 106 in wwich all kinde of reddisch must be avoided, & am desired to write for 4 or 5 quarts

1063 4174 2113 155 of pure good goods of the inclosed patt. of 12 to 15 ƒ a yd., so could wish you could

1055 4299 2168 100 dispatch them with all eares imaginable, & because the haste for the same is greatt

3571 234 2426 107 somy freind disired mee to lett them come by way of doven & newpont by the pacquet boat

3579 314 2419 108 which I desire you to do, exceps a restes was ready to depast for ostend as to one as these 4 a

3586 395 2376 111 5 oIshall be ready, which might bewrapped with a white hertre of 22 yd. to make itt the

3566 473 2392 110 lighten in which I hope you will take all Imaginable care to advance the super fine

3570 529 2452 156 goods, as well as low prijses in sale: I expect that the blews & mocks are sint forward

3568 656 2392 102 by this time. inclised you have my bill for £200 -  att 2110 on m. Will. Scawen att

3573 711 2395 115 35„4 for yo acctt. mr. furnase his freind att Brussel hath nort yett disposed of the in ordered

3583 822 2383 88 mony, so that I can not exactely advise you how much to pass to acctt, m. Eokhoven

3585 877 2405 133 for the heirts of made. Bouwens hath told mee you would please to draw the neet ballance

3571 969 2411 109 due to you, on hun att sight p lass, & that he shall punitualy pay itt, which is the needfull

3571 1065 565 128 att present from

5390 1075 472 158 a 8 oct. 1681

3390 1134 620 146 Londen m. Will Scawen

3576 1207 2404 174 mij last to you was on the 27th past, to which please to be referred, sence non from you,

3583 1350 2380 103 inclosed you have the invoyce of 178¼ of tyke in 2 severall balot of which each doth

3577 1428 2353 114 cont. 5 duble pecces viz the  2 seales, & great lead the bale N. 20, is in goodnese some

3566 1495 2426 124 what epcceding N.19, for the tykes in N. 20 are the vere best that everwere sent to England

3570 1600 2416 103 a yd gev. I have this day drawne on you £200- s att 2 vr payable to the ord. of m maynand

3574 1685 2374 104 att 35. & which please to accept, & pass to yd acctt., the rest shall finde itt self on the

3584 1759 2392 133 same acctt on which I did not exspect should have been so long in disbins, because I thought

3585 1864 2389 109 that our callicoes trade should have been quicker, & great part is yett unsold, nevertheless I

3576 1952 2401 88 le do my ende avour with the goods ass well as I can, whilst I long to know how the sale

3584 2023 2386 118 hath been with you httt att the lastendre comp. In case you have bought what I noted, you

3568 2129 2350 84 will finde the valeuw for my share on my acctt., so do exspect no draught from you,

3565 2197 2401 95 hope my pacquitt N. 3 of laces is with you by this time of which should be ghadd to

3566 2283 1637 148 understand, I hope N.4. will be with you vere speedly

3642 2415 2310 155 Crremrandum for m. Scawen to send the long cloth so asthey are sold hutt itt

3582 2541 2322 110 will not be a mis in case you putt in each bale some salempords white as the last

3599 2604 1105 102 time you did putt in the dungarees

3853 2681 908 124 so assort the 150 salempords

3696 2760 452 147 En 1of black

3815 2831 629 127 10 & blew danck blew

3845 2916 486 121 6- brangecull

3822 2985 616 112 8- sege on Incarnat

3804 3031 800 130 20 - of a reddith mode culler

3810 3117 562 117 10- & brousne reddith

3812 3197 507 107 10- light musch

3826 3267 510 98 10a rowne musch

3821 3315 958 144 16- of a lively pleasant drap cull

3792 3412 466 139 100 pr cob

3812 3502 294 127 50 - white

5394 3496 627 185 a 56 o t 16: 169

3406 3612 989 139 Leuven Guilliam Le febure

3574 3633 2432 171 monsr. volgens ul mij hadde gelooft, soo hadde ick ontrent Panus het restrende

3565 3750 2410 120 gelt vande in lantsche lakens verwaght, oversulx ick bidde ul manqueert

3560 3824 2417 144 niet dat te senden, opdat wij met goede irtelligentie mogen continueeren

3576 3903 2409 150 inonse correspondentie, want ick het wort van een eerlijk man betrouw

3564 3965 2400 175 ende mij daer op verlate soo sien dan het salve te gemoet alsoo ick

3577 4088 2389 112 oock den uetsteten comgelt verlegen ben. het gelt vande stadt

3576 4142 2394 137 alhier hebbe noch niet ontfangen sal daer even wel mijn best

3567 4249 731 119 toedvenberwer
