8446 4608
1945 196 1085 154 Aintwerpen 3 gepsenio 1682

723 205 1076 148 brussel bernard vanden clooster

937 321 2422 124 mors: in antwoort aen desn ueven van prince deser bedancke ul voor

924 394 2431 122 de precufsteyt in mijn wisselbrieff te betaelen ick en can niet bedencke

948 518 2401 91 waer mijn swaer bayen soo lanck tarderen alsoo de selve sijn vertrocke

934 582 2425 110 erenwel hoe die in 4 a 5 daegen sullen arriveren, ick heb heden de 2 witte

947 667 2313 123 carfeyen aen ul gesonden a 21 al tstuck icts anders tot al dienst

933 783 2414 134 gelieft te commanderen hope aenstaende maendagh ul selfs te sien

2243 840 413 164 @ 3 ditto

700 838 1027 180 brussel seger vander borght

939 941 2315 166 mons. in antwoort aen ul van gisteren, sende aen ul heden per

932 1088 2416 113 beurtschip den bay coleur de rose, haeft cost 32 ƒ 10 wit de cerreis

931 1159 2428 109 ul bekent hij is tweemael herverft om ul stael te raster dat is de oorsae

935 1238 2422 110 dat ul den selven van over 4 daegen niet gehadt heeft in den bay sijn

947 1313 2367 139 2 wite carseijen voor mons vanden clooster, ick in wete niet wat

908 1415 2399 131 reijsen waer mijn goederen blijven af alsoo de selve alsijn vertrocken

929 1467 2429 147 ick lijde groote preiudecie dat die soo lanch tarderen evenwel hope

938 1602 2382 155 dese weke noch te verstaen dat die sullen gearriveert sijn waer van

934 1689 2026 127 aenstaende maendagh mondelingh advis sal geven en blijve

2232 1766 385 177 @ 13 dito

705 1761 917 174 brasse Anthoni rousseau

919 1869 2444 151 mons, en reporte ie receu la rostre de hier les trois petittes packettes

931 1946 2416 186 seront depeche pour nienporte pour de main et de la reste ie vous

931 2053 2426 174 parleray l'eundy prochant restant resolu de partir de manche apremid

947 2144 2407 127 sans faute sil vous plait de d monvoyer la lettre que vous avez

932 2239 186 67 reaee

950 2234 2395 128 ex le 30 ie vous contray la valleur che vous, mais il faut avour

948 2318 2410 135 avec doable norde pour avoir devant la bousse estant allors le dernige

946 2418 479 146 iour, ie suis

713 2475 988 154 brussel anna maria de vos

925 2585 2404 169 jouff voor gisteren heb aen ul her beurtschip gesondeen een pack

928 2674 2425 189 gemerckt & & dooogh en wel geconditioneert maer datdanigen

930 2774 2413 131 ontfanck betaelt waecht naet reden om voort te senden aen moy

947 2895 2200 126 bant son van bergen en stelt op sijne rek salt mij verobligen

2062 2946 702 157 Antwerp 2sb 1682

705 2956 819 163 farenhout Willem sanen

954 3079 2394 139 mons. in antwoort aen den uwen van gisteren hebbe de kussen blaederen

950 3199 2382 112 wel ontfangen, voorders soo en magh ul niet langer uyt stellen, om een

932 3254 2401 133 partije tijcken te senden als sondagh, ofte tegens naeste donderdagh, want ick

953 3338 2364 118 dan occasie hebbe om die te connen wegh senden, daer anders die lanck soude

952 3462 2370 92 moeten houden, wegens het swart laken, dat is al vercocht nu hebbe soo

937 3513 2413 113 leege prijsen niet meer, maer gelieft ul ƒ 3„10 d elle te besteden, sal ul

958 3600 2407 106 wat goets senden bedancke ul voor de kusse blaederen dat ul sijn woort

948 3700 2395 130 noch heeft gehouden nu resteerter van die voorgaende dingen niet meer

944 3776 1533 142 als de sacken waer mede naer groetenisse blijve

737 3796 194 188 gent

942 3855 731 153 franchois herrebout

2198 3872 286 129 4 ditto

930 3980 2431 115 mons: op 2 deser heb ul gerecommandeert mons John hunger ford om aen

945 4067 2377 110 hem gelieven dienst te doen naer gelegendheyt den ingesloten is voor den

940 4146 2385 115 selven, den welcken en sijn eijgen hadden behoorden gelevert te worden

952 4212 2370 101 hij sal sijn te vinden bij d'engelse nomen a gouverno, hem tassen 4 a 3

946 4285 2388 77 daegen met connende gesconveren gelieft den brief aen mij te rugge

960 4352 552 89 te senden blijve

3411 191 728 153 Brugge Raphael coots

5925 213 116 128 289

4553 213 847 140 Antwerp 4 sber 1682

3626 312 2426 139 mijn heer sedert den mijnen van 2 deser geene van ul, daer nochtans met

3601 424 2438 126 iipatientie verwacht had te verstaen het arrivement van klaock, de welck

3621 515 2307 122 wel hopen bij mij sal sijn gescret, sijdede uyterlijcken verlegen, aen boort

3600 566 2469 162 sant is noch gelaeden M N.42 met 30 roij carseys & 43 met 30 wite bayen

3601 673 2402 132 & 24 wrappers, aen bort John femdinck van london is gelaeden M N44

3605 766 2454 107 met ½ witte frisaerden, ende boort thomas porter N.45 met ½ & 4 gemengelde

3591 851 2389 112 spaense lakens bestaende tsamen in 12 toilletten, N 46 met 10 witte pack

3613 954 2422 139 lakens tot exon aen boort tho mas elsdon is voor mij gelaeden 3 packen

3597 1041 2389 109 MN.7 met 25 sergies N8 met 33 ditto NN9 met 20 witte perpetuanen

3591 1136 2465 113 gods wille alles salvo verleenen, verneme geerne wat advis al heeft van

3617 1224 2405 135 elsdon, oft hij haest staet te vertrecken als mede smith van hull & pindar

3622 1269 682 123 d'welck doende bljve

3417 1360 851 139 nieuporte michael de vallego

4748 1356 496 149 4 gber 1682

3591 1489 2410 150 mons. 28 passato heb ul per bode guilliam van ardenborgh toegesonden

3605 1599 2455 107 een dij dobbel packetie franc d'welck niet en twijffele oft is ul wel geworden

3599 1671 2449 122 heden sende p den selven noch een doy dobbel packettien franc, daer mede

3599 1765 2395 137 te volgen d'ordre van mons anthone rousseau van brussel terwijlen naer

3609 1835 894 150 cordiaele groetenisse blijve

3429 1886 738 188 turenhout ioaff robers

4769 1957 265 133 4 gber

3614 2067 2326 130 meiouff in antwoort aen ul van gisteren sende hier beneffens de rek

3611 2153 2316 141 van p mattijs diels waer bij hij mij schuldigh blijft ƒ180:3 volgens

3624 2237 2358 144 aen hem wel meermael heb geschreven, dat is de rek van alles dat oyt

3622 2326 2402 138 met hem gedaen hebbe, tis nu over de 9 maenden geleden tselve gelevert

3610 2366 2440 152 hebbe d'welck wat buijten reden is, soo bidde ul mij ten aldereersten te voldoen

3604 2468 888 135 waer op mij verlaete blijve

3412 2525 951 158 turrnhout balthasar verstaelen

4801 2528 225 141 2 dito

3621 2654 2403 168 mons volgens den ul van 27 aug. hadde heden de tijcken verwacht de welcke

3619 2730 2409 159 tot mijn groote verwonderinge niet verneme tis ul fout dat mijn goet niet

3628 2836 2416 169 wegh can senden alsoo naer de ul wacht oversulckx en gelieft niet lange

3613 2931 2411 148 uyt te stellen want ick moet se hebben gelieft den ingesloton te besorgen

3613 3035 2286 158 aen ul moeytien de moeder van mattijt diels de welck doende blijve

3412 3082 768 175 Jarenh Jan Verdonck

4748 3124 304 120 4 ditto

3623 3248 2393 125 mon ick en can mij niet genoechsaem verwonderen dat ul mij voor

3611 3332 2421 166 een maent mijn goet afcoopt niet belofte tijcken te senden en ul

3628 3431 2404 163 woort niet en hoet ul en wete niet nmet wat desercke ul sulckx can

3611 3529 2354 121 uytstellen, nodemael ul heb geseyt dat ickse nu moest hebben soo

3607 3606 1897 149 sal die dan sonder voorder uytssel verwachten p blijve

3407 3666 686 141 London Liny krightley

4521 3706 778 132 Antwerp 5 sber 1682

3619 3792 2427 142 on the 22h past have remitted you £140: on me minid warner, wuch bill

3604 3890 2391 113 Ihope is come so yd handes & found acceptance sence roed. yo of m. John

3622 3965 2354 137 hungerford, to whom have been affistant for as much he was pleased to

3604 4044 2423 143 commaniate mee and have p payd han ƒ105: nith 18 stuys for a letter

3616 4120 2306 93 recd. from m John masiall Sanior, the inclosed of his have sent

3592 4194 2422 102 to gent to be delivered tom hanger ford there, as be did desire mee to do,

3600 4283 2319 133 for heeras gou fron henie before I recd said letter, which pray
