8569 4601
2662 231 493 134 C22 jan 1682

872 252 634 162 Gent mr. van Espelgen

1068 312 2269 164 Reg en ul van gisteren in mij wel gewoorden, & met blijckap verstaen dat ul wederon en

1088 421 2201 130 den ontfanck is van de canten, 3od geeve dat alles haest in ul handen magh wesen op

1086 543 2261 119 dat, t eorder, ul hier mogen sien. mr Rosseau van Brussel schrijft als dat tot mobeuse

1085 609 2265 116 door een ulaemsch nouwe een partije canten te loof gebroght sijn, die gesuponeert woorden

1089 701 2258 106 van d'ons te wesen, soo heeft hij daer over alle mogelijcke gecharchie doen doen, om

1095 790 2240 100 daer aghter te geraecken, aen en tusten scq hope van ul morgen breerder te vernemen in

1102 885 1161 147 dat ul sijn pas. nogh wat anle gebruycken

2843 900 258 142 a 22d.

873 946 563 168 Brussel mr. Rosseau

1086 997 2216 199 En responcs alla vrd. du 20 cour J'ay bien reccu vre paccquet de 3 pettites, qu'

1087 1127 2245 170 Ils seront depechez d'main a niewporte a mr. Valligo pour sumine vos ord, les 3-

1090 1208 2264 171 precedentes sont la bien arrivée le 20, selon s'aduys de 20, j'espere d vous voire

1094 1316 2252 142 appres dimain, & e forter de bones novelles de Gant, car mr. van Espelgem m'at aflait

1096 1433 2237 97 du hier qu'il  qlque pieces de denteleir, & qu'il attandet, la peu grande

1103 1498 2203 133 partie dans peu de gienis, entretemps vous faite bien de faire

1099 1585 2255 111 cesie femme de mobeuse,ou mr. vanden brouk 7 moy, n'avons pas an

2871 1682 214 86 6 23d.

878 1658 645 161 Brugge d'Hr. Raphael Coots

1101 1754 2258 128 In antw aen den ul van 18 deser, en hebbe van de packen nogh niets venomen. 't is wel dat ul het

1104 1824 2254 143 pacq tijken N° 21 - als mede het casten lesten aen Jan loyd hadde versonden. N22 met tijhen gelieft

1103 1914 1895 126 ul naer london af te laeden, & adrisseeren aen mets. Pickeringh & Robbinson agd

2875 2008 252 93 623d

878 2001 891 143 Nieuwpoorte mr. Michiel de Vallego

1094 2077 2202 128 den ul van 14 deser is mij wel gewoorden, & geerne verstaen dat de gesondene paexsens ul m

1098 2196 2248 83 hant waeren gecomen. heden vertreckt naer cost den bode Jug van Erdenbergh, aenden welcken een

1098 2254 2252 117 3 dubbel paecheltie mede gegeeven om aen ul te behandigen, daer mede te volgen d'ord. van mond

1113 2323 875 130 ant. Bosseau van Brussel ten

2901 2334 235 125 23d

2829 2398 337 108 26 Jann 10

847 2405 887 131 Monswort Micchel de vallego

1120 2436 2203 185 volgens aen ul op 5 deser gel gesehreven soo verkoope, dat de diy dan gesvon

1101 2534 2193 152 ne packens aen ul wel vbaelen geerbooden heden vertwot pat den boeen

1105 2658 2267 122 naer coblij &22 pachellien addres aes ul bestaende van dnp schepte per mede te volg

1103 2747 2286 129 doed van Mos Antonii Roussau tot brussel gievende van den ontfanck advis

2797 2823 424 137 26 Jan

838 2830 799 182 Dort Robert Harteley

1079 2889 2191 210 in answer to yd of 20 autt. This int yett fren yd schrpple

1075 3000 2237 208 Adriaen Jacobs yett schall not sand y  nith I m because espect that

1106 3080 2249 169 mles senst then, & daes 4ime I might remiest

1110 3169 2274 155 al sight R5 p cot addvance  for Rotterdom or Amssridum

1100 3261 2269 132 you mays degend whilst inisemeene wrile desereto know if you sane man

1120 3365 2202 118 wirt  unsold both 22 & 30 pass waitt  prise you wile

1124 3444 2251 112 sill dhem att visef you cave non lett mee know who hath any, & svt I have

1116 3519 1503 151 ons of ersser & suises as also of lone & rysed mo

2868 3596 352 120 C 26 dise

857 3610 723 176 Brussel mr. and. Aentsens

1087 3707 2297 166 desen tot covert van het stael van 't supa fijn laken N 16876 „ 21½ waer van de prys niit

1097 3833 2273 147 minder en is als, ƒ7a12 op rabat van 8 p, ofte ƒ7„1 peanie voor t minst, sijnde 23 ½ s gelieft

1109 3957 2239 98 ul 't selve te hellen, laet mij cito weeteno Icq hebbe het 1 ½ st laken aen ul verkoght gereet

1097 4049 2254 141 aa 6 bayen buijcq goet voor sijn gelt, soo is 't saecken dat ul dit fijn laken gelieft te hebben

1088 4161 2239 150 laet mij eit weeken, & icq can dan alles t'samen seynden: het is een seer curius

1077 4240 409 161 Sete

5881 208 95 79 151

3430 252 867 168 Londen Mon Edmond larner

5165 249 769 166 Antwarp 27 Janu 1672

3566 382 2386 133 S my last to you was on the 21 curr., sence non from you, whilst I have been

3550 474 2410 169 imployed in the concernes att Gant, & recovered about ƒ300- valew more in laces, & one of the

3569 545 2392 184 cheef anitens in floyd att megelen where he hath his wife, & whether an other of the interressed

3574 629 2435 194 goeth this day, haveing procured an order of our governor to take him, his wife or any thing

3567 713 2410 155 whent be longs to him, which if doth suceed well will help us to all or most the goods: I am

3543 842 2452 127 a putting in onder what belongs to you, to send itt you p first, besides there is 2 packetts ready

3541 905 2438 159 to come by our fridayes messenger, butt they cont. butt some what imord then one of the formarly

3559 1000 2407 158 they beeng made up, according to a new dircchen need of late from London, of othr freinds

3576 1100 2389 129 which I fancy to be vere good & more convenient for importing, The invoyce you shall have

3558 1220 2431 131 a saturday, the whole order is not nitt yett ready, wants about ⅓ part, which I exspect in

3570 1310 2339 122 this week, so that all will be dispasch in  time, God in heaven will send all'in safetye

3561 1416 2421 115 wanting some monij have drawne this day on you £100-  a 35.3 att 1½ vto payable to

3564 1495 2428 124 the order of m. Leonard vermeulen, pray give all due honour to my bill, I could finde no

3549 1583 2444 152 better opportunitie, so hope itt is to yd content: I exspect these laces I now bought, & buy

3561 1694 2410 149 so cheap that theij will never be so cheap againe, for I pay y. all with mony upon

3556 1812 2434 114 the nas, & do presume that within  they will rise againe - wee have sustered vere

3551 1891 2435 110 much yeasterday by a violent storme, which doth shill continew, & hath drowned al the

3578 1974 2419 113 bands here about, wee much feare for hollant & zealand for such a flood, was never seen

3560 2063 1853 133 god confort all loyers, for I doubt itt will cost much valeu & lives

5481 2142 341 136 C 27 ditto

3472 2168 668 152 London mr. Abram Bivian

3579 2274 2431 147 mij last to you was on the 14th curtt sence non from you att which I do not a little wonder

3584 2338 2419 155 for you snon itt is nott for my or yd creditt bo draw on you, & yett you advise mee not one

3568 2451 2413 141 word, wat to do, withiun ⅓ is £150- more 30 pay, & to discharge the £200 - have been

3562 2565 2412 136 sorceed to draw on my other freinds, I assure you, I never exspected such manner of

3558 2654 2464 134 bealing from you, & vather I sould suster any the like, would desist, I never list you behinde

3576 2770 2358 109 for my accott, I do nott know what reeson you have so do do, principally this time a yeare

3568 2816 2422 128 when there is no mony ssiring I exspect my acctt. curtt. & pnext I shall not faile to send

3577 2949 1728 117 yd II hope you negleett nothing in dispatching the in ordered bayes

5514 2925 415 173 C28 Jan

3454 3012 558 160 Londen mr. Roger Jonds

3585 3078 2353 157 Icq benerwondert wat ul doet m reusegem comt mij betalinge wages over de roy lakens

3571 3196 2438 126 van Timas Seaman aen mij gelevert, die liggen hier nogh want sij sijn niet verkoop ofte leverbaer

3569 3290 2450 149 gelijcq ul heb ges. en begeers die absoluet voor mijne reeq niet, nie de selve aengaen ofte

3568 3375 2421 167 niet, can ul probeeren dat de selve u sijn, & seaman niet toebehoorden, icq will niet tegen

3570 3486 2464 111 de reden gaen, maer icq il die evenwel niet voor mijne recq betalen, want die sijn niet leverbaer

3568 3582 2422 143 Icq hebonder u adres aen Seaman gef. waerom en antw. hij mijnen brief niet, soo wel als

3583 3701 2392 110 dan ul hem heeft doen schrijven aen mij over t' gene icq aen ul selfs had ges. 't gene icq

3576 3777 1788 159 van hem moet hebben is voor reeq van m wilt. Pindar in Londen

5549 3816 327 155 C 28 det

3466 3860 647 160 Londen m. Will: Pindan

3588 3914 2425 189 In answer to yd of 2 cur. have long sence sent you yd acctt. according to promise, the ballance of

3584 4095 2406 86 which is standing out by somas seaman, who is sence some time gon for london, where still he is

3581 4150 2450 119 and hath been m. Roger Sonds his servant, as much as I perceave he doth not intend to returne

3586 4248 2391 110 though he mott the contrary to somehere, his father is a shopheeper upon the new ex in the

3596 4329 1762 102 srong, so I can not gay you, esllst I receave the volew of him e
