8016 4601
841 184 2186 100 voor vallen de occasie vant schip naer London, met N36 & 2 stoff

821 258 2306 131 packen ben perticulijk haestigs als medesien met n pasientie ul

816 329 1230 135 advies te gemoet waer mede blijve

2322 342 810 164 In Antwerpen 17 febre1

515 349 659 193 Brussel Jan val

823 457 2296 129 Mons. in antwoort vanden ul van 12 deser vinde mijne calaut tot

825 534 2301 146 deboter geensins geinclineert soo hope die costij sult verkoopen als mede die

829 644 2289 143 noch onderwegen leyt al soo daer weing kan met uijttreght vande

812 704 2293 125 beesfactse sijn 50 veatten verkoght ge weestal hier & dan gesonden

815 819 2310 92 aen de wed. Jan b vanderhagen tot brussel de welke soo ick verstaen

823 885 2319 136 soude doen aftheuren voor over jaerschi & gevn belfaetse boter

812 977 2230 117 soo wenste de goetheijt die eens te sien & te verstaen wat haere

823 1031 2292 158 pretentie is want ul de sleghte sort verkoopende a so14 ten minste

801 1092 2326 166 de dese is soo veel weirdigh, tis mij aengenaemdat ul voor mijn baye

820 1184 2313 122 devoir sal doen als voor eijgen in eenigh diergelijk decosie hebb liebertijt

810 1288 797 133 te commandeeren

2235 1383 841 120 In Antwerpen 17 febr

556 1358 837 163 Brugge Raphael Coots

820 1484 2280 96 mijnh nae afgaen van mijne van heden becomen abradare

835 1544 2275 115 van gisteren dels mij wegens het versoegh gerust stelt het begint voor

819 1625 2216 159 goet te dogen, & soo en twijffele niet of de vaert van oftedd voort

1444 1712 208 64 de lakens

1663 1713 55 58 t

782 1718 2263 122 gehoopt & hatt pack No. 86 gelieft ul onderde ƒ90 aen tegeven & het

785 1796 2352 122 beste te doen deselve met dobbelaer beneffens de soft packen te senden

815 1853 2286 146 als mede t8 N 21 a 23„ ick hope doo ul directie dat ulle engelsche spaense

816 1930 2266 129 lakens onder ƒ90 sullen passeren & dese clauselen die oock in devoright

806 2013 2247 158 lefte gementioneert waren geconsideert sullen worden alsvoren

825 2098 2278 127 het packie canten AI.SN.2 volght p desen vant voorders passerende

836 2164 2129 130 verneme geirne ul advies ul trato wert prompt voldaen en

807 2224 2186 160 verneme geirne hoe het met het gevoyer pack sal af loopen

811 2319 1425 141 om ter eguleeren voor ons tegen aen staende

2277 2311 801 217 In Antwarp 1

510 2351 879 193 London Richd Southell

1986 2474 130 100 th

812 2458 2293 192 S. my last to you was on the 11: curitt sence recd recd. yd of 4 ditto

832 2578 2260 160 whore by perceave, that non of my formars wire come to handes

806 2695 2316 152 yett hope before this that you recd. them all stake noticd you shipt

781 2775 2299 113 he pack of fine cloth for auracct. in comp. for dunkerque, god

817 2879 2282 142 send then well over as also, good succes to all yd undertakeings

797 2926 2270 179 you brough a pack of gray dosins from im. adward Hill, selve

813 3026 2287 148 you are att the please I hope you will make a good bargin other

783 3120 2261 128 vise the factors somes times do not srruple to make a false

800 3259 2203 132 anvoyce & over rate that so much as they would faime yett

820 3341 2308 151 whaever I hope better seeng you approove of them to be penniwortts

809 3423 2222 135 what eder you do you must for be aredrawing on mee, for

808 3478 2294 200 noth withstand ing of £300 IHC drew pr last, yett an over charged

790 3586 2279 193 so that you must gett drawne up on yd trdd self for I do not

814 3708 2263 160 know how I shall boe able to gett oyer the stijle of next month

814 3830 2219 135 when the bills dew on you then wee can make a shist for

807 3911 2279 146 a longer rim & H.M. gives good creditt as to you propositions. wee

819 3976 2159 165 will easely aggred in case yd trade be driven att lille uponyd

800 4046 2305 173 namd towards caster wee may mee to as to the serges of mr. wood thy

797 4174 2230 138 are not att all propper for mee therefore I will not have them by n

792 4259 2174 142 meanes I long to have yd answer on my formar letters & so re

3283 174 811 141 London Lucy kinghtley

4893 219 1037 123 Antwarp 18 feb 1681

4658 243 125 93 th

3577 267 2337 137 S my ast to you was on the 15: curitt with a remise for £70 st on m.

3555 359 2391 125 Pieter do cochre Junior att 2 uso which I hope is safe come to yd handes

3579 460 2331 125 then also desired you to buy s0 duble dhedds for mee, butt sence have

3566 541 2368 128 yd of 30h past, where by perceave you have secured 10 reds of £92

3566 611 2378 141 10 of £10 s apr. & proffer the same to mee I do accept of y. & desire

3585 699 2340 133 you please to pack 5 of £425 of £10 in one bale  as mucth

3561 797 2366 114 in am other bechouse they should be assorted when. I have occasion

3556 882 2390 103 to open them here, could desire you besides to buy Lauroras of £11:10

3558 933 2378 144 a £12: ap & putt them none of the bales, which will then cont

3571 1043 2387 125 12 cloothes & the other 10 & ship them off a sunder, as you shall iudge

3556 1112 2348 128 best: my other freindes of London content them selves now

3569 1203 2387 134 with 3. for goods from thence & 4. from the north both

3553 1291 2399 164 for provision & in surance, which I exspect will be also to yd content

3556 1381 2378 162 for what hence forward I might desire from you as soone shave

3547 1469 2333 164 yd advise shall in order some thingh more from costiy &p nont

3534 1555 2322 174 remitt you att ssorter sight towards payement of saidred. N10

3576 1652 656 143 with kinde saluts

4569 1661 1366 155 as yett nonews of John nelson yd bale

3549 1746 2331 127 of kersies are come to handes that sort wee never hadhere, besides

3543 1835 2345 148 tis pettij they did not comened monthes soones for I donbt with the

3566 1919 2301 95 sommer they will not sell in case you beequally concerned in

3550 2009 1731 136 the above saidred cloathes I leave to yd pleasure

3230 2006 866 162 London Will Stayten

5095 2014 809 185 In Antw: 18 feb 1681

4602 2102 101 98 th

3542 2138 2389 144 S my last to you was on the 11: curitt to which referre you sence recd. yd

3546 2249 2382 133 of 4: ditto inclosed a memoriall of the cast india sale ordered to be

3548 2318 2379 104 on the 8:h marck, next Ill peruse itt & advise you p first what

3561 2406 2351 136 wel shall most want I am informed, that you make itt yd butsyn

3546 2472 2357 126 to sell laces, I shall send you one packett to dispose of for my acctt as

3540 2568 2292 119 best you can for ready mony, onely to see how you finde goods

3538 2664 2373 104 which I dayly provide, & for us how they render in England, that in case

3540 2769 2304 112 you finde in corridgment, for I have a great delight there in

3505 2848 2406 137 & buy dayly good quantities where fore itt must be kept priuate

3542 2906 2359 158 that wee should be concerned in any thick of that nature, for what

3533 2992 2386 158 I buy here for others is in comission so I exspect you to be my freind

3534 3072 2390 174 there in Juse to send the packetts by may of Dover to mr. Eeaton, which

3510 3164 2358 154 the forwards the same to london where fore in case you have any

3543 3289 2367 132 other & securer con veniency pray lett mee know itt pr. first, as also

3536 3362 2329 134 yd opinion att large & if any new assortement most demanded

3513 3449 2393 158 thought I am confident that you nwer had such goods aso ordere

3516 3536 2389 166 as you will see from my handes: so faile not to give mee yd answer

3530 3651 2362 135 withbut delay, as also about the tykes if you please to have my

3515 3736 2406 141 all what I have by mee, because a great deale of them is alread

3520 3826 2335 141 bespoaken & ordered for London & so wish you all prospeirtie &

3519 3894 1090 147 with kinde saluts remane
