8576 4588
1939 229 175 129 tl

2138 227 768 153 Antw: 13 feb 1682

1044 303 742 141 Mons Michel vallgo

814 314 254 140 iporten

1108 378 2218 170 mMons sedert dat ick op 5 en 7 deser differente paxkens aen ul

1154 476 2123 204 hebbe gesonden, en hebbe om ul deswegens niet vernomen,

1173 578 2202 193 eghter hope de selve ul wel sijn geworden. heden vertreckt

1181 678 2199 205 pr. bode verscrieck een paxken EA:81N.15 waer vore post geliejt

1161 772 2226 192 te betalen al ordinare, en de dopescheren naer londen aen

1135 857 2232 193 Mons Edmundwarner stellende de oncosten op sijn rekening

1152 947 2136 238 godt sent alles salvo & naer groet blijve n D75

2718 1052 527 164 Jonnes Melijn

825 1099 326 184 Meebllen

1116 1143 2051 210 mons van aken Antw: 13  br 1682

1117 1286 2250 222 mons verhope dat ul. wel thuys sal fijn gekomen

1158 1412 2145 197 ende dat de goedern heden oock wel sullen

1165 1527 2174 180 ariveren, alloo de selve noch gisteren avont sijn

1137 1618 2182 184 vertrocken in gesloten is de facture vant geneeve

1118 1707 2202 181 van mij helft gehoest: de perpeumen worden in

1121 1814 2249 170 de verf gegeven, ende soo haest als de selvve gedaen

1149 1903 2141 204 sijn aln ul gesonden, hebbe de drij honderten

1127 2020 2248 176 wijsligh guldens van Jff Spusl begijntien ontfangen

1143 2121 2143 165 de sondert envijstigh aeest mons kersavont geseijdt

1151 2233 2221 159 heden oft morgen te betalen deen on dan derwort

1139 2360 2104 153 ul in credit gestelt, en waer in ick ul kan

1125 2421 2135 164 voorder in dinst doen gelieft mij liberlijck te

1165 2514 2218 179 comanderen sal altijt tracten ve wel te dienee

2757 2603 469 185 C 14 pb 1682

889 2659 701 172 London mr. Actur annetlay

1134 2767 2213 147 thourgh I am to blame for not haveingh performed my word yett if you kneow what hath

1134 2839 2207 118 beer the hinderance, you would castly excuse mee & depending npon yd. deserasion, do not

1119 2916 2219 156 in large upon that point, so referre my self to the inclosed acctt, sy yd. cur. is due to

1136 3037 2180 119 you £859„6„5 ½ for which I'll endeavour all I can to procure the valew & remitt you

1140 3101 2223 145 I hope next month to remitt the most past, for then is mony coming in dayly, whire

1135 3198 2217 107 as now there is non stutring yett, which I do not a little aribute the innfortunate samdas

1142 3256 2201 161 happened here aboutt, yett onting doth comfort mee, that as long children come natet so

1136 3379 2014 119 woreld, our trade must yo, & he that hath no mony, shall have no creditt

1144 3442 2157 144 Pray examn all, & finding rught note in conformitie I hope you will finde itt so

1152 3518 2166 136 content in the income while I do vere much want ene bale of serges more for which

1130 3592 2193 130 returne you the patt. of N. 24. that you please to send them tom. wood to provide

1147 3651 2217 167 the same assortment in one bale in prijses as the lost wore, butt he must provide

1146 3744 2177 162 them better penniworths, though the collours were indifferent except the sparree grayes

1126 3820 2230 199 of which some were to dullish, so recommend that crusteley, & in case you finde thingh

1132 3942 2240 141 to content I'Il norder some what more, butt fiest yd aprobation, whilst never thie

1128 4028 1895 177 less neglat not one mimutt I this bale to be shipt oft att exan

5359 222 653 135 @ 14 febr 1682 101

3416 230 648 131 Londen m. Henriy Maynand

4316 290 62 90 16

3552 305 2404 148 my last to you was on the 7 cur so which please to be referred, blcause sonce non from you

3525 397 2483 140 yett hope, you well alllaved them, & that you bee well arrived, as also in a good forwardnots in the

3530 499 2490 141 providing of the desired goods, haveing the most haste whith sach whites & the 6 N silver manckhs

3538 569 2466 166 stuck cloathes, besides the bayes from the north. inclosed is a pattarn accord to which please

3552 648 2463 135 to sprovide 2y of blews, though they might be some what more lively in callour yett, as light

3545 739 2426 137 & in payse not opeeed 5 s a yd or 5:2 a 3 pence att furthest, Io them please to add 4

3540 822 2463 143 anockk N13.1 of about 5 ƒ a yd, 4 of about 5:6 & t of 6ƒ and one of about 7 se yd, to be

3545 940 2438 140 belrathes in a bale to be espotched as soone as por., inclosed my bill for £120 st on m.

3547 1030 2477 157 abram Vivian in fauour of m. Paris slaughter, which please to deliver him, & he my procure

3565 1128 2456 145 that valew, that you bee not seen concerned do said vivian. as soone as I know how m.

3546 1269 2481 105 slaughter hath composed, or sett led the concernes with Peeters shall endeavour to remitt mone

3554 1348 2471 145 he may answer him self to mee att the receipt of the inclosed, I would be faire ind

3545 1456 2471 122 of that bustijness, according to my promise shall now endeavour to remitt what pou. I car bo

3553 1538 244 116 you il

5481 1534 254 131 C 14d

3452 1612 651 133 Londen m. Abram Vivian

3560 1684 2456 139 acorins to a letter from yo. brother Jacob vivian exspest the goods I me ame bayes from

3567 1775 2450 118 the north  vere first vessel for I do much want them, as also to know if you intend to be here

3567 1922 2456 107 and att what time to governe my self accordingly because I shall want a good assortment

3561 1964 2409 152 of clrathes, & I must take my measures when to In order them to have the advantidge

3561 2030 2437 177 of the markett & nott te be backward, when sale comis: yor acctt. curtt. followes I next pose

3554 2166 2455 135 without anj more delay, this day have drawne on you £120-  in my bill payable to m

3540 2251 2474 137 Banis slaughter att 2115 att 35.2 for the vallew of m. ant. Peeters & Comp, for which please

3561 2332 2459 145 te give all due honour, as also the £72- drawne on m. George cole, where with I'll constrive

3548 2429 2419 131 to desist, if pow itt is to be don, in hopes to receave mony for my further rembourse

3553 2519 2435 120 out of our standing out debts, butt I assure you I have been vere much pinched to pay

3574 2609 1266 144 yd blls, I exspect yd advise of all att lage

5438 2682 267 150 11d.

3456 2703 773 158 An mr. Will. Cobb & Comp

3568 2804 2440 127 In answer to yd of 13 past, as yett for want of sale have not opened yo bole sent mee

3561 2916 2453 126 butt depending upon the caraeter you give the goods, do here inclosed send you patt for 30 soper

3565 3007 2422 147 for a purther tayall to procud accordingly, for wee sell too serges 22 yd. that wee do not

3558 3078 2431 148 sell to cloth serges, where fore do as yu love yd owne Inrest, for if you do well I'll proceed

3559 3198 2447 131 butt if not l'l desirt, I would these serges have to be the vere best goods that are to

3544 3296 2465 145 behadd, though meeshinckss 42 a 43 ƒt is a great pryse they must be sent to Bruges t my

3557 3377 1515 143 order & the patt. & bill of loading dineetely to mee I post

3551 3476 1414 141 The bale to cont12 modec: gold & blaey 22 yd.

4175 3455 1531 231 8 sparaw graijs . 12 yt. 3 of 39„40 a 43 ƒ4 yd

4173 3603 1203 168 5 pajes stone & steel grays of 37 a 38 ƒ a

4171 3681 1279 170 5 muss paijs . of 40 a 41 p 6ƒ

4119 3770 1891 148 30 S though I limit in some manner the prijses yett referre itt

3560 3874 2469 137 wholly to you to do well & to send mee pure good goods, not hott calandred, butt whith gold

3554 3962 2450 156 press, smoodley frest, I exspect yd answor I first, because I would have the goods comets

3553 4074 2475 126 fust vessel. I have acepts mr. sole his bre for the formar bale, & he will do the like

3566 4155 969 141 for ths, or I'll remitt dixcetely
