<?xml version="1.0" encoding="UTF-8"?>
<alto xmlns:xsi="http://www.w3.org/2001/XMLSchema-instance"
      xmlns="http://www.loc.gov/standards/alto/ns-v4#"
      xmlns:page="http://schema.primaresearch.org/PAGE/gts/pagecontent/2013-07-15"
      xsi:schemaLocation="http://www.loc.gov/standards/alto/ns-v4# https://www.loc.gov/standards/alto/v4/alto.xsd">
   <Description>
      <MeasurementUnit>pixel</MeasurementUnit>
      <OCRProcessing ID="IdOcr">
         <ocrProcessingStep>
            <processingDateTime>2022-02-04T12:07:40.352+01:00</processingDateTime>
            <processingSoftware>
               <softwareCreator>READ COOP</softwareCreator>
               <softwareName>Transkribus</softwareName>
            </processingSoftware>
         </ocrProcessingStep>
      </OCRProcessing>
   </Description>
   <Layout>
      <Page ID="Page1" PHYSICAL_IMG_NR="1" HEIGHT="4615" WIDTH="8037">
         <TopMargin HEIGHT="0" WIDTH="8037" VPOS="0" HPOS="0"/>
         <LeftMargin HEIGHT="4615" WIDTH="0" VPOS="0" HPOS="0"/>
         <RightMargin HEIGHT="4615" WIDTH="0" VPOS="0" HPOS="8037"/>
         <BottomMargin HEIGHT="0" WIDTH="8037" VPOS="4615" HPOS="0"/>
         <PrintSpace HEIGHT="4615" WIDTH="8037" VPOS="0" HPOS="0">
            <TextBlock ID="region_1638884258211_2045"
                       HEIGHT="4126"
                       WIDTH="2648"
                       VPOS="114"
                       HPOS="519">
               <Shape>
                  <Polygon POINTS="519,114 3167,114 3167,4240 519,4240"/>
               </Shape>
               <TextLine ID="region_1638884258211_2045l1"
                         BASELINE="560,232 610,229 660,226 710,224 760,222 810,220 860,220 910,220 960,218 1010,218 1061,220 1111,220 1161,220 1211,220 1261,220 1311,220 1361,220 1411,220 1461,220 1511,218 1562,218"
                         HEIGHT="118"
                         WIDTH="1032"
                         VPOS="159"
                         HPOS="544">
                  <String ID="string_region_1638884258211_2045l1"
                          HEIGHT="118"
                          WIDTH="1032"
                          VPOS="159"
                          HPOS="544"
                          CONTENT="weert jenneken freurix"/>
               </TextLine>
               <TextLine ID="region_1638884258211_2045l2"
                         BASELINE="2266,240 2309,242 2353,244 2396,245 2440,246 2484,246 2527,246 2571,246 2614,246 2658,246 2702,245 2745,244 2789,244 2832,242 2876,242 2920,241 2963,240 3007,240 3050,239 3094,238 3138,238"
                         HEIGHT="125"
                         WIDTH="901"
                         VPOS="175"
                         HPOS="2251">
                  <String ID="string_region_1638884258211_2045l2"
                          HEIGHT="125"
                          WIDTH="901"
                          VPOS="175"
                          HPOS="2251"
                          CONTENT="In Antwerpen 28 fob"/>
               </TextLine>
               <TextLine ID="region_1638884258211_2045l3"
                         BASELINE="830,318 944,324 1058,327 1173,330 1287,334 1402,336 1516,340 1630,342 1745,344 1859,346 1974,346 2088,348 2202,348 2317,348 2431,348 2546,348 2660,348 2774,346 2889,344 3003,343 3118,340"
                         HEIGHT="165"
                         WIDTH="2318"
                         VPOS="234"
                         HPOS="815">
                  <String ID="string_region_1638884258211_2045l3"
                          HEIGHT="165"
                          WIDTH="2318"
                          VPOS="234"
                          HPOS="815"
                          CONTENT="Jff in antwoort vanden ul van 25 deser sal de naeste weeke de"/>
               </TextLine>
               <TextLine ID="region_1638884258211_2045l4"
                         BASELINE="2764,384 2791,382 2819,381 2846,378 2874,376 2901,376 2929,374 2956,374 2984,376"
                         HEIGHT="58"
                         WIDTH="252"
                         VPOS="337"
                         HPOS="2748">
                  <String ID="string_region_1638884258211_2045l4"
                          HEIGHT="58"
                          WIDTH="252"
                          VPOS="337"
                          HPOS="2748"
                          CONTENT="arriveer"/>
               </TextLine>
               <TextLine ID="region_1638884258211_2045l5"
                         BASELINE="818,418 925,416 1033,416 1141,416 1248,418 1356,418 1464,418 1571,420 1679,420 1787,420 1895,422 2002,422 2110,422 2218,422 2325,422 2433,422 2541,422 2648,420 2756,418 2864,417 2972,414"
                         HEIGHT="137"
                         WIDTH="2185"
                         VPOS="333"
                         HPOS="802">
                  <String ID="string_region_1638884258211_2045l5"
                          HEIGHT="137"
                          WIDTH="2185"
                          VPOS="333"
                          HPOS="802"
                          CONTENT="stoffen &amp; perp: sijnden alsoo dan verse pertije sullen geveet sij"/>
               </TextLine>
               <TextLine ID="region_1638884258211_2045l6"
                         BASELINE="860,516 970,510 1081,506 1191,504 1302,502 1412,500 1523,500 1633,500 1744,502 1854,502 1965,502 2075,504 2186,504 2296,504 2407,502 2517,500 2628,496 2738,492 2849,487 2959,479 3070,470"
                         HEIGHT="102"
                         WIDTH="2241"
                         VPOS="417"
                         HPOS="844">
                  <String ID="string_region_1638884258211_2045l6"
                          HEIGHT="102"
                          WIDTH="2241"
                          VPOS="417"
                          HPOS="844"
                          CONTENT="waer op ul sich kan verlaten het gelt is mij oock be handight "/>
               </TextLine>
               <TextLine ID="region_1638884258211_2045l7"
                         BASELINE="580,532 620,532"
                         HEIGHT="95"
                         WIDTH="68"
                         VPOS="468"
                         HPOS="566">
                  <String ID="string_region_1638884258211_2045l7"
                          HEIGHT="95"
                          WIDTH="68"
                          VPOS="468"
                          HPOS="566"
                          CONTENT="u"/>
               </TextLine>
               <TextLine ID="region_1638884258211_2045l8"
                         BASELINE="856,600 956,593 1057,588 1157,584 1258,582 1358,581 1459,580 1559,580 1660,582 1760,582 1861,584 1961,584 2062,585 2162,585 2263,584 2363,582 2464,580 2564,576 2665,570 2765,563 2866,554"
                         HEIGHT="131"
                         WIDTH="2040"
                         VPOS="498"
                         HPOS="841">
                  <String ID="string_region_1638884258211_2045l8"
                          HEIGHT="131"
                          WIDTH="2040"
                          VPOS="498"
                          HPOS="841"
                          CONTENT="gets anders tot ul dinst hebt maer te commandeeren"/>
               </TextLine>
               <TextLine ID="region_1638884258211_2045l9"
                         BASELINE="2896,626 2922,628 2948,630 2975,633 3001,635 3028,634"
                         HEIGHT="94"
                         WIDTH="170"
                         VPOS="552"
                         HPOS="2880">
                  <String ID="string_region_1638884258211_2045l9"
                          HEIGHT="94"
                          WIDTH="170"
                          VPOS="552"
                          HPOS="2880"
                          CONTENT="1n 20"/>
               </TextLine>
               <TextLine ID="region_1638884258211_2045l10"
                         BASELINE="582,640 629,644 676,648 723,650 770,652 817,654 864,656 911,656 958,657 1005,658 1052,658 1099,657 1146,656 1193,656 1240,656 1287,656 1334,654 1381,654 1428,654 1475,654 1522,654"
                         HEIGHT="177"
                         WIDTH="969"
                         VPOS="527"
                         HPOS="567">
                  <String ID="string_region_1638884258211_2045l10"
                          HEIGHT="177"
                          WIDTH="969"
                          VPOS="527"
                          HPOS="567"
                          CONTENT="Gent ffrancois Herrebout"/>
               </TextLine>
               <TextLine ID="region_1638884258211_2045l11"
                         BASELINE="2210,668 2256,668 2302,666 2349,666 2395,666 2442,666 2488,666 2534,666 2581,664 2627,665 2674,666 2720,666 2766,666 2813,668 2859,668 2906,670 2952,672 2998,674 3045,677 3091,679 3138,684"
                         HEIGHT="149"
                         WIDTH="959"
                         VPOS="573"
                         HPOS="2196">
                  <String ID="string_region_1638884258211_2045l11"
                          HEIGHT="149"
                          WIDTH="959"
                          VPOS="573"
                          HPOS="2196"
                          CONTENT="In Antwerpen P marck"/>
               </TextLine>
               <TextLine ID="region_1638884258211_2045l12"
                         BASELINE="828,728 942,730 1056,732 1171,736 1285,738 1400,740 1514,744 1628,746 1743,748 1857,750 1972,750 2086,751 2200,752 2315,752 2429,750 2544,750 2658,748 2772,744 2887,742 3001,738 3116,732"
                         HEIGHT="115"
                         WIDTH="2318"
                         VPOS="680"
                         HPOS="814">
                  <String ID="string_region_1638884258211_2045l12"
                          HEIGHT="115"
                          WIDTH="2318"
                          VPOS="680"
                          HPOS="814"
                          CONTENT="Mons. 26 past: was aen e mijnen leeften waer mij gedragen en twijff"/>
               </TextLine>
               <TextLine ID="region_1638884258211_2045l13"
                         BASELINE="850,812 963,812 1077,812 1191,814 1305,814 1419,818 1533,820 1647,822 1761,824 1875,826 1989,829 2102,830 2216,832 2330,834 2444,834 2558,834 2672,832 2786,830 2900,826 3014,822 3128,816"
                         HEIGHT="110"
                         WIDTH="2309"
                         VPOS="767"
                         HPOS="835">
                  <String ID="string_region_1638884258211_2045l13"
                          HEIGHT="110"
                          WIDTH="2309"
                          VPOS="767"
                          HPOS="835"
                          CONTENT="niet ofte ul heeft voor nu ontfangen 3 packen van brugge AN36"/>
               </TextLine>
               <TextLine ID="region_1638884258211_2045l14"
                         BASELINE="868,892 982,892 1096,894 1210,896 1324,898 1438,900 1552,902 1666,904 1780,906 1894,908 2009,910 2123,912 2237,912 2351,910 2465,910 2579,908 2693,904 2807,899 2921,893 3035,885 3150,874"
                         HEIGHT="139"
                         WIDTH="2311"
                         VPOS="824"
                         HPOS="854">
                  <String ID="string_region_1638884258211_2045l14"
                          HEIGHT="139"
                          WIDTH="2311"
                          VPOS="824"
                          HPOS="854"
                          CONTENT="het welke sonder tijt verlies p: tasen hetrewaerts moet gesonden word"/>
               </TextLine>
               <TextLine ID="region_1638884258211_2045l15"
                         BASELINE="852,984 967,984 1082,982 1197,984 1312,984 1427,984 1542,986 1657,986 1772,986 1887,988 2003,988 2118,986 2233,986 2348,984 2463,981 2578,978 2693,973 2808,966 2923,959 3038,950 3154,938"
                         HEIGHT="149"
                         WIDTH="2334"
                         VPOS="900"
                         HPOS="835">
                  <String ID="string_region_1638884258211_2045l15"
                          HEIGHT="149"
                          WIDTH="2334"
                          VPOS="900"
                          HPOS="835"
                          CONTENT="dander twee stoffe packen soude mogen p: schepe comen, soo wanneer"/>
               </TextLine>
               <TextLine ID="region_1638884258211_2045l16"
                         BASELINE="838,1068 953,1068 1069,1070 1184,1070 1300,1072 1416,1072 1531,1072 1647,1072 1762,1072 1878,1072 1994,1070 2109,1068 2225,1065 2340,1062 2456,1058 2572,1052 2687,1047 2803,1040 2918,1032 3034,1022 3150,1012"
                         HEIGHT="157"
                         WIDTH="2344"
                         VPOS="971"
                         HPOS="821">
                  <String ID="string_region_1638884258211_2045l16"
                          HEIGHT="157"
                          WIDTH="2344"
                          VPOS="971"
                          HPOS="821"
                          CONTENT="costij een schip gereet is het welke heden oft morgen vertreckt oft ander"/>
               </TextLine>
               <TextLine ID="region_1638884258211_2045l17"
                         BASELINE="844,1164 955,1164 1067,1164 1179,1164 1290,1164 1402,1164 1514,1164 1625,1162 1737,1162 1849,1160 1961,1157 2072,1154 2184,1150 2296,1146 2407,1142 2519,1136 2631,1131 2742,1124 2854,1117 2966,1109 3078,1100"
                         HEIGHT="125"
                         WIDTH="2266"
                         VPOS="1060"
                         HPOS="827">
                  <String ID="string_region_1638884258211_2045l17"
                          HEIGHT="125"
                          WIDTH="2266"
                          VPOS="1060"
                          HPOS="827"
                          CONTENT="laet die mede adroiture p: wagens comen &amp; geeft advies wat pak"/>
               </TextLine>
               <TextLine ID="region_1638884258211_2045l18"
                         BASELINE="856,1250 891,1250 926,1251 961,1252 996,1252 1031,1252 1066,1252 1101,1254 1136,1254 1171,1254 1206,1254 1241,1256 1276,1256 1311,1256 1346,1256 1381,1254 1416,1254 1451,1253 1486,1252 1521,1251 1556,1250"
                         HEIGHT="136"
                         WIDTH="729"
                         VPOS="1172"
                         HPOS="841">
                  <String ID="string_region_1638884258211_2045l18"
                          HEIGHT="136"
                          WIDTH="729"
                          VPOS="1172"
                          HPOS="841"
                          CONTENT="terwijlen Blijve "/>
               </TextLine>
               <TextLine ID="region_1638884258211_2045l19"
                         BASELINE="2188,1294 2234,1292 2281,1288 2327,1287 2374,1284 2421,1282 2467,1280 2514,1277 2560,1275 2607,1273 2654,1270 2700,1268 2747,1266 2793,1266 2840,1264 2887,1263 2933,1262 2980,1263 3026,1264 3073,1264 3120,1266"
                         HEIGHT="198"
                         WIDTH="967"
                         VPOS="1150"
                         HPOS="2168">
                  <String ID="string_region_1638884258211_2045l19"
                          HEIGHT="198"
                          WIDTH="967"
                          VPOS="1150"
                          HPOS="2168"
                          CONTENT="In Antwarp uno1016"/>
               </TextLine>
               <TextLine ID="region_1638884258211_2045l20"
                         BASELINE="566,1336 623,1336 680,1336 738,1338 795,1340 853,1340 910,1342 967,1344 1025,1344 1082,1346 1140,1346 1197,1348 1254,1348 1312,1346 1369,1346 1427,1344 1484,1342 1541,1340 1599,1334 1656,1331 1714,1324"
                         HEIGHT="157"
                         WIDTH="1179"
                         VPOS="1215"
                         HPOS="550">
                  <String ID="string_region_1638884258211_2045l20"
                          HEIGHT="157"
                          WIDTH="1179"
                          VPOS="1215"
                          HPOS="550"
                          CONTENT="London Bickering &amp; Robinson"/>
               </TextLine>
               <TextLine ID="region_1638884258211_2045l21"
                         BASELINE="1970,1392 1996,1394 2023,1395 2050,1388"
                         HEIGHT="80"
                         WIDTH="111"
                         VPOS="1335"
                         HPOS="1954">
                  <String ID="string_region_1638884258211_2045l21"
                          HEIGHT="80"
                          WIDTH="111"
                          VPOS="1335"
                          HPOS="1954"
                          CONTENT="th"/>
               </TextLine>
               <TextLine ID="region_1638884258211_2045l22"
                         BASELINE="876,1430 985,1432 1095,1434 1204,1434 1314,1436 1423,1436 1533,1436 1642,1436 1752,1434 1861,1433 1971,1432 2080,1429 2190,1426 2299,1422 2409,1418 2518,1412 2628,1408 2737,1401 2847,1393 2956,1386 3066,1376"
                         HEIGHT="178"
                         WIDTH="2222"
                         VPOS="1293"
                         HPOS="861">
                  <String ID="string_region_1638884258211_2045l22"
                          HEIGHT="178"
                          WIDTH="2222"
                          VPOS="1293"
                          HPOS="861"
                          CONTENT="S. I have recd. in due time yd of 4: past, wherin I observe that the"/>
               </TextLine>
               <TextLine ID="region_1638884258211_2045l23"
                         BASELINE="806,1498 920,1498 1034,1499 1149,1500 1263,1500 1378,1502 1492,1502 1606,1502 1721,1502 1835,1502 1950,1502 2064,1500 2178,1498 2293,1496 2407,1492 2522,1488 2636,1483 2750,1477 2865,1470 2979,1462 3094,1452"
                         HEIGHT="95"
                         WIDTH="2317"
                         VPOS="1410"
                         HPOS="790">
                  <String ID="string_region_1638884258211_2045l23"
                          HEIGHT="95"
                          WIDTH="2317"
                          VPOS="1410"
                          HPOS="790"
                          CONTENT="acompt of cloth proves to content &amp; that you intend to be where cloth"/>
               </TextLine>
               <TextLine ID="region_1638884258211_2045l24"
                         BASELINE="806,1576 920,1574 1034,1574 1148,1572 1262,1572 1376,1572 1490,1572 1604,1572 1718,1572 1832,1570 1946,1570 2060,1568 2174,1566 2288,1564 2402,1562 2516,1558 2630,1553 2744,1548 2858,1542 2972,1534 3086,1524"
                         HEIGHT="141"
                         WIDTH="2310"
                         VPOS="1488"
                         HPOS="791">
                  <String ID="string_region_1638884258211_2045l24"
                          HEIGHT="141"
                          WIDTH="2310"
                          VPOS="1488"
                          HPOS="791"
                          CONTENT="is bought in a short time, wherefore do send here inclosed pattars to "/>
               </TextLine>
               <TextLine ID="region_1638884258211_2045l25"
                         BASELINE="844,1648 955,1646 1067,1645 1178,1644 1290,1644 1401,1644 1513,1644 1624,1644 1736,1644 1847,1644 1959,1644 2070,1642 2182,1642 2293,1640 2405,1638 2516,1634 2628,1631 2739,1626 2851,1620 2962,1614 3074,1606"
                         HEIGHT="137"
                         WIDTH="2261"
                         VPOS="1574"
                         HPOS="828">
                  <String ID="string_region_1638884258211_2045l25"
                          HEIGHT="137"
                          WIDTH="2261"
                          VPOS="1574"
                          HPOS="828"
                          CONTENT="provide 12 cloathes to each pattarnes, one from 3 st: ayd to 3:6 raw"/>
               </TextLine>
               <TextLine ID="region_1638884258211_2045l26"
                         BASELINE="852,1714 963,1714 1074,1712 1185,1712 1297,1714 1408,1714 1519,1716 1631,1718 1742,1719 1853,1720 1965,1722 2076,1722 2187,1722 2298,1722 2410,1720 2521,1718 2632,1715 2744,1710 2855,1704 2966,1696 3078,1688"
                         HEIGHT="117"
                         WIDTH="2255"
                         VPOS="1635"
                         HPOS="837">
                  <String ID="string_region_1638884258211_2045l26"
                          HEIGHT="117"
                          WIDTH="2255"
                          VPOS="1635"
                          HPOS="837"
                          CONTENT="besides 12 clouthes to each pattarne one, from 4 s te 4 s 6 pence"/>
               </TextLine>
               <TextLine ID="region_1638884258211_2045l27"
                         BASELINE="854,1794 963,1792 1072,1790 1182,1790 1291,1790 1401,1790 1510,1792 1619,1792 1729,1794 1838,1795 1948,1796 2057,1796 2166,1796 2276,1796 2385,1794 2495,1792 2604,1788 2713,1785 2823,1778 2932,1771 3042,1760"
                         HEIGHT="133"
                         WIDTH="2220"
                         VPOS="1717"
                         HPOS="838">
                  <String ID="string_region_1638884258211_2045l27"
                          HEIGHT="133"
                          WIDTH="2220"
                          VPOS="1717"
                          HPOS="838"
                          CONTENT="a ydraw which will be 24 cloathes, 1z one pack, &amp; each pack "/>
               </TextLine>
               <TextLine ID="region_1638884258211_2045l28"
                         BASELINE="856,1860 967,1860 1079,1858 1190,1859 1302,1860 1413,1861 1525,1862 1636,1864 1748,1866 1859,1868 1971,1868 2082,1870 2194,1868 2305,1868 2417,1866 2528,1863 2640,1859 2751,1852 2863,1845 2974,1836 3086,1824"
                         HEIGHT="137"
                         WIDTH="2259"
                         VPOS="1775"
                         HPOS="842">
                  <String ID="string_region_1638884258211_2045l28"
                          HEIGHT="137"
                          WIDTH="2259"
                          VPOS="1775"
                          HPOS="842"
                          CONTENT="to be well rapped with att least 3 white manchester bayes to be"/>
               </TextLine>
               <TextLine ID="region_1638884258211_2045l29"
                         BASELINE="848,1932 958,1932 1069,1930 1180,1932 1290,1932 1401,1932 1512,1934 1622,1936 1733,1938 1844,1938 1955,1940 2065,1940 2176,1940 2287,1940 2397,1938 2508,1936 2619,1934 2729,1929 2840,1923 2951,1916 3062,1908"
                         HEIGHT="139"
                         WIDTH="2244"
                         VPOS="1838"
                         HPOS="834">
                  <String ID="string_region_1638884258211_2045l29"
                          HEIGHT="139"
                          WIDTH="2244"
                          VPOS="1838"
                          HPOS="834"
                          CONTENT="sent to suill &amp; shipt off there in an english vessel, butt above all "/>
               </TextLine>
               <TextLine ID="region_1638884258211_2045l30"
                         BASELINE="832,2010 941,2010 1051,2010 1161,2010 1270,2010 1380,2010 1490,2010 1599,2012 1709,2012 1819,2012 1929,2012 2038,2012 2148,2012 2258,2010 2367,2008 2477,2006 2587,2004 2696,2000 2806,1996 2916,1992 3026,1986"
                         HEIGHT="104"
                         WIDTH="2223"
                         VPOS="1929"
                         HPOS="818">
                  <String ID="string_region_1638884258211_2045l30"
                          HEIGHT="104"
                          WIDTH="2223"
                          VPOS="1929"
                          HPOS="818"
                          CONTENT="lett the goods be curiously drest alloves, not onely neare the lists"/>
               </TextLine>
               <TextLine ID="region_1638884258211_2045l31"
                         BASELINE="850,2090 959,2088 1068,2088 1178,2088 1287,2088 1397,2088 1506,2088 1615,2090 1725,2090 1834,2090 1944,2090 2053,2088 2162,2088 2272,2086 2381,2082 2491,2078 2600,2073 2709,2068 2819,2059 2928,2051 3038,2040"
                         HEIGHT="117"
                         WIDTH="2218"
                         VPOS="2007"
                         HPOS="835">
                  <String ID="string_region_1638884258211_2045l31"
                          HEIGHT="117"
                          WIDTH="2218"
                          VPOS="2007"
                          HPOS="835"
                          CONTENT="butt all the cloth over &amp; neatty handled &amp; toilletted, lett also yd fre ind"/>
               </TextLine>
               <TextLine ID="region_1638884258211_2045l32"
                         BASELINE="850,2168 961,2166 1072,2163 1184,2162 1295,2160 1407,2160 1518,2160 1629,2160 1741,2160 1852,2160 1964,2160 2075,2158 2186,2157 2298,2155 2409,2152 2521,2148 2632,2142 2743,2136 2855,2127 2966,2117 3078,2104"
                         HEIGHT="150"
                         WIDTH="2260"
                         VPOS="2033"
                         HPOS="835">
                  <String ID="string_region_1638884258211_2045l32"
                          HEIGHT="150"
                          WIDTH="2260"
                          VPOS="2033"
                          HPOS="835"
                          CONTENT="cntt pattarnes &amp; make a prottarne book of each pack &amp; be sent mee"/>
               </TextLine>
               <TextLine ID="region_1638884258211_2045l33"
                         BASELINE="842,2242 956,2238 1071,2234 1185,2232 1300,2230 1415,2228 1529,2228 1644,2228 1758,2228 1873,2226 1988,2226 2102,2226 2217,2224 2331,2222 2446,2219 2561,2216 2675,2210 2790,2204 2904,2196 3019,2187 3134,2174"
                         HEIGHT="156"
                         WIDTH="2324"
                         VPOS="2113"
                         HPOS="827">
                  <String ID="string_region_1638884258211_2045l33"
                          HEIGHT="156"
                          WIDTH="2324"
                          VPOS="2113"
                          HPOS="827"
                          CONTENT="as soone as don because wee often sell the goods by the pattarnes before"/>
               </TextLine>
               <TextLine ID="region_1638884258211_2045l34"
                         BASELINE="842,2316 956,2313 1071,2310 1185,2308 1300,2306 1415,2306 1529,2304 1644,2304 1758,2304 1873,2302 1988,2302 2102,2300 2217,2300 2331,2296 2446,2294 2561,2291 2675,2286 2790,2281 2904,2276 3019,2268 3134,2258"
                         HEIGHT="121"
                         WIDTH="2321"
                         VPOS="2221"
                         HPOS="828">
                  <String ID="string_region_1638884258211_2045l34"
                          HEIGHT="121"
                          WIDTH="2321"
                          VPOS="2221"
                          HPOS="828"
                          CONTENT="arrivall, so shall leave the rest to yd experiency whilst nextweek sheve"/>
               </TextLine>
               <TextLine ID="region_1638884258211_2045l35"
                         BASELINE="842,2402 952,2396 1062,2391 1172,2388 1282,2384 1392,2382 1502,2380 1612,2378 1722,2376 1832,2376 1942,2374 2052,2374 2162,2372 2272,2369 2382,2366 2492,2362 2602,2357 2712,2352 2822,2345 2932,2335 3042,2324"
                         HEIGHT="196"
                         WIDTH="2232"
                         VPOS="2264"
                         HPOS="826">
                  <String ID="string_region_1638884258211_2045l35"
                          HEIGHT="196"
                          WIDTH="2232"
                          VPOS="2264"
                          HPOS="826"
                          CONTENT="ship off here aboard Adriaen de haes for london a pack of tykes"/>
               </TextLine>
               <TextLine ID="region_1638884258211_2045l36"
                         BASELINE="838,2478 946,2474 1054,2470 1162,2466 1270,2464 1379,2460 1487,2458 1595,2456 1703,2454 1811,2452 1920,2450 2028,2448 2136,2446 2244,2443 2352,2440 2461,2436 2569,2433 2677,2428 2785,2424 2893,2418 3002,2412"
                         HEIGHT="126"
                         WIDTH="2194"
                         VPOS="2361"
                         HPOS="823">
                  <String ID="string_region_1638884258211_2045l36"
                          HEIGHT="126"
                          WIDTH="2194"
                          VPOS="2361"
                          HPOS="823"
                          CONTENT="ass well assorted &amp; as good are as to be had for mony for atryall, for "/>
               </TextLine>
               <TextLine ID="region_1638884258211_2045l37"
                         BASELINE="818,2554 934,2550 1050,2548 1166,2546 1282,2544 1398,2540 1514,2538 1630,2536 1746,2534 1862,2530 1978,2528 2094,2526 2210,2522 2326,2519 2442,2516 2558,2512 2674,2508 2790,2504 2906,2499 3022,2494 3138,2488"
                         HEIGHT="168"
                         WIDTH="2352"
                         VPOS="2423"
                         HPOS="801">
                  <String ID="string_region_1638884258211_2045l37"
                          HEIGHT="168"
                          WIDTH="2352"
                          VPOS="2423"
                          HPOS="801"
                          CONTENT="legaturen have ordered a few to be provided according to yd order &amp; when "/>
               </TextLine>
               <TextLine ID="region_1638884258211_2045l38"
                         BASELINE="840,2618 950,2618 1060,2618 1170,2618 1280,2616 1390,2616 1500,2614 1610,2613 1720,2611 1830,2609 1941,2606 2051,2604 2161,2601 2271,2598 2381,2594 2491,2589 2601,2584 2711,2580 2821,2574 2931,2568 3042,2562"
                         HEIGHT="189"
                         WIDTH="2235"
                         VPOS="2491"
                         HPOS="823">
                  <String ID="string_region_1638884258211_2045l38"
                          HEIGHT="189"
                          WIDTH="2235"
                          VPOS="2491"
                          HPOS="823"
                          CONTENT="you finde any incorigment to either, have butt liberly to command"/>
               </TextLine>
               <TextLine ID="region_1638884258211_2045l39"
                         BASELINE="792,2690 906,2688 1021,2686 1136,2685 1250,2684 1365,2682 1480,2682 1594,2680 1709,2678 1824,2676 1939,2674 2053,2672 2168,2670 2283,2667 2397,2664 2512,2660 2627,2656 2741,2652 2856,2647 2971,2642 3086,2636"
                         HEIGHT="118"
                         WIDTH="2326"
                         VPOS="2575"
                         HPOS="776">
                  <String ID="string_region_1638884258211_2045l39"
                          HEIGHT="118"
                          WIDTH="2326"
                          VPOS="2575"
                          HPOS="776"
                          CONTENT="I confess you have reason to complaine of the lead, whoever I didittfor "/>
               </TextLine>
               <TextLine ID="region_1638884258211_2045l40"
                         BASELINE="812,2760 920,2758 1029,2756 1138,2756 1247,2754 1356,2754 1465,2752 1574,2752 1683,2751 1792,2750 1901,2748 2009,2746 2118,2745 2227,2743 2336,2740 2445,2738 2554,2733 2663,2729 2772,2725 2881,2718 2990,2712"
                         HEIGHT="121"
                         WIDTH="2208"
                         VPOS="2660"
                         HPOS="797">
                  <String ID="string_region_1638884258211_2045l40"
                          HEIGHT="121"
                          WIDTH="2208"
                          VPOS="2660"
                          HPOS="797"
                          CONTENT="the best, because in case I had laid itteipp, itt should have cost more"/>
               </TextLine>
               <TextLine ID="region_1638884258211_2045l41"
                         BASELINE="826,2826 942,2828 1059,2828 1175,2828 1292,2828 1409,2826 1525,2824 1642,2824 1758,2821 1875,2818 1992,2816 2108,2814 2225,2810 2341,2806 2458,2803 2575,2800 2691,2795 2808,2792 2924,2788 3041,2784 3158,2780"
                         HEIGHT="174"
                         WIDTH="2364"
                         VPOS="2675"
                         HPOS="810">
                  <String ID="string_region_1638884258211_2045l41"
                          HEIGHT="174"
                          WIDTH="2364"
                          VPOS="2675"
                          HPOS="810"
                          CONTENT="laboridge, &amp; saw plainly that itt would not to better, because I have been "/>
               </TextLine>
               <TextLine ID="region_1638884258211_2045l42"
                         BASELINE="830,2906 943,2908 1057,2908 1171,2908 1285,2906 1399,2904 1512,2902 1626,2900 1740,2896 1854,2894 1968,2890 2081,2886 2195,2881 2309,2878 2423,2874 2537,2868 2650,2865 2764,2861 2878,2858 2992,2854 3106,2850"
                         HEIGHT="142"
                         WIDTH="2310"
                         VPOS="2785"
                         HPOS="812">
                  <String ID="string_region_1638884258211_2045l42"
                          HEIGHT="142"
                          WIDTH="2310"
                          VPOS="2785"
                          HPOS="812"
                          CONTENT="obliged to pay talles, which if itt should have beon for my owne acctt"/>
               </TextLine>
               <TextLine ID="region_1638884258211_2045l43"
                         BASELINE="828,2982 942,2980 1056,2980 1170,2978 1285,2976 1399,2976 1513,2972 1628,2970 1742,2968 1856,2965 1971,2962 2085,2958 2199,2956 2313,2952 2428,2948 2542,2944 2656,2940 2771,2936 2885,2932 2999,2928 3114,2922"
                         HEIGHT="180"
                         WIDTH="2318"
                         VPOS="2861"
                         HPOS="813">
                  <String ID="string_region_1638884258211_2045l43"
                          HEIGHT="180"
                          WIDTH="2318"
                          VPOS="2861"
                          HPOS="813"
                          CONTENT="should have eschaped &amp; advanced onely by that neave ƒ30: besides brolidge "/>
               </TextLine>
               <TextLine ID="region_1638884258211_2045l44"
                         BASELINE="832,3052 945,3052 1059,3050 1173,3048 1286,3046 1400,3043 1514,3040 1627,3038 1741,3036 1855,3033 1969,3030 2082,3027 2196,3024 2310,3021 2423,3018 2537,3014 2651,3010 2764,3006 2878,3002 2992,2998 3106,2994"
                         HEIGHT="164"
                         WIDTH="2303"
                         VPOS="2940"
                         HPOS="817">
                  <String ID="string_region_1638884258211_2045l44"
                          HEIGHT="164"
                          WIDTH="2303"
                          VPOS="2940"
                          HPOS="817"
                          CONTENT="which those that use to make itt their bussynes &amp; fell for their owne"/>
               </TextLine>
               <TextLine ID="region_1638884258211_2045l45"
                         BASELINE="836,3132 948,3130 1061,3126 1174,3124 1287,3122 1400,3120 1513,3118 1626,3116 1739,3114 1852,3112 1965,3110 2077,3108 2190,3106 2303,3102 2416,3099 2529,3096 2642,3090 2755,3086 2868,3080 2981,3073 3094,3066"
                         HEIGHT="132"
                         WIDTH="2289"
                         VPOS="3031"
                         HPOS="820">
                  <String ID="string_region_1638884258211_2045l45"
                          HEIGHT="132"
                          WIDTH="2289"
                          VPOS="3031"
                          HPOS="820"
                          CONTENT="acctt to advance &amp; haveing perused that, was t he cause to my sister"/>
               </TextLine>
               <TextLine ID="region_1638884258211_2045l46"
                         BASELINE="842,3196 952,3196 1063,3196 1174,3194 1285,3194 1396,3192 1507,3190 1618,3188 1729,3186 1840,3184 1951,3182 2061,3180 2172,3177 2283,3174 2394,3172 2505,3170 2616,3166 2727,3164 2838,3162 2949,3160 3060,3158"
                         HEIGHT="122"
                         WIDTH="2246"
                         VPOS="3102"
                         HPOS="828">
                  <String ID="string_region_1638884258211_2045l46"
                          HEIGHT="122"
                          WIDTH="2246"
                          VPOS="3102"
                          HPOS="828"
                          CONTENT="in lace did give orders for more, so hope you will pass that over"/>
               </TextLine>
               <TextLine ID="region_1638884258211_2045l47"
                         BASELINE="822,3272 932,3270 1043,3268 1154,3266 1265,3264 1376,3262 1487,3260 1598,3259 1709,3258 1820,3256 1931,3254 2041,3252 2152,3250 2263,3248 2374,3244 2485,3242 2596,3238 2707,3234 2818,3230 2929,3226 3040,3220"
                         HEIGHT="139"
                         WIDTH="2250"
                         VPOS="3167"
                         HPOS="806">
                  <String ID="string_region_1638884258211_2045l47"
                          HEIGHT="139"
                          WIDTH="2250"
                          VPOS="3167"
                          HPOS="806"
                          CONTENT="&amp; that the now desired cloathes will make amends, for I can "/>
               </TextLine>
               <TextLine ID="region_1638884258211_2045l48"
                         BASELINE="836,3348 951,3346 1066,3342 1181,3340 1296,3338 1411,3336 1526,3334 1641,3330 1756,3329 1871,3326 1987,3324 2102,3322 2217,3318 2332,3316 2447,3312 2562,3309 2677,3305 2792,3300 2907,3296 3022,3291 3138,3286"
                         HEIGHT="148"
                         WIDTH="2333"
                         VPOS="3232"
                         HPOS="822">
                  <String ID="string_region_1638884258211_2045l48"
                          HEIGHT="148"
                          WIDTH="2333"
                          VPOS="3232"
                          HPOS="822"
                          CONTENT="not see goods lye by, &amp; thought that com be so estimed &amp; risen yett never thelet"/>
               </TextLine>
               <TextLine ID="region_1638884258211_2045l49"
                         BASELINE="828,3424 935,3422 1043,3418 1150,3416 1258,3414 1366,3412 1473,3410 1581,3408 1688,3406 1796,3405 1904,3402 2011,3402 2119,3400 2226,3396 2334,3394 2442,3390 2549,3387 2657,3384 2764,3378 2872,3374 2980,3368"
                         HEIGHT="147"
                         WIDTH="2182"
                         VPOS="3300"
                         HPOS="812">
                  <String ID="string_region_1638884258211_2045l49"
                          HEIGHT="147"
                          WIDTH="2182"
                          VPOS="3300"
                          HPOS="812"
                          CONTENT="here is yett such shantities oflead that itt is sod still for 23 staydid yd"/>
               </TextLine>
               <TextLine ID="region_1638884258211_2045l50"
                         BASELINE="570,3498 651,3500 733,3502 815,3502 896,3504 978,3504 1060,3504 1141,3504 1223,3504 1305,3504 1387,3504 1468,3502 1550,3502 1632,3502 1713,3502 1795,3502 1877,3502 1958,3502 2040,3504 2122,3504 2204,3506"
                         HEIGHT="124"
                         WIDTH="1666"
                         VPOS="3397"
                         HPOS="554">
                  <String ID="string_region_1638884258211_2045l50"
                          HEIGHT="124"
                          WIDTH="1666"
                          VPOS="3397"
                          HPOS="554"
                          CONTENT="Condt these i2 pattarnes serves to provide"/>
               </TextLine>
               <TextLine ID="region_1638884258211_2045l51"
                         BASELINE="2424,3516 2458,3516 2492,3516 2526,3515 2560,3514 2595,3513 2629,3512 2663,3510 2697,3510 2731,3508 2766,3508 2800,3507 2834,3506 2868,3506 2902,3506 2937,3507 2971,3509 3005,3511 3039,3512 3073,3515 3108,3520"
                         HEIGHT="138"
                         WIDTH="715"
                         VPOS="3438"
                         HPOS="2409">
                  <String ID="string_region_1638884258211_2045l51"
                          HEIGHT="138"
                          WIDTH="715"
                          VPOS="3438"
                          HPOS="2409"
                          CONTENT="In Antwerp uich"/>
               </TextLine>
               <TextLine ID="region_1638884258211_2045l52"
                         BASELINE="1078,3578 1145,3576 1213,3576 1281,3574 1349,3575 1417,3576 1485,3576 1553,3578 1621,3578 1689,3580 1757,3580 1824,3582 1892,3582 1960,3584 2028,3584 2096,3584 2164,3584 2232,3584 2300,3582 2368,3580 2436,3578"
                         HEIGHT="108"
                         WIDTH="1388"
                         VPOS="3506"
                         HPOS="1063">
                  <String ID="string_region_1638884258211_2045l52"
                          HEIGHT="108"
                          WIDTH="1388"
                          VPOS="3506"
                          HPOS="1063"
                          CONTENT="12 clouthes. long, of each patt one N"/>
               </TextLine>
               <TextLine ID="region_1638884258211_2045l53"
                         BASELINE="1146,3648 1213,3646 1281,3646 1349,3648 1417,3649 1485,3651 1552,3652 1620,3656 1688,3658 1756,3660 1824,3664 1891,3666 1959,3668 2027,3670 2095,3672 2163,3672 2230,3672 2298,3672 2366,3670 2434,3668 2502,3666"
                         HEIGHT="143"
                         WIDTH="1386"
                         VPOS="3583"
                         HPOS="1131">
                  <String ID="string_region_1638884258211_2045l53"
                          HEIGHT="143"
                          WIDTH="1386"
                          VPOS="3583"
                          HPOS="1131"
                          CONTENT="to be from 3 to 3:6 pence ayd raw"/>
               </TextLine>
               <TextLine ID="region_1638884258211_2045l54"
                         BASELINE="1006,3724 1098,3724 1191,3724 1283,3726 1376,3728 1468,3732 1561,3736 1653,3740 1746,3744 1838,3748 1931,3753 2023,3758 2116,3762 2208,3764 2301,3766 2393,3768 2486,3768 2578,3767 2671,3764 2763,3760 2856,3754"
                         HEIGHT="128"
                         WIDTH="1882"
                         VPOS="3690"
                         HPOS="991">
                  <String ID="string_region_1638884258211_2045l54"
                          HEIGHT="128"
                          WIDTH="1882"
                          VPOS="3690"
                          HPOS="991"
                          CONTENT="&amp; 13 p oft each patt.  one to be from 4 st to 4:6"/>
               </TextLine>
               <TextLine ID="region_1638884258211_2045l55"
                         BASELINE="1128,3802 1211,3802 1295,3804 1378,3807 1462,3810 1546,3814 1629,3816 1713,3820 1796,3824 1880,3828 1964,3832 2047,3836 2131,3839 2214,3842 2298,3844 2382,3846 2465,3846 2549,3846 2632,3846 2716,3843 2800,3840"
                         HEIGHT="173"
                         WIDTH="1705"
                         VPOS="3736"
                         HPOS="1112">
                  <String ID="string_region_1638884258211_2045l55"
                          HEIGHT="173"
                          WIDTH="1705"
                          VPOS="3736"
                          HPOS="1112"
                          CONTENT="pence ayd ruw &amp; each 12 p. to be euriously drest,"/>
               </TextLine>
               <TextLine ID="region_1638884258211_2045l56"
                         BASELINE="1116,3888 1197,3890 1278,3892 1359,3894 1440,3896 1521,3900 1602,3903 1683,3907 1764,3910 1845,3913 1926,3918 2007,3922 2088,3924 2169,3928 2250,3930 2331,3932 2412,3934 2493,3936 2574,3936 2655,3936 2736,3936"
                         HEIGHT="175"
                         WIDTH="1652"
                         VPOS="3815"
                         HPOS="1100">
                  <String ID="string_region_1638884258211_2045l56"
                          HEIGHT="175"
                          WIDTH="1652"
                          VPOS="3815"
                          HPOS="1100"
                          CONTENT="prest &amp; handled &amp; toilled packt &amp; vrosppered"/>
               </TextLine>
               <TextLine ID="region_1638884258211_2045l57"
                         BASELINE="1112,3990 1165,3988 1218,3988 1271,3988 1324,3988 1377,3988 1430,3988 1483,3990 1536,3990 1589,3992 1642,3993 1695,3994 1748,3996 1801,3997 1854,3998 1907,4000 1960,4000 2013,4002 2066,4002 2119,4003 2172,4004"
                         HEIGHT="146"
                         WIDTH="1089"
                         VPOS="3909"
                         HPOS="1097">
                  <String ID="string_region_1638884258211_2045l57"
                          HEIGHT="146"
                          WIDTH="1089"
                          VPOS="3909"
                          HPOS="1097"
                          CONTENT="with 3 bayen at least cach "/>
               </TextLine>
               <TextLine ID="region_1638884258211_2045l58"
                         BASELINE="834,4132 860,4130 886,4131 912,4133 938,4136"
                         HEIGHT="150"
                         WIDTH="139"
                         VPOS="4031"
                         HPOS="817">
                  <String ID="string_region_1638884258211_2045l58"
                          HEIGHT="150"
                          WIDTH="139"
                          VPOS="4031"
                          HPOS="817"
                          CONTENT="back"/>
               </TextLine>
            </TextBlock>
            <TextBlock ID="region_1638884260948_2048"
                       HEIGHT="4160"
                       WIDTH="2670"
                       VPOS="130"
                       HPOS="3277">
               <Shape>
                  <Polygon POINTS="3277,130 5947,130 5947,4290 3277,4290"/>
               </Shape>
               <TextLine ID="region_1638884260948_2048l1"
                         BASELINE="3328,282 3363,280 3398,277 3433,275 3468,273 3503,272 3538,271 3573,268 3608,268 3643,266 3678,265 3713,264 3748,263 3783,262 3818,262 3853,260 3888,260 3923,258 3958,258 3993,257 4028,256"
                         HEIGHT="121"
                         WIDTH="733"
                         VPOS="196"
                         HPOS="3311">
                  <String ID="string_region_1638884260948_2048l1"
                          HEIGHT="121"
                          WIDTH="733"
                          VPOS="196"
                          HPOS="3311"
                          CONTENT="London George Cole"/>
               </TextLine>
               <TextLine ID="region_1638884260948_2048l2"
                         BASELINE="4938,288 4987,288 5037,286 5087,284 5137,284 5187,284 5237,284 5287,284 5337,284 5387,284 5437,284 5486,286 5536,286 5586,286 5636,286 5686,286 5736,286 5786,286 5836,285 5886,284 5936,282"
                         HEIGHT="109"
                         WIDTH="1028"
                         VPOS="223"
                         HPOS="4923">
                  <String ID="string_region_1638884260948_2048l2"
                          HEIGHT="109"
                          WIDTH="1028"
                          VPOS="223"
                          HPOS="4923"
                          CONTENT="In Antwarp 1 march ie"/>
               </TextLine>
               <TextLine ID="region_1638884260948_2048l3"
                         BASELINE="4694,324 4723,327 4752,329 4781,330 4810,328"
                         HEIGHT="93"
                         WIDTH="148"
                         VPOS="260"
                         HPOS="4679">
                  <String ID="string_region_1638884260948_2048l3"
                          HEIGHT="93"
                          WIDTH="148"
                          VPOS="260"
                          HPOS="4679"
                          CONTENT="th"/>
               </TextLine>
               <TextLine ID="region_1638884260948_2048l4"
                         BASELINE="3586,364 3703,359 3821,356 3938,354 4056,354 4174,356 4291,358 4409,360 4526,364 4644,368 4762,372 4879,377 4997,382 5114,385 5232,390 5350,392 5467,394 5585,396 5702,396 5820,396 5938,392"
                         HEIGHT="162"
                         WIDTH="2385"
                         VPOS="253"
                         HPOS="3569">
                  <String ID="string_region_1638884260948_2048l4"
                          HEIGHT="162"
                          WIDTH="2385"
                          VPOS="253"
                          HPOS="3569"
                          CONTENT="Sr. I have before mee yd of 7 &amp; 11 past. yd bill for £100: 18 duels discher"/>
               </TextLine>
               <TextLine ID="region_1638884260948_2048l5"
                         BASELINE="3602,436 3717,437 3833,438 3949,440 4065,442 4181,444 4296,446 4412,450 4528,452 4644,454 4760,456 4875,460 4991,462 5107,464 5223,466 5339,468 5454,469 5570,470 5686,470 5802,470 5918,470"
                         HEIGHT="125"
                         WIDTH="2345"
                         VPOS="398"
                         HPOS="3588">
                  <String ID="string_region_1638884260948_2048l5"
                          HEIGHT="125"
                          WIDTH="2345"
                          VPOS="398"
                          HPOS="3588"
                          CONTENT="&amp; past to acctt. of the estate of JV. inclosed p bill of £80  on m."/>
               </TextLine>
               <TextLine ID="region_1638884260948_2048l6"
                         BASELINE="3586,526 3703,524 3821,522 3939,522 4057,522 4175,524 4292,526 4410,528 4528,530 4646,534 4764,536 4881,540 4999,542 5117,544 5235,546 5353,548 5470,548 5588,546 5706,544 5824,540 5942,534"
                         HEIGHT="159"
                         WIDTH="2387"
                         VPOS="444"
                         HPOS="3571">
                  <String ID="string_region_1638884260948_2048l6"
                          HEIGHT="159"
                          WIDTH="2387"
                          VPOS="444"
                          HPOS="3571"
                          CONTENT="Henry maynard att 10 dayes sich which please to pass to same accomd"/>
               </TextLine>
               <TextLine ID="region_1638884260948_2048l7"
                         BASELINE="3616,612 3727,608 3839,604 3950,602 4062,600 4173,600 4285,602 4396,602 4508,604 4619,606 4731,608 4842,612 4954,614 5065,614 5177,616 5288,616 5400,616 5511,614 5623,610 5734,606 5846,600"
                         HEIGHT="128"
                         WIDTH="2259"
                         VPOS="544"
                         HPOS="3601">
                  <String ID="string_region_1638884260948_2048l7"
                          HEIGHT="128"
                          WIDTH="2259"
                          VPOS="544"
                          HPOS="3601"
                          CONTENT="att 35:7 here also you have the needfull accompts of sale which"/>
               </TextLine>
               <TextLine ID="region_1638884260948_2048l8"
                         BASELINE="3612,698 3728,693 3845,689 3962,686 4078,686 4195,686 4312,686 4428,688 4545,690 4662,692 4779,694 4895,696 5012,698 5129,698 5245,698 5362,696 5479,692 5595,688 5712,682 5829,673 5946,660"
                         HEIGHT="150"
                         WIDTH="2365"
                         VPOS="599"
                         HPOS="3597">
                  <String ID="string_region_1638884260948_2048l8"
                          HEIGHT="150"
                          WIDTH="2365"
                          VPOS="599"
                          HPOS="3597"
                          CONTENT="please to peruse &amp; finding any thing to yd freinds or my preuidice &amp; note"/>
               </TextLine>
               <TextLine ID="region_1638884260948_2048l9"
                         BASELINE="3592,778 3708,772 3824,769 3940,767 4056,766 4173,766 4289,766 4405,768 4521,768 4637,770 4754,772 4870,774 4986,774 5102,774 5218,774 5335,774 5451,772 5567,768 5683,763 5799,756 5916,748"
                         HEIGHT="144"
                         WIDTH="2353"
                         VPOS="682"
                         HPOS="3576">
                  <String ID="string_region_1638884260948_2048l9"
                          HEIGHT="144"
                          WIDTH="2353"
                          VPOS="682"
                          HPOS="3576"
                          CONTENT="accordingly &amp; you will oblige mee whilst  Ishall expect to heare of"/>
               </TextLine>
               <TextLine ID="region_1638884260948_2048l10"
                         BASELINE="3608,848 3720,846 3832,846 3945,846 4057,846 4170,848 4282,848 4394,850 4507,852 4619,852 4732,854 4844,854 4956,854 5069,854 5181,854 5294,852 5406,848 5518,844 5631,840 5743,834 5856,826"
                         HEIGHT="124"
                         WIDTH="2277"
                         VPOS="761"
                         HPOS="3594">
                  <String ID="string_region_1638884260948_2048l10"
                          HEIGHT="124"
                          WIDTH="2277"
                          VPOS="761"
                          HPOS="3594"
                          CONTENT="the £80 more mentionsd for which never was any order or procure"/>
               </TextLine>
               <TextLine ID="region_1638884260948_2048l11"
                         BASELINE="3598,914 3689,918 3781,920 3872,924 3964,926 4056,928 4147,928 4239,928 4330,928 4422,928 4514,928 4605,928 4697,926 4788,926 4880,926 4972,924 5063,924 5155,924 5246,924 5338,925 5430,926"
                         HEIGHT="133"
                         WIDTH="1862"
                         VPOS="847"
                         HPOS="3584">
                  <String ID="string_region_1638884260948_2048l11"
                          HEIGHT="133"
                          WIDTH="1862"
                          VPOS="847"
                          HPOS="3584"
                          CONTENT="given to compose &amp; so remaine with kinde salues"/>
               </TextLine>
               <TextLine ID="region_1638884260948_2048l12"
                         BASELINE="5052,1004 5095,1004 5138,1004 5182,1004 5225,1003 5269,1000 5312,998 5355,996 5399,993 5442,990 5486,987 5529,984 5572,980 5616,976 5659,974 5703,971 5746,968 5789,966 5833,964 5876,964 5920,962"
                         HEIGHT="134"
                         WIDTH="901"
                         VPOS="919"
                         HPOS="5034">
                  <String ID="string_region_1638884260948_2048l12"
                          HEIGHT="134"
                          WIDTH="901"
                          VPOS="919"
                          HPOS="5034"
                          CONTENT="InAntwarp 1 march"/>
               </TextLine>
               <TextLine ID="region_1638884260948_2048l13"
                         BASELINE="3330,998 3372,995 3414,992 3457,990 3499,988 3542,988 3584,987 3626,986 3669,986 3711,986 3754,987 3796,988 3838,988 3881,988 3923,988 3966,988 4008,988 4050,988 4093,988 4135,986 4178,984"
                         HEIGHT="168"
                         WIDTH="881"
                         VPOS="876"
                         HPOS="3313">
                  <String ID="string_region_1638884260948_2048l13"
                          HEIGHT="168"
                          WIDTH="881"
                          VPOS="876"
                          HPOS="3313"
                          CONTENT="London will Scawens"/>
               </TextLine>
               <TextLine ID="region_1638884260948_2048l14"
                         BASELINE="4630,1032 4659,1036 4688,1041 4718,1044"
                         HEIGHT="87"
                         WIDTH="130"
                         VPOS="978"
                         HPOS="4612">
                  <String ID="string_region_1638884260948_2048l14"
                          HEIGHT="87"
                          WIDTH="130"
                          VPOS="978"
                          HPOS="4612"
                          CONTENT="th"/>
               </TextLine>
               <TextLine ID="region_1638884260948_2048l15"
                         BASELINE="3608,1076 3722,1074 3837,1074 3951,1074 4066,1074 4181,1076 4295,1078 4410,1080 4524,1082 4639,1084 4754,1086 4868,1088 4983,1090 5097,1090 5212,1090 5327,1088 5441,1086 5556,1082 5670,1075 5785,1068 5900,1058"
                         HEIGHT="151"
                         WIDTH="2321"
                         VPOS="982"
                         HPOS="3593">
                  <String ID="string_region_1638884260948_2048l15"
                          HEIGHT="151"
                          WIDTH="2321"
                          VPOS="982"
                          HPOS="3593"
                          CONTENT="S. my last to you was on the 22: past sence recd. yd of 11 ditto &amp; seeng you"/>
               </TextLine>
               <TextLine ID="region_1638884260948_2048l16"
                         BASELINE="3572,1152 3688,1148 3805,1145 3922,1143 4039,1142 4156,1142 4272,1142 4389,1144 4506,1144 4623,1146 4740,1148 4856,1150 4973,1150 5090,1150 5207,1150 5324,1150 5440,1148 5557,1145 5674,1140 5791,1135 5908,1126"
                         HEIGHT="125"
                         WIDTH="2365"
                         VPOS="1079"
                         HPOS="3558">
                  <String ID="string_region_1638884260948_2048l16"
                          HEIGHT="125"
                          WIDTH="2365"
                          VPOS="1079"
                          HPOS="3558"
                          CONTENT="are not incorridged to have any more tijkes shall send non, thought me"/>
               </TextLine>
               <TextLine ID="region_1638884260948_2048l17"
                         BASELINE="3584,1228 3699,1226 3815,1224 3931,1222 4047,1222 4163,1222 4279,1224 4395,1224 4511,1224 4627,1226 4743,1226 4858,1228 4974,1228 5090,1228 5206,1226 5322,1226 5438,1223 5554,1220 5670,1214 5786,1208 5902,1202"
                         HEIGHT="111"
                         WIDTH="2348"
                         VPOS="1172"
                         HPOS="3570">
                  <String ID="string_region_1638884260948_2048l17"
                          HEIGHT="111"
                          WIDTH="2348"
                          VPOS="1172"
                          HPOS="3570"
                          CONTENT="thinckes they ought to be worth as much, n'ay more then mony returned "/>
               </TextLine>
               <TextLine ID="region_1638884260948_2048l18"
                         BASELINE="3596,1310 3711,1308 3826,1306 3941,1304 4056,1304 4171,1304 4286,1304 4401,1304 4516,1304 4631,1304 4747,1306 4862,1306 4977,1306 5092,1305 5207,1304 5322,1302 5437,1300 5552,1298 5667,1294 5782,1290 5898,1282"
                         HEIGHT="135"
                         WIDTH="2330"
                         VPOS="1230"
                         HPOS="3582">
                  <String ID="string_region_1638884260948_2048l18"
                          HEIGHT="135"
                          WIDTH="2330"
                          VPOS="1230"
                          HPOS="3582"
                          CONTENT="p ex att time whoever soas you please inclosed a bill of mine on"/>
               </TextLine>
               <TextLine ID="region_1638884260948_2048l19"
                         BASELINE="3596,1392 3711,1388 3827,1384 3943,1382 4059,1382 4175,1380 4290,1380 4406,1380 4522,1382 4638,1382 4754,1382 4869,1382 4985,1382 5101,1382 5217,1380 5333,1378 5448,1376 5564,1372 5680,1368 5796,1363 5912,1356"
                         HEIGHT="124"
                         WIDTH="2347"
                         VPOS="1308"
                         HPOS="3580">
                  <String ID="string_region_1638884260948_2048l19"
                          HEIGHT="124"
                          WIDTH="2347"
                          VPOS="1308"
                          HPOS="3580"
                          CONTENT="mr. Henry Maynard att 10 dayes sight for £40  att 35:7 for yd acctt"/>
               </TextLine>
               <TextLine ID="region_1638884260948_2048l20"
                         BASELINE="3604,1462 3718,1460 3832,1460 3946,1458 4060,1460 4174,1460 4288,1460 4402,1462 4516,1464 4630,1464 4744,1466 4858,1467 4972,1468 5086,1468 5200,1468 5314,1468 5428,1468 5542,1466 5656,1463 5770,1460 5884,1456"
                         HEIGHT="121"
                         WIDTH="2312"
                         VPOS="1397"
                         HPOS="3588">
                  <String ID="string_region_1638884260948_2048l20"
                          HEIGHT="121"
                          WIDTH="2312"
                          VPOS="1397"
                          HPOS="3588"
                          CONTENT="which please to note accordingly: I have advise from m. Coots"/>
               </TextLine>
               <TextLine ID="region_1638884260948_2048l21"
                         BASELINE="3586,1540 3702,1536 3819,1535 3936,1534 4053,1534 4170,1534 4287,1536 4404,1537 4521,1538 4638,1540 4755,1542 4871,1544 4988,1546 5105,1546 5222,1546 5339,1546 5456,1546 5573,1545 5690,1542 5807,1540 5924,1534"
                         HEIGHT="122"
                         WIDTH="2369"
                         VPOS="1480"
                         HPOS="3570">
                  <String ID="string_region_1638884260948_2048l21"
                          HEIGHT="122"
                          WIDTH="2369"
                          VPOS="1480"
                          HPOS="3570"
                          CONTENT="of Bruges that there is a pack of callicoes of others seased, where"/>
               </TextLine>
               <TextLine ID="region_1638884260948_2048l22"
                         BASELINE="3578,1620 3694,1620 3811,1618 3927,1618 4044,1618 4161,1620 4277,1620 4394,1622 4510,1623 4627,1624 4744,1626 4860,1627 4977,1628 5093,1628 5210,1630 5327,1630 5443,1628 5560,1628 5676,1626 5793,1624 5910,1620"
                         HEIGHT="117"
                         WIDTH="2362"
                         VPOS="1568"
                         HPOS="3564">
                  <String ID="string_region_1638884260948_2048l22"
                          HEIGHT="117"
                          WIDTH="2362"
                          VPOS="1568"
                          HPOS="3564"
                          CONTENT="fore advise mee not to medd le with any, yett agreat while, so that"/>
               </TextLine>
               <TextLine ID="region_1638884260948_2048l23"
                         BASELINE="3578,1694 3694,1694 3810,1694 3926,1694 4042,1694 4159,1694 4275,1694 4391,1696 4507,1696 4623,1698 4740,1698 4856,1700 4972,1700 5088,1700 5204,1702 5321,1702 5437,1702 5553,1700 5669,1700 5785,1698 5902,1696"
                         HEIGHT="120"
                         WIDTH="2354"
                         VPOS="1633"
                         HPOS="3562">
                  <String ID="string_region_1638884260948_2048l23"
                          HEIGHT="120"
                          WIDTH="2354"
                          VPOS="1633"
                          HPOS="3562"
                          CONTENT="I am att astand whoever I shall want cattons, &amp; because wee might"/>
               </TextLine>
               <TextLine ID="region_1638884260948_2048l24"
                         BASELINE="3594,1772 3706,1772 3819,1774 3931,1774 4044,1774 4156,1774 4269,1775 4381,1776 4494,1776 4606,1776 4719,1776 4831,1776 4944,1776 5056,1776 5169,1776 5281,1776 5394,1776 5506,1776 5619,1774 5731,1774 5844,1774"
                         HEIGHT="119"
                         WIDTH="2279"
                         VPOS="1706"
                         HPOS="3579">
                  <String ID="string_region_1638884260948_2048l24"
                          HEIGHT="119"
                          WIDTH="2279"
                          VPOS="1706"
                          HPOS="3579"
                          CONTENT="40 securer wee kan pack 25 or 30 butt in one bale and in each ship "/>
               </TextLine>
               <TextLine ID="region_1638884260948_2048l25"
                         BASELINE="3530,1856 3644,1856 3758,1854 3872,1854 3987,1854 4101,1854 4215,1854 4330,1854 4444,1854 4558,1856 4673,1856 4787,1856 4901,1856 5015,1856 5130,1858 5244,1858 5358,1856 5473,1856 5587,1856 5701,1854 5816,1852"
                         HEIGHT="123"
                         WIDTH="2317"
                         VPOS="1766"
                         HPOS="3514">
                  <String ID="string_region_1638884260948_2048l25"
                          HEIGHT="123"
                          WIDTH="2317"
                          VPOS="1766"
                          HPOS="3514"
                          CONTENT="butt one bale &amp; gett itt over att a longer rumim other wise I see no"/>
               </TextLine>
               <TextLine ID="region_1638884260948_2048l26"
                         BASELINE="3578,1926 3694,1926 3810,1926 3926,1928 4042,1930 4158,1931 4274,1932 4390,1934 4506,1936 4622,1938 4739,1938 4855,1940 4971,1942 5087,1942 5203,1942 5319,1942 5435,1942 5551,1942 5667,1940 5783,1938 5900,1936"
                         HEIGHT="134"
                         WIDTH="2351"
                         VPOS="1867"
                         HPOS="3563">
                  <String ID="string_region_1638884260948_2048l26"
                          HEIGHT="134"
                          WIDTH="2351"
                          VPOS="1867"
                          HPOS="3563"
                          CONTENT="remedie so then please to buy att the east india sale 200 sulempores"/>
               </TextLine>
               <TextLine ID="region_1638884260948_2048l27"
                         BASELINE="3586,2012 3702,2012 3819,2012 3935,2012 4052,2012 4168,2014 4285,2014 4401,2014 4518,2016 4634,2017 4751,2018 4867,2018 4984,2020 5100,2020 5217,2022 5333,2022 5450,2022 5566,2022 5683,2022 5799,2020 5916,2020"
                         HEIGHT="102"
                         WIDTH="2360"
                         VPOS="1969"
                         HPOS="3572">
                  <String ID="string_region_1638884260948_2048l27"
                          HEIGHT="102"
                          WIDTH="2360"
                          VPOS="1969"
                          HPOS="3572"
                          CONTENT="of 12: 6or 13  to be dyed as the least you sent butt I could wishh there"/>
               </TextLine>
               <TextLine ID="region_1638884260948_2048l28"
                         BASELINE="3570,2084 3688,2084 3807,2084 3925,2086 4044,2086 4162,2088 4281,2090 4399,2090 4518,2092 4636,2094 4755,2095 4873,2096 4992,2096 5110,2098 5229,2098 5347,2096 5466,2096 5584,2094 5703,2092 5821,2090 5940,2086"
                         HEIGHT="89"
                         WIDTH="2398"
                         VPOS="2027"
                         HPOS="3556">
                  <String ID="string_region_1638884260948_2048l28"
                          HEIGHT="89"
                          WIDTH="2398"
                          VPOS="2027"
                          HPOS="3556"
                          CONTENT="avere amonghst them 50 of a finer sort how they must be dyed shall "/>
               </TextLine>
               <TextLine ID="region_1638884260948_2048l29"
                         BASELINE="3578,2158 3693,2158 3809,2160 3925,2162 4040,2164 4156,2166 4272,2168 4387,2170 4503,2172 4619,2172 4735,2174 4850,2174 4966,2176 5082,2176 5197,2174 5313,2173 5429,2170 5544,2168 5660,2164 5776,2159 5892,2152"
                         HEIGHT="104"
                         WIDTH="2345"
                         VPOS="2097"
                         HPOS="3563">
                  <String ID="string_region_1638884260948_2048l29"
                          HEIGHT="104"
                          WIDTH="2345"
                          VPOS="2097"
                          HPOS="3563"
                          CONTENT="advised p. next buy also 50 browne salempores off the same qualetie"/>
               </TextLine>
               <TextLine ID="region_1638884260948_2048l30"
                         BASELINE="3574,2232 3691,2236 3808,2238 3925,2242 4042,2245 4160,2248 4277,2250 4394,2252 4511,2254 4628,2256 4746,2256 4863,2258 4980,2258 5097,2258 5214,2256 5332,2255 5449,2253 5566,2250 5683,2246 5800,2242 5918,2236"
                         HEIGHT="138"
                         WIDTH="2374"
                         VPOS="2174"
                         HPOS="3559">
                  <String ID="string_region_1638884260948_2048l30"
                          HEIGHT="138"
                          WIDTH="2374"
                          VPOS="2174"
                          HPOS="3559"
                          CONTENT="besides 60 or 70 of d„ zatt 29:6 &amp; if them were browne itt should be"/>
               </TextLine>
               <TextLine ID="region_1638884260948_2048l31"
                         BASELINE="3578,2320 3693,2322 3809,2326 3924,2328 4040,2330 4155,2332 4271,2332 4386,2334 4502,2334 4617,2334 4733,2334 4848,2334 4964,2334 5079,2334 5195,2334 5310,2332 5426,2332 5541,2330 5657,2330 5772,2328 5888,2328"
                         HEIGHT="100"
                         WIDTH="2338"
                         VPOS="2256"
                         HPOS="3564">
                  <String ID="string_region_1638884260948_2048l31"
                          HEIGHT="100"
                          WIDTH="2338"
                          VPOS="2256"
                          HPOS="3564"
                          CONTENT="the better for our peonle loves more the browne then white ned goods"/>
               </TextLine>
               <TextLine ID="region_1638884260948_2048l32"
                         BASELINE="3580,2404 3644,2402 3708,2402 3772,2402 3836,2402 3900,2402 3964,2402 4028,2402 4092,2402 4156,2402 4221,2402 4285,2402 4349,2404 4413,2404 4477,2402 4541,2402 4605,2402 4669,2400 4733,2398 4797,2396 4862,2394"
                         HEIGHT="96"
                         WIDTH="1313"
                         VPOS="2335"
                         HPOS="3564">
                  <String ID="string_region_1638884260948_2048l32"
                          HEIGHT="96"
                          WIDTH="1313"
                          VPOS="2335"
                          HPOS="3564"
                          CONTENT="which serves to governo from"/>
               </TextLine>
               <TextLine ID="region_1638884260948_2048l33"
                         BASELINE="3480,2412 3500,2420"
                         HEIGHT="84"
                         WIDTH="72"
                         VPOS="2365"
                         HPOS="3458">
                  <String ID="string_region_1638884260948_2048l33"
                          HEIGHT="84"
                          WIDTH="72"
                          VPOS="2365"
                          HPOS="3458"
                          CONTENT=""/>
               </TextLine>
               <TextLine ID="region_1638884260948_2048l34"
                         BASELINE="5036,2438 5079,2440 5123,2440 5167,2440 5211,2442 5255,2442 5299,2442 5343,2440 5387,2440 5431,2440 5475,2440 5518,2438 5562,2437 5606,2436 5650,2435 5694,2434 5738,2434 5782,2432 5826,2430 5870,2430 5914,2428"
                         HEIGHT="161"
                         WIDTH="911"
                         VPOS="2330"
                         HPOS="5019">
                  <String ID="string_region_1638884260948_2048l34"
                          HEIGHT="161"
                          WIDTH="911"
                          VPOS="2330"
                          HPOS="5019"
                          CONTENT="In Antwap 1 march"/>
               </TextLine>
               <TextLine ID="region_1638884260948_2048l35"
                         BASELINE="3292,2476 3343,2475 3394,2474 3446,2474 3497,2474 3549,2472 3600,2474 3651,2474 3703,2474 3754,2474 3806,2474 3857,2475 3908,2476 3960,2476 4011,2476 4063,2476 4114,2476 4165,2474 4217,2473 4268,2472 4320,2470"
                         HEIGHT="131"
                         WIDTH="1058"
                         VPOS="2396"
                         HPOS="3276">
                  <String ID="string_region_1638884260948_2048l35"
                          HEIGHT="131"
                          WIDTH="1058"
                          VPOS="2396"
                          HPOS="3276"
                          CONTENT="London Henry Maynard"/>
               </TextLine>
               <TextLine ID="region_1638884260948_2048l36"
                         BASELINE="4586,2508 4615,2511 4644,2511 4674,2508"
                         HEIGHT="121"
                         WIDTH="119"
                         VPOS="2410"
                         HPOS="4570">
                  <String ID="string_region_1638884260948_2048l36"
                          HEIGHT="121"
                          WIDTH="119"
                          VPOS="2410"
                          HPOS="4570"
                          CONTENT="22"/>
               </TextLine>
               <TextLine ID="region_1638884260948_2048l37"
                         BASELINE="3576,2558 3691,2556 3807,2554 3923,2554 4039,2554 4155,2552 4270,2552 4386,2552 4502,2552 4618,2554 4734,2554 4849,2554 4965,2554 5081,2554 5197,2552 5313,2552 5428,2552 5544,2550 5660,2548 5776,2546 5892,2544"
                         HEIGHT="99"
                         WIDTH="2345"
                         VPOS="2510"
                         HPOS="3561">
                  <String ID="string_region_1638884260948_2048l37"
                          HEIGHT="99"
                          WIDTH="2345"
                          VPOS="2510"
                          HPOS="3561"
                          CONTENT="S my last to you was on the 22: past sence non from you this then to"/>
               </TextLine>
               <TextLine ID="region_1638884260948_2048l38"
                         BASELINE="3560,2630 3675,2630 3791,2630 3906,2630 4022,2630 4138,2628 4253,2628 4369,2628 4484,2628 4600,2626 4716,2626 4831,2625 4947,2624 5062,2624 5178,2624 5294,2624 5409,2622 5525,2622 5640,2624 5756,2624 5872,2624"
                         HEIGHT="118"
                         WIDTH="2342"
                         VPOS="2562"
                         HPOS="3545">
                  <String ID="string_region_1638884260948_2048l38"
                          HEIGHT="118"
                          WIDTH="2342"
                          VPOS="2562"
                          HPOS="3545"
                          CONTENT="scary the inclosed bill for £250: ot att 3 dayes sight on Richd floot"/>
               </TextLine>
               <TextLine ID="region_1638884260948_2048l39"
                         BASELINE="3588,2710 3702,2706 3817,2704 3931,2702 4046,2700 4161,2700 4275,2700 4390,2700 4504,2700 4619,2700 4734,2702 4848,2702 4963,2702 5077,2702 5192,2702 5307,2702 5421,2700 5536,2699 5650,2696 5765,2694 5880,2690"
                         HEIGHT="99"
                         WIDTH="2320"
                         VPOS="2647"
                         HPOS="3575">
                  <String ID="string_region_1638884260948_2048l39"
                          HEIGHT="99"
                          WIDTH="2320"
                          VPOS="2647"
                          HPOS="3575"
                          CONTENT="which please to gett accepted &amp; p: dutt due time cost mee 35:7 which"/>
               </TextLine>
               <TextLine ID="region_1638884260948_2048l40"
                         BASELINE="3574,2782 3691,2780 3808,2778 3925,2776 4042,2776 4160,2774 4277,2774 4394,2774 4511,2774 4628,2776 4746,2776 4863,2776 4980,2778 5097,2778 5214,2778 5332,2778 5449,2778 5566,2778 5683,2778 5800,2776 5918,2774"
                         HEIGHT="98"
                         WIDTH="2374"
                         VPOS="2724"
                         HPOS="3559">
                  <String ID="string_region_1638884260948_2048l40"
                          HEIGHT="98"
                          WIDTH="2374"
                          VPOS="2724"
                          HPOS="3559"
                          CONTENT="stinck is better then to allow 35:5 a6 att 2 uso, &amp; haveing some monge "/>
               </TextLine>
               <TextLine ID="region_1638884260948_2048l41"
                         BASELINE="3536,2860 3651,2856 3766,2852 3881,2848 3996,2847 4111,2846 4226,2844 4341,2844 4456,2845 4571,2846 4687,2846 4802,2848 4917,2848 5032,2850 5147,2850 5262,2852 5377,2852 5492,2852 5607,2852 5722,2852 5838,2850"
                         HEIGHT="104"
                         WIDTH="2329"
                         VPOS="2796"
                         HPOS="3522">
                  <String ID="string_region_1638884260948_2048l41"
                          HEIGHT="104"
                          WIDTH="2329"
                          VPOS="2796"
                          HPOS="3522"
                          CONTENT="to remitt, die itt in one bill because, I could not finde itt bter wise"/>
               </TextLine>
               <TextLine ID="region_1638884260948_2048l42"
                         BASELINE="3580,2926 3691,2922 3803,2918 3915,2916 4026,2914 4138,2914 4250,2914 4361,2914 4473,2916 4585,2916 4697,2918 4808,2920 4920,2922 5032,2924 5143,2924 5255,2924 5367,2924 5478,2924 5590,2922 5702,2918 5814,2914"
                         HEIGHT="108"
                         WIDTH="2264"
                         VPOS="2859"
                         HPOS="3564">
                  <String ID="string_region_1638884260948_2048l42"
                          HEIGHT="108"
                          WIDTH="2264"
                          VPOS="2859"
                          HPOS="3564"
                          CONTENT="where fore I hope you will not be offended, that I draw on you to"/>
               </TextLine>
               <TextLine ID="region_1638884260948_2048l43"
                         BASELINE="3558,2996 3674,2995 3790,2994 3907,2994 4023,2994 4140,2994 4256,2994 4372,2994 4489,2996 4605,2996 4722,2998 4838,2998 4954,2999 5071,3000 5187,3000 5304,3000 5420,3000 5536,3000 5653,3000 5769,2999 5886,2998"
                         HEIGHT="121"
                         WIDTH="2356"
                         VPOS="2928"
                         HPOS="3544">
                  <String ID="string_region_1638884260948_2048l43"
                          HEIGHT="121"
                          WIDTH="2356"
                          VPOS="2928"
                          HPOS="3544"
                          CONTENT="pay out of that, valew £80: to mr George cole &amp; £40 to mr. William "/>
               </TextLine>
               <TextLine ID="region_1638884260948_2048l44"
                         BASELINE="3544,3078 3660,3076 3777,3074 3894,3074 4011,3074 4128,3074 4244,3074 4361,3074 4478,3076 4595,3076 4712,3078 4828,3078 4945,3080 5062,3080 5179,3080 5296,3078 5412,3078 5529,3075 5646,3072 5763,3068 5880,3064"
                         HEIGHT="135"
                         WIDTH="2365"
                         VPOS="2985"
                         HPOS="3529">
                  <String ID="string_region_1638884260948_2048l44"
                          HEIGHT="135"
                          WIDTH="2365"
                          VPOS="2985"
                          HPOS="3529"
                          CONTENT="scawen, both att 10 dayes sight att 35:7, so please to noteaccordingey"/>
               </TextLine>
               <TextLine ID="region_1638884260948_2048l45"
                         BASELINE="3560,3150 3673,3150 3786,3150 3900,3150 4013,3150 4127,3150 4240,3150 4353,3152 4467,3152 4580,3154 4694,3154 4807,3154 4920,3156 5034,3156 5147,3156 5261,3154 5374,3154 5487,3152 5601,3150 5714,3146 5828,3144"
                         HEIGHT="101"
                         WIDTH="2297"
                         VPOS="3103"
                         HPOS="3546">
                  <String ID="string_region_1638884260948_2048l45"
                          HEIGHT="101"
                          WIDTH="2297"
                          VPOS="3103"
                          HPOS="3546"
                          CONTENT="on yd scuritt &amp; in hopes to make use of some mony for y my suply "/>
               </TextLine>
               <TextLine ID="region_1638884260948_2048l46"
                         BASELINE="3562,3224 3677,3222 3793,3220 3909,3220 4025,3220 4141,3222 4257,3222 4373,3224 4489,3226 4605,3226 4721,3228 4836,3230 4952,3232 5068,3232 5184,3234 5300,3234 5416,3234 5532,3233 5648,3232 5764,3230 5880,3226"
                         HEIGHT="110"
                         WIDTH="2348"
                         VPOS="3153"
                         HPOS="3547">
                  <String ID="string_region_1638884260948_2048l46"
                          HEIGHT="110"
                          WIDTH="2348"
                          VPOS="3153"
                          HPOS="3547"
                          CONTENT="without loss have been bold to negotiate, or draw on you att 2uso £i0s"/>
               </TextLine>
               <TextLine ID="region_1638884260948_2048l47"
                         BASELINE="3562,3294 3675,3292 3789,3290 3903,3290 4017,3290 4131,3292 4245,3292 4359,3294 4473,3296 4587,3298 4701,3300 4814,3302 4928,3304 5042,3306 5156,3308 5270,3308 5384,3310 5498,3310 5612,3308 5726,3308 5840,3304"
                         HEIGHT="119"
                         WIDTH="2309"
                         VPOS="3245"
                         HPOS="3546">
                  <String ID="string_region_1638884260948_2048l47"
                          HEIGHT="119"
                          WIDTH="2309"
                          VPOS="3245"
                          HPOS="3546"
                          CONTENT="odd mony, the iust some not beeng yett mentioned &amp; thetime"/>
               </TextLine>
               <TextLine ID="region_1638884260948_2048l48"
                         BASELINE="3554,3358 3671,3360 3788,3362 3905,3364 4022,3366 4139,3368 4256,3370 4373,3372 4490,3374 4607,3374 4724,3376 4841,3378 4958,3378 5075,3380 5192,3380 5309,3382 5426,3382 5543,3384 5660,3384 5777,3384 5894,3386"
                         HEIGHT="126"
                         WIDTH="2372"
                         VPOS="3316"
                         HPOS="3538">
                  <String ID="string_region_1638884260948_2048l48"
                          HEIGHT="126"
                          WIDTH="2372"
                          VPOS="3316"
                          HPOS="3538"
                          CONTENT="beeng past that our letters go off thinck they will demand my bill"/>
               </TextLine>
               <TextLine ID="region_1638884260948_2048l49"
                         BASELINE="3572,3438 3686,3442 3800,3444 3915,3446 4029,3448 4144,3450 4258,3452 4372,3452 4487,3454 4601,3454 4716,3456 4830,3457 4944,3458 5059,3458 5173,3460 5288,3460 5402,3462 5516,3462 5631,3464 5745,3464 5860,3466"
                         HEIGHT="92"
                         WIDTH="2318"
                         VPOS="3398"
                         HPOS="3556">
                  <String ID="string_region_1638884260948_2048l49"
                          HEIGHT="92"
                          WIDTH="2318"
                          VPOS="3398"
                          HPOS="3556"
                          CONTENT="p: next itt beeng for the valew of henrij van horenbeeke, whichI "/>
               </TextLine>
               <TextLine ID="region_1638884260948_2048l50"
                         BASELINE="3568,3516 3682,3518 3797,3520 3912,3522 4027,3524 4142,3526 4257,3528 4372,3531 4487,3534 4602,3536 4717,3538 4831,3540 4946,3542 5061,3544 5176,3546 5291,3547 5406,3548 5521,3549 5636,3550 5751,3550 5866,3550"
                         HEIGHT="114"
                         WIDTH="2331"
                         VPOS="3488"
                         HPOS="3552">
                  <String ID="string_region_1638884260948_2048l50"
                          HEIGHT="114"
                          WIDTH="2331"
                          VPOS="3488"
                          HPOS="3552"
                          CONTENT="desire you to accept &amp; pass to my acctt &amp; when dew redraw on mee"/>
               </TextLine>
               <TextLine ID="region_1638884260948_2048l51"
                         BASELINE="3558,3596 3674,3596 3791,3596 3908,3598 4024,3598 4141,3600 4258,3602 4374,3604 4491,3606 4608,3609 4725,3612 4841,3614 4958,3618 5075,3620 5191,3624 5308,3626 5425,3629 5541,3632 5658,3634 5775,3636 5892,3638"
                         HEIGHT="116"
                         WIDTH="2366"
                         VPOS="3567"
                         HPOS="3543">
                  <String ID="string_region_1638884260948_2048l51"
                          HEIGHT="116"
                          WIDTH="2366"
                          VPOS="3567"
                          HPOS="3543"
                          CONTENT="in case not prevented by remises: our trade comes in also monyss "/>
               </TextLine>
               <TextLine ID="region_1638884260948_2048l52"
                         BASELINE="3562,3668 3673,3668 3784,3668 3896,3670 4007,3672 4119,3674 4230,3678 4341,3681 4453,3685 4564,3689 4676,3694 4787,3698 4898,3702 5010,3706 5121,3710 5233,3714 5344,3716 5455,3718 5567,3720 5678,3722 5790,3722"
                         HEIGHT="145"
                         WIDTH="2260"
                         VPOS="3628"
                         HPOS="3547">
                  <String ID="string_region_1638884260948_2048l52"
                          HEIGHT="145"
                          WIDTH="2260"
                          VPOS="3628"
                          HPOS="3547"
                          CONTENT="where fore hope to be aremitting more p very first whiest"/>
               </TextLine>
               <TextLine ID="region_1638884260948_2048l53"
                         BASELINE="3550,3764 3610,3760 3671,3758 3732,3756 3792,3756 3853,3754 3914,3756 3974,3756 4035,3758 4096,3759 4157,3760 4217,3762 4278,3764 4339,3766 4399,3768 4460,3770 4521,3772 4581,3772 4642,3772 4703,3772 4764,3770"
                         HEIGHT="144"
                         WIDTH="1246"
                         VPOS="3683"
                         HPOS="3533">
                  <String ID="string_region_1638884260948_2048l53"
                          HEIGHT="144"
                          WIDTH="1246"
                          VPOS="3683"
                          HPOS="3533"
                          CONTENT="I remaine with kinde saluts "/>
               </TextLine>
               <TextLine ID="region_1638884260948_2048l54"
                         BASELINE="3554,3874 3612,3872 3671,3872 3729,3872 3788,3872 3847,3872 3905,3872 3964,3874 4022,3876 4081,3877 4140,3880 4198,3880 4257,3882 4315,3883 4374,3884 4433,3884 4491,3884 4550,3882 4608,3880 4667,3878 4726,3874"
                         HEIGHT="125"
                         WIDTH="1201"
                         VPOS="3788"
                         HPOS="3540">
                  <String ID="string_region_1638884260948_2048l54"
                          HEIGHT="125"
                          WIDTH="1201"
                          VPOS="3788"
                          HPOS="3540"
                          CONTENT="the bill is £118:18:11 att 2 uso to"/>
               </TextLine>
               <TextLine ID="region_1638884260948_2048l55"
                         BASELINE="3542,3952 3608,3954 3675,3956 3742,3958 3809,3960 3876,3960 3942,3962 4009,3962 4076,3962 4143,3962 4210,3962 4276,3962 4343,3960 4410,3960 4477,3960 4544,3960 4610,3958 4677,3958 4744,3958 4811,3958 4878,3958"
                         HEIGHT="157"
                         WIDTH="1364"
                         VPOS="3858"
                         HPOS="3528">
                  <String ID="string_region_1638884260948_2048l55"
                          HEIGHT="157"
                          WIDTH="1364"
                          VPOS="3858"
                          HPOS="3528"
                          CONTENT="mr. seard La chambre for my acctt o"/>
               </TextLine>
               <TextLine ID="region_1638884260948_2048l56"
                         BASELINE="3544,4052 3598,4048 3652,4048 3706,4046 3761,4046 3815,4046 3869,4046 3924,4046 3978,4048 4032,4049 4087,4051 4141,4052 4195,4054 4249,4054 4304,4054 4358,4056 4412,4056 4467,4055 4521,4054 4575,4052 4630,4050"
                         HEIGHT="146"
                         WIDTH="1115"
                         VPOS="3961"
                         HPOS="3530">
                  <String ID="string_region_1638884260948_2048l56"
                          HEIGHT="146"
                          WIDTH="1115"
                          VPOS="3961"
                          HPOS="3530"
                          CONTENT="valw of H: van horenbeke"/>
               </TextLine>
            </TextBlock>
         </PrintSpace>
      </Page>
   </Layout>
</alto>
