7975 4581
771 198 2268 105 or lent rather would faine have a s mall curious assortement

753 266 2355 99 so leave that to you stl I doubt gott in with IW. of brussels againe

750 341 2357 116 for I have seen some of his cloathes: pray consult some what with

772 428 2274 120 Att. ab ourt sundry come I beeng advised that spanish soop, im. cases

774 501 2336 158 will rise here yealding ƒ23: aƒ 23: 10 att present & searey & some timen

752 577 2342 158 those goods rim up to ƒ 30 a 33 r myswifes brother hath bought

762 684 2250 105 a bundance of sugars, as barbados meyis &  most part arrived

748 770 2330 138 att ostend, & be caused of the frost can not come here so in case the

757 873 2355 131 jugard where good creap, wee would have somcas soone as he hare

750 955 2241 135 pay tell mr. Anneslay that Ben klerck is well arrived & that

759 1059 2351 119 I shall r writt him pr. next I can not butt complaine of geog

752 1147 2262 116 cole or att least as hepretendes those whom the 8 state of g

766 1207 2048 128 belonge to, because as he sayes: they have been a discoursing

761 1298 2361 145 my correspondent concerning my punctualytid they do bildane thet

762 1373 2292 156 mony is here so plenty that I do not minde I heirs if you concom

760 1450 2280 154 in de little stodiscours, pray do take tootice of my respect & beleave

736 1558 1519 140 that I lony to see some of yd lincs & rest

737 1614 2367 153 every one is for mony so that I am in no condition to lay outinu

763 1689 2335 145 besides goods so much resen in england will not much incorridge

752 1795 1893 149 you yett shall long th see yd opinion presolution

2076 1848 899 178 In Antworp 5 feb 1681

473 1857 788 172 Brugge Raphael coots

750 1928 2274 167 op 13 deser was aen ul mijnen leeften sedelde ul van 28 3 ditto wel ontf

747 2063 2289 105 de certificatie sel hope in tijts gecomen sijn huybreghts al hier is on willigh

734 2168 2390 116 om soo lanck daer mede te diliaberen, seygende den conteleur dat costij met

740 2224 2313 125 konhopen houden eghter hebbe hem geparswadeert, om arreure te gaen

736 2331 2346 126 better is als ul doet voorden wisselde van £500: hebbe ul gecrediteert

737 2398 2248 141 ul trato rost £480: wort prompt voldaen als mede dat ul wijders

740 2461 2298 159 sal disponeeren het packen canten gelieft aen in vallegoete senden

744 2555 2309 155 met ordre het selve te xpiederen als vorger, lienen dobbe ka wert alle

732 2624 2349 146 use verwaght, ten waer ander occasie p binlander voor N.8 adriture was

2101 2705 898 178 In Antwerpen 6 fed 1681

516 2719 1068 179 Brussel Bernaerd vander klooster

728 2838 2266 150 mons. in gesloten sijn staelen van dengelse ratinen ul een a 2 vande selve

747 2959 2302 126 gelievende hebt maer te commandeeren, sij sijn  & breet ruym en

707 3009 1982 125 35 a 34 ellen lanck a 45 stuijdelle sonder rabat a ul governo

721 3128 2281 103 hebbe ul bewijs van J. antkonio van Roosendael ontfangen, ende Jan

729 3221 2323 126 van bree belast sijn gelt te halen doch den selve moet noch meer hebben

728 3296 2307 130 als ul heeft opgegeven, want ul heeft niet in dachtigh geweest den fen

727 3382 2335 137 bay, den welcke ick leeft bij ul ordre hem heb gegeven ende aen ul oock

723 3443 2302 170 gesonden hij vraght daer voor ƒ24:- soo gelieft mij te laten weten, oft

686 3552 2384 118 Ick hem dat oock soude betalen om volle quitantie voor ul rek te heben

711 3669 2209 112 waer nae waghte als mede ul resolatie overde ratmen & blijve

484 3674 720 143 Ancod. John batton

2023 3713 1054 134 In Antwerpen 7 feb 1681

688 3725 2313 187 mons. Ick hebbe al differente de vroor gedaen om ul mee bale te vercoopen

714 3854 2343 163 doch daer en wilt gelijck niemant een, nochtans een van mijne ververs

729 3951 2386 138 presenteert daer 2½ sij voor midts conditie het te laten met verven verdin

713 4047 2350 126 soo in gevalle ul gelieft salse verkoopen en sien 13 & a ƒ4te bekomen waer

690 4118 2391 106 op ul antwoort verwaghte soo ul mij koude senden puyck goet soo well

702 4195 2411 80 crappen, on beroofde gemeene als bilione, ick sal buyten twijffele de beste meerte

711 4263 2378 75 konnen voormaken, want de ververs sijn mij geobliget in liver bij mij ieet

714 4336 1304 72 siblen geven als aen andere waer mede blijve

4939 147 974 146 In Antwerpen 7 ƒeb 168

3230 167 714 138 Bergen Loon Beltiss

3557 250 2354 129 mons. Ick heb den ul van 30 juni ontfangen met de twee stilderijen leven

3560 337 2295 107 grooten de selve gestelt daer sij soude moeten staen als mede de cleendoch

3524 405 2381 100 tot mijn groot leet wesen is d'een noch d'ander bequaem want voor vrinder

3555 452 2349 109 daer ick se voor ont bod hebbe niet konnen dienen de cleyne te cleyn sijnde ende

3566 528 2316 115 de groote te groot, alsoo sijn een konst kanier soude moeten dienen, ick

3560 589 2349 160 hadde gemeynt met groote leijsten de pleatse voorde cleijne te konnen

3555 659 2361 157 doen ver vullen, doch dat wilde oock niet wesen, andersurs de stucken soude

3560 731 2346 159 hun wel bevallen hebben, soo heefter ul geen middel soorte tusschen beyde

3557 814 2356 157 dese twee, soo sal moeten patientie nemen, mij leet sijnde ul dese moyte

3563 894 2331 167 heb aen gedaen sonde r effect, soo sende dan de viercleyne stuckies ende de

3179 1019 830 160 Turnhout Mert goedises

3596 1093 2282 133 inantwoort vande ul vemgist ende volgens ue ordre het

3538 1209 2351 129 goot aen ul verkogt messac p den vaermandie delijkn mij

3527 1272 2364 157 heeft gelroght hebbbe by fiwean tijt dienniet konnen besien

3560 1362 2346 131 ue besromve ue my uel daen sal, de wstken ul met occasie

3531 1474 2360 127 senden, ick sode het root laken weh naer mij gehonden hebben

3555 1546 2360 127 doch if wes algepackt & tot ue orde gerat en wil an de m niet tha

4906 1606 888 172 In Antwarp 5 fed 1681

3290 1607 740 183 London Henry Collier

3557 1703 2303 171 S my last to you was on thegcuritt then promised you all acctt the which I do here

3510 1788 2371 203 bj sended you accordingly, as well those of sale as curitt so that I tinck there wants

3539 1905 2337 182 nothing butt mony whoever please to examin every perticulard & finding and

3532 2014 2371 146 thingh to yd ordat my preiudice, to accquaint mee off by yd curitt which now ssend

3982 2079 67 78 110

3533 2119 2359 159 & that of ofr. June lastwast sold offor £1172:8:4 on goods: on acctt. of which

3544 2200 2318 188 you will finde about £53„ recd. included the £160: in southele drew besides

3523 2255 2386 221 I have £130 st ready to paj yd bill for that of John richebourght which I tought

3527 2378 2378 190 have remitted, butt now i supose I did well & that the ex be afalling with you as

3539 2453 2339 152 itt is here, because of some news so there with you will finde recd neard the

4288 2555 184 58 22 1o

3529 2571 2330 149 valew of goods sold till uld. June. sence is sold for £1636:14:6, which is not

3524 2650 2354 196 so long yett that I can not finde any reason, butt to have in answer here off

3492 2746 2402 181 yd approbations off all mony is scarey, & there is yett standing out of the format

3528 2853 2352 109 actt. besides £83:6:2 yett of the debts transported mee by the widdow bools

3524 2930 2366 127 for which I have formerly given you creditt: those debts I feare will most come

3523 3028 2383 147 to nothing: butt against that wee endeavoured att last so much & prevailed on John

3522 3071 2365 213 brouwe. so that there is £80: holants receaved & hope to have suddamly his last pay

3516 3221 2344 121 of his aggrement. now shall further endeavour to gett in what monies I can

3499 3295 2393 88 ofor yd acctt. & sell off the goods, of which shall want no others asortement, then

3494 3350 2354 126 now & then a bale of pure good & fine cloathes above 10 st a yd to 12 a 12:6 patt

3502 3448 2397 173 firthest, of which if you finde the opportunitie, you may provide borg

3500 3544 1543 146 quarts as here under & so with kinde saluts remaine

4001 3660 1820 130 mr. Collier in case you be incorridged to buy any thing an

4048 3749 1681 175 assortement of these cullours would serve

4012 3836 885 162 for 6: or 8 peeces viz

3992 3950 995 136 from 10 sa yd to 12 a 12: 6en
