8037 4588
535 146 965 145 Sed. fanears Korel ou

2014 177 1053 126 In Antwerpen 12 meert

805 225 2327 140 Mons. al hoewel 9 deser aen ul p. rapelinck is besonden van hcoots

804 322 2347 91 een pack M.N.1 omt selve p wagens mij toe te senden nochtans en vernamm

790 369 2318 87 daer niet van veel mindervan uk, gisteren moet costij op varge

796 447 2326 103 aengekomen sijn noch eenigh packen l waer van N.2 mett alle spoot

798 521 2320 107 pr wagens is geordonneert voort senden, oversulx soo desen noch in tyts

796 580 2199 84 comt sentN.2 & 3 sonder eenigh foute & laet dander p schepe

812 668 2252 100 comen ul antwoort verwaght morgen avont sonderuyt tell als

804 673 2307 136 mede ofte Joan mertens & frans dennick van costij sijn gepass

530 769 824 124 Brugge Raphael Coots

2164 802 874 108 In Antwerpen 12 meert

802 800 2284 172 so sedert mijnen leften van 10 deser de ul van 9 &10 ditto becomen venn

796 935 2254 95 pack N. 1 noch niet behoort veel minder advies van herrebout hetsen

790 1007 2244 96 te hebben ontfang soo dat tardeert oock, mertens noch de nich

826 1063 2176 116 schieten meeden noch niet op, verwaghtN 2 & 3 ƒ bargie & van

794 1134 2220 97 gent p wagens met impaslentie & eghter verneme daer niet van

790 1192 2277 128 nochtans verlate mij op ul genegentheyt & beloofte de 2 packen

817 1273 2286 116 aen boort adriaen de hals sal ul gelieven over te schepen als jul

814 1353 2270 114 aen boort mich deraes N.55 aen mess. Packering tRobinson

806 1413 2283 111 N.12 aen m will scawen teconsigneeren, seynd en aen hun een

810 1485 2233 105 cognostement tote aen mij, godt geven dat John nelson voor in

801 1559 2244 95 magh sijn gearrvveert als wanneen het versoeghte &N2 oock

813 1613 2249 84 verwacht gons advies van 22 feb van 3 deser geeft ons te kennen

811 1677 2199 95 dat hij dien dagh leete kesen soo behoorde omde goedenorde

823 1738 1047 120 wilde gearriveert te sijn

2168 1744 896 175 In Antwerpen 14 meert

531 1782 765 144 Turnhout Jan B. robert

806 1877 2178 150 Mons. sende volgens alt ordre p ul voerman tweestucken

796 1960 2294 140 serges gelijk aen ul staelen, maer de selve soude moeten kosten dertigh

794 2065 2231 96 Guldens t stuck ofte anders sal ul gelieven deselve wederom te senden

800 2119 2270 123 want die goederen seer op geslagen sijn soo haest mogelijk gelieft mij

824 2185 1438 140 detijken, te senden terwijlen blijve

543 2196 234 154 weert

2204 2241 871 124 In Antwerpen 14 meert

882 2261 523 105 AAredrix

792 2328 2048 120 J sende aen ul een stuck lanck breed serges van ƒ39:

2630 2398 257 112 „34:-

806 2399 788 127 tem een sweert perp

2394 2455 432 137 samen ƒ71:7

806 2500 2083 118 het selve in een pacxken p voerman Jacos colen ick en kean

809 2609 2193 78 aen ul niet mindersenden, soo het lanck breed ul aenstaet hebt maer

827 2667 2134 129 anderste onbieden de Engelsche goederen sijn seer dier geworden

822 2721 2241 136 & noch dier des sullen worden, & dat voors ul niet aenstaen gelieft

823 2810 1667 128 hert seve weder te senden waer mede blijve

2236 2873 837 128 In Antwerpen 14 meert

521 2817 1006 187 Brussel J PBonnerroy

814 2974 2280 117 jf den ul van 3 deser & de canten wel ontfang ick hope de naeste

773 3052 2267 70 weeke tot brussel te wesen oft den alderlanghste weynigh dagen

797 3107 2277 110 daer nae als wanneer ul sal betaelen en twijffele niet ofte nieu

810 3193 2226 107 stuck sal gedaen wesen ul kan oock eenigh traille wersck gereet

805 3294 2218 93 houden van ƒ6:15 gelijk de best soorte oock van ƒ 9:10 toft 160

803 3347 2145 116 Ick wenste wel dat ul voor mij gelieft de te betaelen aen g

774 3418 2256 104 timmermans aghteriel hayserƒ 33 voor een ½ jaers mont coste

817 3493 2247 122 van entrina van hove met ƒ6 voor haer speel gelt sijn sam 39

832 3549 2250 151 ofte ten minste aen haer segen dat ick last hebbe van haer moeder

521 3626 893 154 Brussel And. Artsens

2316 3652 701 155 In fntw 14 meert

798 3717 2286 157 mons. ick hebbe aen ul deweeke de twe witte samen £250:

795 3844 2245 89 gearcopt terugge gesonden, ende gedacht de rest £50 op mij sond

762 3913 2277 95 hebbe getoocken den alsoo niet is geschiet soo dint voor adise

816 3975 2226 135 das dat ick hope in het eijnde van dese weke oft ten langhst10d

799 4080 2188 115 bij ul te wesen als wanneer het selve selr sal betaelen

796 4148 2289 129 als mede de £250: soo ul die mij renndeert ht welke ick ett

792 4242 2282 101 een pertije verse goederen ontfang soo spaense alsandes soot

806 4333 2142 95 in gevallen aets kan bedienen gelieft te commandeere

3352 182 945 120 Lauton thomas Ledgingham

5031 200 902 126 In Antwerp 15 marck 1

4321 221 179 103 ƒ6

3584 270 2301 152 S in answer toyd of 26: past when the desired s ½ yd white perpetuanios

3545 344 2394 139 shall be ready, please to ship thematt Exon for Bruges to be consiyned

3567 435 2365 138 to my order, ship them aboard such vessels as shall de part first for Bruge

3563 514 2342 90 & mr. Anneslay shall pay you the vulew, so you will do well to adnise

3572 588 2357 109 him what passes & sendthe acctt. to him I hope they are bought by the

3554 660 2319 101 time for I want them & could wish them herewhich is the needfull att

3573 722 714 114 present ro

5291 746 651 151 In Antwerp 17 me

3311 754 725 162 Brugge Roup: Coots

3558 873 2356 134 mijnh. Den ul. aengenamen van 14 deser sijnder tijt ontfangen

3570 958 2356 125 hadde gehopt met den selve tarrivement van John nelson teverst

3563 1021 2312 141 daer seer om verlangen p Bendichus van vlarding verwaghte

3548 1132 2369 125 behalve, de twed packen N5„ 6, noch het N 10 met 30 sery

3557 1221 2362 86 & H met te modecols. lakens, waer voor ten arrivement het

3528 1280 2241 105 noodigh, gelieft te besorgen, terwijlen nae groet blijve

4988 1361 926 120 In Antwerpen 17 meert

3300 1311 854 153 Turnhout Jan B. Robert

3562 1421 2368 127 Mons. in antwoort vanden ul van gisteren verwondere dat ul

3564 1516 2374 106 niet te vreden is met geene het geschreven rakende den prijs van

3568 1570 2336 119 serges want die self hebbe moeeten koopen, alsoo ondermine

3548 1623 2365 108 geene volgens ul stael waeren, de welke waert saecke daer hadd

3526 1721 2378 99 bij geweest niet meerder als wij geegcordeert waren soude

3542 1787 2401 100 gestel hebbe, maer alsoo den voermant, jaer om verlegen waert

3533 1850 2395 114 heb die cols. op een geweest soecken, ende daer om geschreven da

3542 1942 2386 136 soo de selve ul niet aenstant mij soudt hebben weder te senden want

3566 1994 2359 144 ick niet verobligeert ben die te leveren om diswille dat ick me

3562 2079 2366 126 versekert en was wat coll. ick soude ontfangen, als ul daer pren

3560 2146 2377 116 met mij sprack is ul daer niet mede te vreden sal ul weg bij de hed

3543 2220 2395 128 brengen daer die 2 stuck hebbe gecocht soo verstaendaer niet aente

3539 2302 618 86 verliesen

5137 2291 794 172 In Antwerpen 17 maer

3265 2288 1415 171 Amsterd De Hulter WanHomright

3532 2406 2404 112 less. sedert mijnen leeften van 10 deser den ul van selve dato bekomen

3531 2479 2375 92 Den welke midts mijne absentie niet eerde hebbe beantwoort tuss heeft

3540 2528 2383 101 ul nu hier ingeslotende versoechte Rek van verkoop van de 70 vaten boten

3548 2615 2336 106 de welke dacort bevindende vervolghens gelieft te noteeren, sijnde op

3543 2666 2341 134 ul rckcourant in creditt £154:9„2 en vinde maer weijnigh vragh

3546 2739 2369 125 tot meerder prijs pertije, soo dat ul weijnigh kan in couragie pertije te send

3556 2796 2377 118 evenwel alsoo de Engelsche & gersche boter vrij magh inkomen sonder eenig

3540 2870 2366 118 deminste licenten te betaelen, soo kan ul meer weijnigh oft niet misdoen

3562 2949 2368 128 herrewaerts te stieren, waer in eghter naer well gevallen gelieft te doen

3548 3012 2363 110 terwijlen ul sich magh versekere dat aen mijnde broor met sal mane

3548 3095 2315 113 sijne intresten als eijge waer te nemen de ick vande tapijten & goude

3523 3154 2315 113 beiren volght p. naeste, alsoo de onkost rek op Lillo af wachte, de

3532 3242 2291 108 bewieste bosschagische tapijten staen oock eerst daeghste volgen als

3541 3328 2088 92 wanneer cato p costij gexpideert worden middeltijt blijve

3318 3352 651 158 Brugge Rap: Coots

5038 3390 824 110 In Antwerpen 18 mars

3544 3453 2274 110 Mijn h. gisteren was aen ul mijnen leeften, sedert den ul van 16 deser

3540 3502 2371 125 ontfangen, waer door het arrivement van John nelson verstaen, ende

3524 3595 2386 96 dat ul mijne packen opt spoedighste sal depesseren, in sonderling RN

3550 3681 2348 87 d'welke wenste voort eijnde van dese weeke hier hadde om dat naesthomen

3536 3770 2342 106 sondagh voor weynigh degen moet uyter stadt sijn, oversulx gelieft daer

3506 3832 2407 82 geene tijt wijt verseijmen, daer is s a l packen aen boort Joan neson voors

3491 3896 2399 113 voor Rich. sonthell van Rijsel uyt een vande welke eenige mu shus bruyn

3536 3963 2330 126 dosijnen lakens oft andere moeten uyt genomen worden, volgens hij ul

3526 4035 2342 122 sal adviseeren om die dan aen mij te senden, oversulx gelieft daer over sijn

3534 4118 2345 117 ordre af tewaghten, alvorens ul die packen voortganck geeft waer mede elen

3532 4200 2381 107 Nod. dat int pack serges aen boort van vlandingen eenige weijnig sijde hoossens

3524 4268 2324 118 sijn, doch dat die niet konnen gesien worden, lyhter gelieft de sooge dae op

3515 4313 589 100 wat te houden
