8569 4642
2625 218 548 134 wapt 1682

898 203 572 163 Brussel mr Kints

1151 309 2181 131 In antww aen den ul van 5 deser, en begeere as souet geen begonne laecken

1150 391 2227 144 weder te aenveerden, maer ben te vreden de sake te laten uyt wijsen door die present

1134 487 2261 142 sijn geweest, aende ben te koy als ul hier was & die de woorden gesoort hebben

1153 582 2177 171 wat mij gesprwocken hebben, ten is niet genoegh met u osinie te volgen

1166 665 2227 137 het gelt aen beamus is getelt, & hebbe hem selfs daer over eerst aengemoett

1150 760 2221 118 te comen haelen de bewijsen op mijn hr horebeeke en sullen nogh niet light

1136 860 2226 129 bet oorden, den klenck soght als dat daer moet aen geert woorden

1137 971 2209 108 20 en een Roste penninck, door de staten geconfint. dat is s17 1e se

1142 1040 2231 132 van yder ƒ100-, soo soude ul voor die bewijsen geen ƒ300- connen ontfangen

1146 1133 2233 159 soo gelieft mij te laeten weeten wat icq daer mede doen sal & deƒ 400

891 1243 1148 160 Mons van annoeet sijn niet ontfl 9

2749 1323 349 123 a 10 d

911 1344 832 142 Brussel mr. nicolaes templae

1138 1399 2200 164 j'espere la continnatd. de m. tante & mad. ord. shere Comp, & que t'auroy bien tost

1135 1522 2235 107 l'honeur de vous voirte icy, puur que je suis si bien porveu de toutes sortes de mainfactures

1135 1630 2228 136 d'Eng, aussi bien que de drges alla mode d'hollande & de noirs debous prip, oul tre

1151 1722 2163 139 ue gran partie que j'attend icy dam 8ou 10 jours d'Eng. tellement que je suis

1147 1792 979 145 bien asseure de vous bien service

1078 1894 110 81 m

2807 1897 257 124 a 10d

919 1909 735 151 mons m. Jacques irier

1760 1970 167 99 ick

1133 1957 2162 147 en suite alla cra. du 6 cour. J''ay donne a mon. van lekhoven d lett. enser

1142 2077 2226 150 propres mains, & il m'as respondu de vous avoir escrit, & qu'il vous responderoit alle

1148 2172 2230 133 vre. surderde, entretemp je saren bien aise de vous voire sey avecq m. Templar ale qpelle

1139 2275 935 129 Il vous plara denis carde encluse

2819 2356 218 143 C10d.

908 2354 938 133 Lille mr Richard Seut hill

1141 2423 2167 202 Deasterday reed. yd of the 5h & this day of 9 cur. John vale takes care for no bills

1149 2560 2206 129 si have p £200-  for acctt of S.C, & this day £200- of my acceptance with

1148 2639 2213 124 4 dayes must pay £230-  more, so shall be forced to valew on you no less the

1153 2742 2203 126 £200- flemish, IS. did promise witheut any doubt to provide for the last E100eae e

1155 2823 2256 145 yett kees as backward as for his other bills, & for mee to go sether i can nott, butt

1144 2899 2199 162 if he doh not do what he promised, shall imploy mr. Sabberton to progose

1161 3012 2236 123 artieles of sicuritie, or to sime him by lae, I doubt H.M. is deeply in with him

1153 3101 2227 123 & happy J. if he be rot concerned with outhes att Epon or Randal att london

1131 3194 2242 146 I hope you are not engaged with either of them, had young vander vorst here

1145 3290 2208 117 not so good & broad a back doore of his father & boothes, he might have been

1128 3376 2212 129 blownes up by them. god in heaven comport all loosers. HCtello mee & his

1136 3464 2208 149 last of some thoughts he hath to make a step over to cleare all him self

1140 3571 945 149 which I could wish he did

2799 3665 251 146 C 10d

925 3671 836 176 Brussel m Antonni Rosseau

1126 3745 2273 150 ensuite della vre du 8 cour. J'ay bien reccu le pacquet contenant lee 4 petiten quisone

1136 3874 2231 137 depechen aujourdhin & lemestaster Jug. van Ardenboph Brieuporte  m. Michel de vallege

1128 3943 2258 220 & sudre m. od., les vre. dantelles du nre vol suiveron a vre grace diman ayenty le

1135 4066 2277 187 present drap des affaires qu'il m'empesche deles pacques, entretem j'as prye

1136 4124 2277 220 de gra envinon ƒ600- sellement que vous me pouvez bien end. Ebon d. ƒ360-

1116 4266 1087 174 on ƒ400-, estant avecq med

5901 244 142 64 190

3488 194 598 177 London m. Jenny Maiynard

5259 241 541 142 11 april 1681

3616 357 2437 142 In my last to you on the 8 curtt. are omitted the inclosed actt of sale here also you a fnall

3626 455 2427 112 remise for £62„ 15„ 9 att 21½ on m. Bandon & Garduer att 35:2 for which wher rec please

3616 566 2449 115 to given yd acctt. credit £110:8 f. I have no news of klanck nor Pindrs, god send them

3616 640 2426 141 wath salvo, butt wee have had haid weather, & now easterly wind, I have non of yd so auswers

3486 736 774 144 London mr. Bawdon & Sardrier

5388 781 202 110 C 14 d

3637 851 2354 136 I hare recd yd aggreable of 6 feb last in due time with the inlloted of m. will. sealy of

3631 977 2397 108 Exon, whies onder in now penformed according to yd. desire, for the valew of £198.15„6 flems

3617 1068 2435 97 uyon acctt. of which have this day drawne on him in Epon direetely £50- att N27 att 353£ 88:2:6

3608 1144 2190 142 & also my bill on you payable to the ord of m Deury Maynard att 2 vro £62:15:9 att

3614 1229 819 140 35: 2 which is as I make itt

5676 1250 351 115 „ 110:3:-

5181 1302 848 175 Ath mottesoman £195:13:6

3625 1406 2417 153 for which please to give due bonour, & pass to his acct. accordingly not doubbing, butt that

3631 1522 2345 153 m. sealy will do the same for the £50- whilst I returne you shanckes for yd

3624 1600 454 131 raccomand

5566 1663 239 130 C 11d

3494 1673 1025 183 Mechelen m somelis van Aken de Jonge

3616 1806 2441 143 volgens het monster met den ul van 4 ap ontf. sijn hier lijnwaetten genoegh te becomen

3624 1895 1801 161 a 15 st d' elle, ul daer in hebbende te dienen gelieft te comandeeren

3503 1998 587 166 Eon m. aitl. Sealy

5592 2017 214 132 a 11d

3623 2070 2348 174 mij last to you was on the 4th curtt with a note of the contents of the 15 opheads of

3604 2195 2400 135 cloverseed ships aboard ohn Ewings, which I supose is with you by this sime, inclosed

3602 2308 2405 144 you gave the persect nvoyce, the charges come to more then I axspected, yett itt beeng

3615 2404 2384 132 a furthren com. & haveing dispaled dispatched forward with 3 a 4 op headt att a time

3624 2496 2356 117 to loose no opportunite hath cost itt sone what more then odinary what where wee

3605 2601 2409 133 have a vessel to purpose, with in the land, to brng itt aboard of the ships that arc to

3600 2691 2417 120 take itt in yett the goods are so much the cheaper & better, so that I am fure you

5802 2783 98 91 163

3600 2812 2408 138 will sell as well as the best that brought any to yd markett, though by yd of 22

3602 2918 2398 126 past you advise mee that the markett is supplysd from Rotterdam yett that can not

3608 2979 2396 157 make the markett fall, for tis much risen heare, nay some countrey boores, will sell

3609 3091 2387 127 by nomeanes, & dare say to kap itt & that nopt season itt must yeald 8 f whoever

3614 3219 2363 125 to you, as you shall yudge needfull I assure you that I have don my self nt most

3602 3303 2390 138 to give content the valew is £198„10„6 for which have drawne on you dixeetely

3617 3374 1801 138 payable to the ord of m. will. Lobbes £50- att u30 att 35.3 .

5615 3386 359 119 £88.2:6-

3615 3486 2296 153 on mr. Bandon & Gardner in londen £62:15.9 att 2120 att 35.2... „ 1108-

5576 3554 374 131 £198:10:6

3608 3642 2421 160 which I hope you will finde to aggree, I do recommend you the bonour of my bills & I

3614 3756 2379 110 case I can serve you n any other occasion, treely con e, whilit you may if you

3610 3837 2409 120 please advise mee, if you do understand or deale. in the serge trade, as also as desired

3603 3916 2396 154 what man m. Lobbe e Comp. are by reputation. the goods wore shipt before yo

3616 4041 2303 126 last letters came te handes, so could not recal what was already shipte
