8494 4615
2195 205 848 143 antwerp 15 agosto 1682

1196 221 660 138 mons raphael Coots

907 216 235 162 bragge

1178 317 2272 137 mons: gisteren heb ul versuynt te adviseren dat ul soude gelieven

1174 421 2225 87 adriaen de Raes iognossement doen teeckenen over een pack no 25

1185 531 2263 80 met 75 tijken aen Toames pickering en leonard &obinson, daer en boven

1175 585 2278 93 een voor een packen NV met a 80 wit Eijnwaet van 12 stuyversdel

1196 670 2241 112 gead: aen abraham Vivian van londen, voor de tijcken volght

1178 724 1421 147 ierdificadie per naesten & naer groeteni te

948 805 812 138 London abraham Vivian

2187 793 873 161 Antwerp 15 august 1682

1167 910 2310 131 S mij last to you was on the 12t unt sence non from you, so this onelyts

1181 1016 2266 121 give you an aust. hou I finds the goods recd. viz: the 2 bales n 59 & 60

1159 1125 2294 109 grove vire well andare sold all butt 4 p: n°61 and 62 prove in different,

1177 1164 2300 112 bast rather to deare, because wee can nit make good intrest by then

1149 1276 2288 120 for my order was from 3 ƒt a yd to 3:6 & 8 pence, that is butt for

1177 1322 2266 166 some, and not that they all should be 3  7:8 & 9 pence, so there

1171 1404 2294 125 in is agreat mistake & qni must wel. eafresly charge m. potter not

1170 1531 2272 113 to aceed 3:6 pence butt all ander 3:6 or 7 pence, or alee wee cannet

1168 1590 2237 124 to wel advance by them, our customus will not beston more then

1163 1692 2297 130 42 stivers for dosino, & then they must be good soo stee have had dofins

1171 1769 2222 124 ander 3:6 that were as good as these, m. potter must obserte the

1174 1875 2294 112 breath for his dosins seld om hold but ¼ of nyd soth lists, endall

1177 1947 2266 140 which is a great fault, & some northrens happento be so narroa to

1171 2050 2204 99 sthers fore he mast toke an espetiall carito make them no less then

1161 2097 2291 158 ¼ of ayd broad with in the listo. n°63 with red & blee, are to 3 would

1165 2191 2229 115 hate them, butt he bath bestowed to misch, wherifore order hants

1155 2294 2272 137 send anothes baleto bon other 8 reds & 2 blews as they were butt he

1153 2382 2306 149 should give nomore then 3:7 att finthest, & Rather less abordinghe

1171 2461 2297 108 can meet with them I have sold 28 dosins 6 oeds & the 2 bleews, the bay

1147 2564 2297 152 n' 64 proves agreat mistake, for I desired mint & red kersies, & yn

1144 2662 2279 144 send mnt & red cloathes, for itt is no fort off kersie, bust a binde

1151 2750 2315 138 of cloth, which is not proper for this countray, yet shall inde a tour to

1154 2850 2318 144 dispose of them the white kersies in N67:68 & 69 are well, or on differenty

1142 2902 2341 185 one fault in the 22 yds that yd freind hath not obleobed, my instracted

1150 3000 2331 172 in thier beast for off the 22 y there is nostone excceding  off ayd, & t

1149 3102 2321 138 can sell non except they be ¼ of ay & 3 a 4 nches fall broad, so that

1144 3185 2303 144 I shall have much a doto dispose off them. wee shall neverhave, soo

1143 3263 2288 199 good kersies as we had from m. schpping: these see John holgoids

1163 3355 2297 160 bought, & would hate yui do noncore with him, butt rather prceed

1154 3491 2226 118 nith m. noter in all yd: concernes for & do muth feare the

1155 3566 2308 117 neee man to, as I doubt by the past & prises my orders oft 2 may

1150 3629 2307 147 ras was for 5 bales off dosins 3 bales of northrens from 3:10 to

1146 3722 2260 147 4:4 & 5 bales off fine northrens from 4:6 to 5ƒ a yd. which

1143 3764 2341 207 S supose are mot al bought, yet I hope my last order shall come in

1141 3894 2337 148 fincto contromand some drap & calloins in eath bale, & to patt dar

1163 3977 2313 181 grayes insteed & lett rather the silve grayes be futt by, for I finde by the

1159 4110 2287 116 demand that one or 2 drap cullours on each bale will be enongd, because I

1142 4192 2295 126 finde so good content in the northrens of abour 4 ƒ a yd. as n° 60 wase

3615 207 2484 119 would have you order m. Potter to buy 2 bales more of that sort, so then to be 5 bale

3607 290 2469 114 cloth In all, of that fort, as well as of the dosins, & fine broad cloathes, latt these 2

3609 365 2444 115 balet be assorted in cullours at the otlers onely 2 draps in each bale, the rest modich

3613 451 2512 97 e grayes as formerly mentioned: lively cullours, makes lively sale, there want 5

3593 501 2526 160 aertres M yd. & 55 of t0 yd. to compleat my order, which I hope will prove bede

3603 620 2495 121 then these now recs lett 10 white ones of each sort be bied red & ordered as saal

3598 675 2461 168 goods are u sually don up, to besent hether by them selves, as some as pou

3606 766 2492 159 Iave exspect the bays mentoned, & att least of each sort of cloathes one bale

3605 919 2479 136 by fm, for I sell as fast as Jear the remaindens, and shall sence forwaed

3613 982 2462 121 have no more goods scom the noour, butt from you, so that you will finde my

3620 1079 2442 120 orders much larger, then ever before, & I hope the proffitt to boath our content

3599 1199 2467 137 where fore desire m. Petter to do in endeavoair, & to observe orders with all ford

4699 1247 53 68 2

3624 1248 2040 183 puncuallior, & advise mee, sow to ged. my self accordingly beeng

3475 1331 680 177 London Henry Maynard

5509 1393 553 168 C 15 aug 1682

3616 1475 2434 143 In answer toyd of 28th past tis well what you ave don, about the bill of H. C

3609 1590 2464 114 yd bill I have accepted, & shall be puncually fayd, & past to my acctt. I take not ce

3620 1690 2440 121 that the turkey comp. sath ordered slupping, & that ther fore reds & whites will

3613 1774 2451 131 rather advance, then deelyne, soas tis vere good you bought the reds & pack whiter

3585 1860 2451 136 before that order come out: I could with you had bought some iwer. rd & E5 yallon

3601 1969 2450 122 marchx also, yett I rope they ae rather less in prijse, esoever, lett them be what

3584 2070 2510 119 they will provede of each sort 5 p p ven futto my custndrs do emplaine of the

3594 2140 2441 153 last, as not beeng milled thich enougs, so pray endeavour to have good goods. the

3610 2216 2470 176 goods from aboard mason an ben exspected within 2 3, god send klarck speedly

3621 2312 2445 179 over, for swant the 6N. l other 5p first, I would dave you desire the makes

3613 2473 2451 124 to make thene as formerly, for the lenght is not considdened, except itt be of the

3611 2560 2463 135 same qualite, for our reverend fathers beleave, & an of opinon that what they

3613 2619 2467 144 ue langee, could fare been milled in, & should hare ben to make them of forman

3596 2699 2427 189 qualitie, & you know tis a sort of perple that an ven enming, so wee must

3604 2858 2479 124 endeavour to please them, & itt will burne to our intrest. I do exspect the

3611 2909 2480 137 spanish cloathes desired, for air demand & sale comes on a pace which will doubt

3593 3033 2491 133 hets bring mony, to remitt you betder then retherte I have don you will do well

3602 3085 2421 207 do pick up some spanish cloaches now & then to make up 2 bales according to

3603 3219 2449 163 these inclosed patt. & prijses. I lope the red kersies will come in time with

3588 3281 2494 188 smuch, for I do much want them, & seeng you feare that bayes will not prove

3612 3407 2431 152 to content, I woild rather save you contramand them, jn good goods must do

3596 3492 2479 153 our bustijnes. as for northren cloathes, in case you go to the neres I shall send you

3597 3604 2482 156 patt. for one bale for a tryall, other wise desire to be excused, for I finde my sil fr served

3594 3700 2479 163 from the noith to content, where as never yett could do much good upon y. I lave seom

3598 3759 2455 189 you peither in gaine of proffitt, or reputation by selling. of yd nept please to advise

3609 3873 2433 155 mee what the swanthins bayes sell, for the green & yallow streephes for I want 8 p

3597 3961 2476 178 which I would have you buy, if to be had as formaly for 66. 67 a 68 s a good, thereby

3617 4058 2432 154 25 of tersie cottons of about 40ƒ & 2d. of aboue 48ƒ butt if that com be risen to much

3618 4134 2449 101 or deau as last Geare, so please to medele with non, except the wantkins bayes, which might

3589 4204 2446 133 be packett amonghst the pack whites, or as you shall iudge convenient. inclosed acctt of

3595 4293 2375 150 sale of last month, which please toepaimm a finding right notw accordingy & advise mee
