8419 4622
2007 203 786 119 Antweop 11 sber 1682

671 198 766 127 andenarde franchois bie

952 293 2361 180 Mons: sedert dat ick mino deser aen ul heb geshreven ben uijter stadt

958 435 2390 115 geweest daer en tusschen, en berinde van ul geen advis oft ul den nisselbrieft

959 529 2360 99 betaelt heeft ofte niet, de welck niet wel van ul can afnemen te meer

969 581 2363 118 om dat mons baert sijn gelt niet langer derven wil, oversulckx ist dat

950 668 2357 123 ul niet en betaelt in antwoort deser sal genootsalckte sijn selfs over

956 728 2396 106 te comen en sien in wat maniere ul mij dan can aclayeren, betalinge

965 810 2363 131 voor een le quite wisselbrief, daer ick met alle urcliteyt mogelijck soeke

958 892 2379 116 met ul te blijven handelen, oversulckx en gelieft niet de manqueren

958 990 2114 125 aen mij te laeten weten om mij volgens te reguleren synde

722 1003 688 173 Londen Henry Maynard

2715 1047 501 153 12 dbrer 1682

938 1100 2370 176 my last toyeu was onte 5 Cutt to which referre you, saveing sence non from you

948 1227 2364 142 so this cheefly for covert to the inclosed bills 4856- on genge wills & Rob. scholt boock

932 1328 2396 131 sillerd in london of 29t past 2v2o att 34:9 is th £78.:5:6, as also £100  on pr. de

949 1402 2364 137 cocher ats 2 13o att 34:9 for boath whicl please to procure the nedfull, & pass to yd

966 1513 2347 116 owne acctt. if you orders the gold, itt shall be sent you, pray draw no more, & I'll

948 1597 2370 128 endeavour to remitt the needfull: inclosed patt. & iustructon for one bale of spanish

948 1658 2390 146 cloathes more which lease to provide with all connenient speed, af also what elee erlave

941 1766 2389 133 In ordered. Ben: clarck & fenwicl are well arrived, I could wish that smit was also

946 1870 2390 165 Godt safe over, for I do muel want the goods on ui board, you please to rovide one bale

950 1975 2382 144 of reds more, 1iz: 3 of about £10- ap, 3 of £10:10, & 3 of £11- a p with 3 aurorars of

951 2026 2360 177 a deep cullour, besides, procure some whire 5 pack whites of about £30  the 58 & gett

937 2131 2384 154 them daest, to be fitt to be diyed sere, please to order the reds to be meesured eaut

933 2256 2366 151 by itt self, and each ½ to cont. a immmber and a particolar note of such leught is

943 2321 2389 130 the ½ p. doth gold, & not to measure the wiole p. for wee often sell halfs, and tlose

925 2448 2396 103 each ½ doth not cont. a parknent leught wee are att a loss there for lett that be well

933 2526 2376 118 observed, I desire furthes you provide in the norts one bale of white & light grayes

955 2618 2331 124 according to the inclosed patt., & sustrnchion, & lett all pon endeavour don, for goods

943 2692 2386 163 will bought, & conditioned tuce to good acctt & give incoridgu., whee to the contrary

950 2778 2349 155 nothing gives less content & proffitt, then a com which is ill bought & ondere, the

932 2895 2313 144 rdst is re seared to yd. experiency: faile not to dispasch cottens, pack whites

947 2989 1939 136 & the C.M silver marex with formar ordered spanich cloathes

975 3071 2367 168 iecust trouble you with a com, which I lope you will not negleets my vise

951 3156 2357 167 beeng with csild is advised to drinck see because of een sneiposio, & no good

931 3268 2387 199 one beeng to be had in towne, desire you to send 20 a 24 bottels awa dubble

776 3382 2536 144 cath mode uy with heye or wooll, so that they do not breake, & lett itt cost

938 3475 2343 164 whas itt will, do butt send good, & well condisoned,  vere first, you may gett

937 3585 2395 163 the bottels made up n an amper, or rather in a barnell, so as best shall

938 3678 2400 175 be shought conenient, there is binlanders dayly coming from london to come

947 3777 2387 172 direetely or as you shall iudge comiement provided itt be so covered that I be

933 3903 1335 159 not cheased by the seaman or undenvay

5898 208 163 118 233 p

3390 187 688 155 London m Ab. Jivian

5160 200 648 169 @ 12 sbre 1682

3569 288 2426 215 mij last to you was on the s Cuitt sence non from you, I do much wonder to

3573 395 2436 199 finde no acctts. of bayes & goods shipped aboard smish, I am att a loss, & so troubled

3574 509 2462 155 as never I wat before, & that onely by yd negligence, pray gett what goods you can

3571 600 2447 207 aboard Smish and no lost then 3 bales of cloth by way of Rotterdam I srst

3550 731 2450 140 & the rest of all my orders compleated f Pindar on which I do depend, inclosed

3559 815 2432 176 £100-  on Jld Heys in london due oth curtt. for which please to procure

3574 916 2447 209 le need full, & past to my acctt., I shall send you the actts of sale wxt post

3587 1066 2426 163 & more rimises, for I must be suplyed with goods, or I amoutdond by all our

3570 1137 516 129 braders here

3370 1222 667 191 dermonde Jan de la crois

4786 1292 405 132 @ 12 ditto

3566 1352 2409 214 mons. sende aen ul per beurtship ordinaire een pack gemeockt als hier

3583 1471 2372 163 onder droogh en wel geconditioneert, om daer mede te volgen d'ordre van

3566 1544 2439 189 mons andries lison venaet, betaelende vracht ete naer reden gelieft bij

3581 1614 1618 150 hem te vinden waer mede naer groetenisse blijve

3388 1639 883 173 turenhoujan elen verdonck

4755 1716 410 106 @ 14 ditto

3558 1776 2478 186 mons ick en can mij niet genoech verwonderen dat ul mij geen tijcke

3560 1878 2443 174 en sent nademael nu soo dickmaels ul daer over heb geschreven, ende

3557 1942 2371 164 de selve soude versenden comen, soo bidd ick ul andermael tegens

3558 2046 1924 153 donderdagh de selve te senden waer op verlae blijve

3373 2126 729 152 turenh willem sanen

4859 2184 296 118 14 ditto

3536 2230 2417 193 mons: alsoo ick dese weke packen moet soo versoeke dat ul mij soo

3572 2323 2504 219 veel tycken gelieft te senden als ul mogelijck doen can en ul sal mij

3567 2413 760 145 verobligeren blijvende

3373 2494 725 166 surenh Geetard de mijs

4850 2525 272 153 14 ditto

3547 2645 2414 139 mons ick had ul hier verwacht, maer waer om ul hier sijnde niet

3551 2732 2477 151 en en is naegecomen en wete nmet, ick soude dese weke tijcken connen

3559 2806 2473 172 aersenden oversulckx gelieft mij te besorgen soo veel als ul mogelijck

3577 2880 2449 211 is waer op mij sal verlaeten ick hebbe veel versch goet gecregen ende

3566 2958 680 157 oock stoffen sijnde

3556 3049 566 157 Jan vande ven

4854 3099 283 129 14 ditto

3380 3162 2665 203 tureck mons ick ben verwondert, dat ul mij niet en voldoet tselve en is niet

3568 3293 2370 129 wel gedaen ick socke noch wel meer te handelen maer alles tot

3540 3402 2423 157 contentemen van malhanderen oversulkx verwacht satisfactie

3576 3447 226 114 blijve

3362 3479 777 184 amsterd Robert Hertely

4845 3524 298 130 14 ditto

3560 3615 2409 122 mons: 3 deser heb aen ul geremitteert £301:3 courant gelt in

3551 3719 2455 135 amsterdam ten laste adriaen de connoij d'welck hope ul wel sijn geworden

3558 3776 2314 154 alhoewel dis wegens geen antwoort heb vernomen, oversulckx ul het

3550 3875 2144 134 noodigh aen mij tadviseren terwijlen naer groetenisse blijve
