8501 4629
2203 228 818 103 Antw: 12 sber 1681

755 245 1134 95 gent Geraerd Timmermans

982 321 2203 118 Monsr. heb ul 2 lakens en 1 kersije in een pack gesonden p. beurtscis aen

993 379 2216 134 monsr. francois Herrebout die het selve ul sal besorgen en is gemerckt

994 480 2317 164 IN.1. ick hope dat het tot contentement & profijt sal dienen ende om

995 549 2268 148 meerder samen te handelen, daer en tusschen sende hier ingesloten een

1002 663 2279 118 briefken op seven maende, de welke is voor ul accommodatie een maent

1005 667 2318 225 meer als wij sijn geaccordeert, de welk gelieft aen mij geaccepteert wederom

983 766 2280 194 te senden & ul sal mij daer vrintschap mede doen om die wille ul veel goederen

994 883 2269 153 tot laet doen in koopen ende daer mede soo wel als greteangerake

2711 969 313 137 C 12 ditto

1013 999 598 134 als het d t best loopt

774 1063 618 147 kent eA ontstdagh

993 1120 2190 129 bijden ul van 10 deser, ord. ils my het wissel briefken van ƒ 205„12½ tot ul laste te geeven

1017 1227 2188 98 aen sudoens vanden cappen, aen den welcken ul het selve soude voldoen, den tot antw

1000 1290 2240 119 dat d'wisselbrefken al over eenigen tijt hebbe gegeeven in betalinge aen mr. Jb. thijsebout

1034 1369 1908 109 oversulckx versoecke aen den selven d weerde prompt gelieft te voldoen

2710 1444 371 97 @12 ditto

723 1416 921 167 nieuporte michiel Devallego

1032 1484 2219 147 monsr. den ul van 11 deser is op sijn tijt mij geworden het packie AW£.3

1026 1577 2251 100 was den leeste post tot london noch niet bestelt oock met N.2 nochtans verkope

1029 1637 2219 123 dat die behouden sijn over geraekt, seude aen ul p. bode een packettie AVN.19

1026 1729 2213 94 waer voore de vraght alhier sal betaelen oversulx costij daer niets en hebt coort

1020 1820 2254 116 vergoeden gelieft s correspondent tot dover dat seer wel te recommandeeren

1024 1854 2237 143 omt selve ontalderspoedighste te besorgen nae london Aen ni tb viven

1033 1909 2197 147 ul gelieft nu laton te adviteren dat hij het selve packettie kan openen

1041 1972 2221 149 alsoo bhet van 2 stucken bestaet om beste se goder ooort ganoote koman

1042 2037 2184 155 geven vanden ontfanck verneme geerne u advies 15 dito 1681

758 2128 811 145 Brugge Raphael Coots

1048 2191 2203 139 mijn hp. bi. de ul van 11 & 13 deser geerne vernome het arrivement van thomas

1034 2229 2241 169 smith & Joan Smons. De Goederen p de selve gearriveert verwhilte

1012 2325 2235 157 te eersten principallijk de packen het pack No. 40 met de fijne lakens

1043 2430 2216 119 wat passeirt verneime geirne & groet Blijve @ 15 sbr 1681

753 2471 1215 157 Amsterdam De Hulter & van Homright

1040 2490 2232 192 Messr. sedert den mijnen van 11 deser den ul van selve dato bekomen ben

1059 2577 2201 161 verwondert dat ul dordre van mr. lumme uyt dien aen mijn gescreven

1035 2637 2228 188 noch niet suffuant genoch en rekinck eghter hebbe mij daer op verlaten

1056 2714 2216 190 sijn die weerde op ul Rek te stellen & aen gesien ul van mr limme het

1034 2773 2202 166 advies tegemoet siet soo wille niet twijffelen oft is bij nu ul geworden

1026 2827 2243 194 tgeene geirne verneme op dat soo wij in alles d'accort gaen genotteert

1054 2944 2164 150 dat ul voor mij 4 balen wolle heeft gekoght, de welk wenschte nmet

1045 3015 2174 131 was geschiet om redenen in mijnee leesten gementioneert evenwel

1057 3077 2234 160 wat u voor mij doet houde voor wel gedaen en soo ul vande selve niet kan

1043 3144 2210 142 af komen, soo gelieft die te doen uytsoeken & wel examineeren

1050 3218 2243 147 &vande selve p eerst beurtman 2 bale aen mij toe senden & dander

1039 3270 2254 144 tot naeder ordre alsoo die pr Bredael p avonture sal ordonneeren

1032 3357 2199 161 soo ul vandeselve kan afkomen sal soo tering moete hebben als m

1051 3404 2221 174 mijne longhste rementioneert de weirde wort ul prompt gecreditt

1045 3475 2157 170 mons vale heeft mij gisteren tot ruussel geseyt dat de lovaten

1058 3550 2200 150 boter aen mij niet sal senden omdat selve geheellijkt on huyptie sto

1058 3642 2182 121 hij dat noemt ul eenigh sendende wort niet alle devoir benerstigh

1068 3747 1161 106 ven totgelle advance te bekomen

2718 3724 406 137 d 136

786 3764 943 162 Brussel Judoius De sadelar

1052 3839 2129 130 mons. in antwoort aenden ul van gisteren hebbe heden p bode biddelo aen ul

1038 3923 2199 109 gesonden een modecoleur spaens laken volgens ul stael soo naer als het kan

1027 4010 2200 128 bedaght worden soodanigh dat niet eens twijffele oft sal tot ul contentement

1065 4087 2137 137 in coleur enprijs sijn en is N. 642 „ 38 ½ a 51. aƒ 3:9 . ƒ175:19

1038 4187 2162 89 De Blauss en bayen en konnen niet voormorgen voor habat a  „ 13

2552 4220 582 117 2 Londerfanƒ. 162:9

1076 4291 2218 99 vertreken, daer af dan alderek sal senden: de super fine sijn oork alscoormert

1000 4338 2182 118 die de naefte wecke sullen volgen sal mall occasie betoonen dat ck ben

3372 226 701 113 London Henry Maynard

5157 222 832 111 In Antwerp 17 sber 81

4532 245 134 74 th

3573 249 2399 160 S. my last to you was on the 12: curitt sence non from you, inclosed £100:

3547 358 2439 112 att the charges of Henry bealing & £123:15 on saxe sampson for boath which

3556 447 2423 89 please to procure the needfull & note to yd owne acctt. the £100:- att 35:4 &

3549 501 2429 91 the £523:15:- att 35:3 ½ I shall not faill, to remitt more every week god

3573 574 2423 74 willing: John Timons is att last well arrived butt have not yett the goods

3549 592 2381 92 here pray lasten away the bayes from the north, for I beleave pindar

3584 649 2345 115 shall be  speedly dispatched: please to provided 2 bales of cottons at the

3572 761 2375 67 last you sent in the bale N.38:- from 28 to 25:- pence a goad butt

3569 770 2414 115 lett them be as good &no worse: better if possible, I want also 2 or 3 blew

3564 837 2312 105 cloathes as the last you sent not to darck or not to light because

3569 905 2432 110 the formars have been some what to browne which is the needfull att prsest

3358 918 878 133 london Abram vvian

5681 966 177 95 sber

3590 996 2350 136 S. my last to you was on the n curitt whith in voyce of the 2 packetts

3570 1078 2317 111 N. 19 which I could wish here wel with you that so you might iudge

3573 1154 2411 91 how the marchett doth Rull & be the somer here at or geve yd orders

3576 1217 2399 108 for laces which be so cheap yett about & month: thomas Inith is well

3572 1288 2351 98 arrived from Hull att ostend, for which thanckes to god do not faile to

3566 1312 2405 115 dispatch als the bayes to come with pindar for I have non more uisold

3561 1389 2424 127 & do much want baijes as also the white grayes which is att present from

3386 1450 580 133 London John Loyd

4404 1484 120 84 2h5

5480 1458 407 131 17 ditto

3573 1512 2423 131 S in answer to yd of 29 past, seeing you finde solittle in corrigment on the

3562 1590 2426 102 tykes must lett them allone, yett I do send as mony for others as I can provide

3575 1636 2422 148 how they dispose of them I know not will you have a small assort ment before

3585 1734 2315 95 winter, please to advise itt & I le send y. cheaper to you then to other to

3562 1759 2441 135 maintaine that trade our worck people doth make them off long hesbes r

3577 1829 2327 150 5½ to 10 streing which doth yeald now the 5½ streing 15 stivers attt & so up

3581 1900 2418 138 wards the 50 streing 24 stivers, besides they imploy sileser yarne for the fines

3560 1978 2436 139 sort & then tboss, is sold att 22 stivers if you finde and in corridement, I could

3558 2057 2419 131 dispose of good goods & bater asso a governd: for the barbarg almonds theres

3570 2115 2418 118 is butt little in corridgement butt in case wee should have a long winter agane

3570 2195 2381 118 as last yeare wee had they might render good proffitt butt thay sell not in

3576 2280 2399 81 great quantities where in I can serve you rreely command me that an

3568 2334 2369 126 in case you please to demand no goods shall order the ballance of yds

3581 2394 1335 126 acctt: so be repayd you with thanmes

5484 2422 509 130 @ 19 ditto 1681

3364 2465 789 139 nieuporte michiel vallego

3585 2519 2399 136 mons. Ick hebbe op 12 deser aen ul gesonden p. Bode V. N. 19 omt selve t'Gapiedelr

3585 2595 2417 127 over doveres nae london A m. Abram vivian de porte daer van tot costij

3580 2660 2399 132 hier betaelen, heden senden p bode IN3 dwelke met alle mogelijke sorge

3588 2712 2414 150 gelieft te senden over dovers nae london aen m. will scawen ste lende deouhod

3573 2798 2363 118 op mijn Rek: dew is terde t geene ick aen ul hebbe te betaele de porte

3576 2906 1600 82 tot costij wort hier oork voldaen a dunenso

3589 2898 2185 151 vanden ontfanck hebbe geerne ul advies & nae groet Blijve

5480 2935 495 139 @ 19 ditto 1681

3424 3014 809 133 Brugge Raphael Coots

3585 3021 2409 158 monsr. sedert dat 15 deser aen ul hebbe geschreven hebbe den ul van 16 ditto ontf

3585 3116 2389 125 tis mij aengenaem dat John ewinge & steven warner tot ostend salvo sijn

3571 3160 2399 156 de goederen nu t samen voor mij gearriveert verwaght op spoedighste benmit

3570 3209 2427 203 dat deselve neffens andere magh bekomen eghter, met pack fijn spaenshe

3580 3309 2411 167 laken MN40 sal ul tselve overgent p bargie & van daer p wagen mij ted

3597 3410 1896 135 senden terwijlen het gepasseirt verwaghe te vertaen

5495 3395 484 163 @ 19 ditto 1681

3428 3489 746 107 Lille Huld. Sout hell

3595 3480 2424 172 Sr. I have duely receaved yd of 7: curitt I am glad trade is some where & theugh

3593 3581 2369 145 itt hath been quick onely during the faire yett hope itt will be no less att

3595 3638 2342 131 this time & approaching winter months, that soo you may finde good

3587 3686 2408 173 sale for our resting goods & come of to content from B.W for I supose

3603 3786 2350 132 if you were settled a lunder, itt would be more to yd owne advantidge as

3596 3845 2360 120 a la long I have told you in the meane while all trade goeth to nothing here & had

3593 3902 2378 147 I not imployd some mony in my fabriques, I should have been in a eapacctie to

3607 3969 2357 134 spare 5 a ƒ6000:- & in case itt doth continew so do intend onely to maintaine

3579 4070 2321 107 my trade here with my owne for that I supose will be enough, for what

3578 4099 2402 145 I shall be able to dispose off here: intrim I can not yett saw how the fabriques

3603 4199 2327 85 will do though the modecullours do sell, as soone as don nent week exspect

3592 4266 2393 104 5 a 6 finished, when shall send you the pattarnes that you might see, what itt is

3595 4324 2417 88 & if could be incowidged to send some for in the winter wee sell non here & there

3599 4384 2399 87 shall be many made then I supose when you come to settle yd self a sunder
