8310 4615
2545 175 660 151 13 br 1602

532 218 798 176 Brussel hend de smee

774 281 2471 139 volgens 4 deser heb ges senden heden de 2 modecolem heekens

775 389 1185 149 sal jandagh bjidtswesen

2476 435 705 163 13 &b 1682

535 489 766 201 Brussel And Artsens

786 575 2453 201 volgens ns ordrehelelen heden ue geeelet gesonden

773 695 2465 169 waer van hier benevent de faeter sal sardch bij ulve

553 789 728 167 London Henry Maynard

2554 816 291 137 C 14 der

798 864 2433 197 mj last to you was on the 7 curtt to which refeure you, saveing sence reed yd of 25 & 29

785 1038 2445 103 past, as to m. Berden & Garder, I eepe you save recd the valew of my rimise. as soone as

794 1100 2424 122 the 5 p. packclothes a re dressed, lett them be cispateled p first vessel. as for the pack

796 1189 2436 164 whites E yeallow, & WW red marck I see no rimedie butt to gett them as best

804 1295 2403 140 you can, for I shall lave occ. for thee in winter, & after these interd to in order

787 1366 2470 182 non more before heb. nept, gett alsoo 5 pack whites under £30- he 5 & iaw, to

791 1513 2445 126 come with the drested, sras best you can have them. as for the BN. silve mark

783 1623 2447 149 I hope you shall be able to gett the tiue sort, that I might not be ourden by

808 1710 2451 127 others. I have given you credit for my bhare iii the bale of kersies aboard of bindear

813 1796 2415 160 & spanish cloathes a board of manus maser. I returne you blanches for yk

825 1904 2421 165 cau improviding the 2 dosen of bottels canary, the cost & clarges please to putt

805 2034 2382 146 to my acctt, & in the like oc freely comand mee, whilst I'll advise the cher

802 2147 2391 128 att Bruges the needfull about them. I have rec. a saturday by waggon the

810 2213 2421 169 2 bales of chose n° 48 & 50-, & this day the other I bales from a board examp

814 2332 2415 151 I have sold 6 fine clothes, & 2 others, & I do hope these will be gen before the

832 2433 2418 140 others comeon, yett one bale of sine thongs altogheter fine, & one bale more of ou

811 2526 2428 184 ossonted as n° 54 will be enongs for this season, lett the fine be exactely offerted

817 2624 2406 180 as N.50- was, and the other as n. 54 exeext the gray cloth N.1358 for which

829 2748 2415 156 please to send a browne er a drap cullour. as for the kertyes you ordered to be

825 2844 2424 156 made, in case you can not gett 30 ready for Pindar send butt 20 a 15 or 10 rather

825 2946 2431 137 thenfaile, & rest qnept, for I would gaine have some by dun, & ene bale of white

828 3040 2397 185 bayes, and ven osen the northres cloathes come, I shall be able bo iiudge what

825 3137 2416 174 to do for the future, of which wee will disecnrse att yd coming over, as als of sending

824 3239 2440 199 goods to a shop keeres, for Reydaels is one neither Eath he madam touwers bookkeeps

817 3323 2467 175 though ie had sun for a while: I hope you exspect not many arguments of suvitatie

843 3430 2403 169 butt that you be consident to be really welcom in ny louse whn ever you come

843 3538 2422 143 on the 9 crtt save sent forward 2 packetts of laces rec from m Handies, I os

838 3648 2407 165 not quistion butt they are m'Eng. by this time, as soone any more comes, shall

833 3735 2407 169 be sent forward to yd ad.. yd bill for my acctt, I shall accept, & what clece you

834 3831 2425 208 shall draw, cording in go next, & dec. to suply you wwith the needfull, for this

836 3961 2175 156 maith you knaw will not permitt ics, laveing pouid sames to pay

5828 223 135 88 234

3352 202 570 136 Londen Ab:171an

5119 204 413 164 14 b: 1682

3532 349 2444 139 sence mij last toyon of the 7 curtt, recd yd of 25 & 29 past, inclosed fartory of tle

3539 443 2443 167 pictures, which I soye will give content the numbers are waitten upon the pack ofche

3559 536 2430 189 pichires biy which you may astinguish them, I lave not sent itt sooner because

3537 609 2365 185 the last francs weee not made, which now beeng ready, shall bollow next

3535 690 2434 188 as for the kerby bayes, I could with them bere, for now I want them yett I lope

3554 768 2410 222 they were sipped aboard for Rotterdam before yd contramand came, tis hon

3562 883 2427 217 long sence you writt mee that one bale of cloth & the 2 wish beary bays when

3555 1011 2416 161 schipt for Rott, & that the same night the ship was to sake, that is now almoss

3567 1108 2408 206 4 weeken ago, & yett the goods an 28 Hull, I hoe findar will not lay out above

3554 1213 2387 140 a fainteinghe lenger, yett to separate aur risico, itt had been good, that you

3541 1316 2404 126 lad shipped the leavy, bayes for Rott with 2 a 3 bales of cloth and all the

3553 1412 2415 131 rest aboard Pinder, for now there be so much sume sont, itt will not gaine

3556 1544 2379 103 time to lave them come uy to london besides the clarges that way will be

3543 1587 2382 160 as uch, & ather more then by way of Rotterdam. I shallexspect 50 bays

3538 1713 2438 155 more by Bindar of about 38 a 40ƒ, & butt 50 kertijes, seeng you must be contended

3547 1792 2395 170 there with vesides the season for that com is much spent as to the reds

3526 1930 2449 107 I fesayd that them I ordered 15 aug. are provided, & the dotens & broad cloth

3545 2027 2233 142 f 2 may an yett besinde, that you have beew quiter there in, the i

3550 2109 2397 147 compleasing the oad of 2 may, not that I want any more reds, butt the rest

3540 2237 2394 121 of my orders in fine & ordinary, notthrens, & dosins,  as for m. bottere letter

3540 2299 2433 166 lett the dosins as wele as all the rest be toilletteed, thaugh they leave ordinary

3544 2394 2283 159 one or 28 in each bale without a toillett, why they doso I know not

3552 2528 2388 125 seeng the white grayes are so hard to be had contramand the rest, wee

3542 2608 2412 107 lave 5 In the bale n. 70 & 4 more ready att sHull will be enough bill further ard

3531 2708 2360 140 so itt will be well to make that bale up with other cullours as for the

3548 2825 2378 135 patt of the bale 76 from the new man, the cullours an all good, if the cloth

3540 2910 2327 150 proves according they will sell well. according to yd promise shall for the rest

3564 2991 2339 185 exspect all mj orders compleated invoyces & patt. by times, with continual advise

3537 3150 2394 130 of what passes in the north. yd drauglts I muyt accept formy acctt. wher

3545 3198 2375 149 comes, lad I not seo much so pay this monch I should prevent itt, y ett

3551 3301 2403 183 if you be modecate, I shall do itt rest monch, for then I shall have not

3544 3392 2323 183 so much to pay, yett I knw you must have many to pay the northre

3527 3499 2418 150 bills bttt I desire you to draw onely when you are forced there mito when the

3511 3632 2424 130 ball due. I lope you shall be able to sell off the laces with m. ioons

3536 3726 2412 152 to see low that will ronder, for itt will rever amend in binge oy eyd
