8016 4574
559 158 964 130 London Lucy Knightley

1992 174 999 120 Antwarp 4 march 1681

2977 240 120 78 ch

837 277 2328 134 S. my last to you was on the 18: past, sence recd. yd of 7 & 15 ditto

805 343 2375 137 I amsorrj for yd indisposition yett I hope with the approaching sent

832 439 2345 121 that you will be quite rides of yd trouble some compaynion & in a

833 501 2319 119 condition to menage yd concernes to yd content: what you shalldo

833 625 2325 115 about the desired redds will be to content, what you shall doubout

846 710 2218 111 I take not ice that gjles nash hath made no silver marck for

808 789 2335 133 some time & demands £13:10 p. cloths, for them because thay

812 884 2332 137 use oneles they use be silver marck our Jesuits will not buy them

835 973 2208 129 because they use to have them from vermeulen & now they

838 1029 2227 172 would faine have them from mee as I sell yd perped & others

826 1127 2274 175 goods:, so shall easely make more then £27: for them & if not

811 1213 2329 173 they may lett f. lye by I have had of late some curiousgloche

828 1341 2281 153 whites of £1310: which I sold for £30 & £31, which I rekon

840 1408 2273 163 would to so if you finde the bw. silver marck good with 5 p

823 1503 2353 160 shall make atryall, butt to have refus all, can not incline to where

810 1640 2278 112 fore leave the case to yd advise, because itt must not be onely to

840 1724 2188 112 beassorted, & in hopes to advance a penny for ones paines my to

838 1800 2295 131 thanckes for yd advise of the concernes of RM flnerrcome

817 1883 2274 110 sence the least comission wee heardno more about itt tis fure

821 1942 2275 158 RM„ will nevercome to England for as longeither of the parties

814 2059 2290 122 lives, I doubt they will hardely be separated, so shall keep itt onely

808 2135 2284 136 for my governo & nott more any thing of the matter except I should

826 2221 2013 102 be there unto desired & so with kindt saluts remaine

2080 2286 903 108 Antwerp 4 march 81

539 2255 836 171 London Henry collier

1904 2311 96 113 th

826 2361 2245 133 S my last to you was on the 22: past. sence recd yd. 10 & 14 ditto asto

766 2421 2346 136 the cloth N.168„ is you meane 156 sald att ƒ3:18: because N. 150 is brouy

825 2551 2283 107 in the resting goods & sold this day att ƒ6:6 N 156 sold to I idocus desadelaer

819 2620 2257 138 att ƒ3„18 which if did cost 1of is yd faulte, because you have noted

814 2709 2262 133 itt 7:6 in a note of the prijses, & I sold itt up on the pattarne att

777 2775 2328 151 Brussell & by yd note, without takeing notice of the cloth when

807 2855 2274 167 I sent ist away & to yd satisfaction in close you please tohime yd

800 2964 2370 98 note returned, shall do itt in answer to you as to N. 153„ & 155 in ½when

812 3045 2289 124 the rest is sold & noted nneder N.153 as to the bay for yd acctt. mee thinckis

820 3131 2256 148 you are in the right, for I formd him out concerning our acctt. cut

775 3207 2313 121 where by you supose I over charge you £360:-:- hereyon have

826 3311 2176 136 the dates of all yd bills on mee for yd acctt. last yeare each noted

806 3409 2259 104 consecutinely as they are on the acctt. curitt sece besides them

795 3495 2215 126 you will finde you self s harged with £150:- remitted in my

756 3545 2361 127 owne bill on yd of John derichebourght, butt that is trwice brought

797 3651 2271 126 in creditt, so I supose the mustake lijes not there & the 2 firsts

809 3705 2274 184 bills of the acctt. 1680„ ballanced oft: june are which I have p

793 3785 2222 190 for yd honour of T.H. which are now in lace & m. Herreyns

782 3879 2290 147 loose no time to procure sentence against him, when either

798 3987 2259 130 he must pay rumaway breake, or brought in prison of what passes

798 4043 2260 156 you will have advise the £47:13„6 shall accept & exspect patt

778 4169 2292 114 & in voyce of the assortement of desired spanish cloathes & whilst

779 4248 987 145 I remaine with kins saluts

3316 178 1188 111 in the acctt 1680 Janu till 116 Juni

4678 198 1247 106 in the last acctt ball. 30xb 18

3522 207 1093 174 £100: att 36 in yd baill of 2 Jan d sull

3528 341 491 85 „75:„ 36- a

4167 295 289 130 126 ditto

4174 289 1703 181 23 ditto £100:0 a35:10 in yd bill „ 14 june

3541 393 487 96 „ 60:-„ 36:6-

5487 385 375 105 „ 25 ditto

4719 408 541 91 „ 150:0„ 35:11-

4145 448 285 98 „ 6 feb

5481 453 389 111 „12 jul

3505 441 532 148 „ 100:-„ 36:2

4732 472 554 92 „ 100:0 -„ 35:40

3337 454 145 166 @

4151 511 324 105 13 ditto

5485 508 349 114 „ 2 Ary

3540 518 488 100 „100:-„36:3

4163 519 1051 169 1 ditto  „ 200:-„36:-

5448 553 374 140 „18 ditto

3529 588 497 98 „50:-„ 36:3

4744 602 448 112 „ 50:-„ 36:

5479 652 368 126 j 20 ditto

3514 657 963 108 „ 200:-„ 36:2„ 20 ditto

4739 685 453 92 „250:-„36:

4148 711 353 107 „ 27 ditto

5495 716 300 110 „10

3319 669 712 166 „ 200:-„36:3

4736 748 533 116 „50:-„ 35:11-

5503 783 337 99 „20 ditto

3533 760 1020 137 „ 60:-„36:2„ 19 mans

4747 817 539 95 „100:-„ 36:1 -

5487 847 358 126 „24 ditto

3548 856 950 114 „40:-„36:2„ 1½ ditto

4726 888 538 105 „100:-„ 36:2

3332 901 1167 162 K„100:-„36:1..—„ ditto

5498 912 323 114 1b

4150 943 1115 166 „2Aprill  „ 140:6:4 „ 36:1

3550 1007 488 98 „100:-„ 35:11

5513 1004 347 98 „22 ditto

4747 1034 482 124 „55:1:6„ 36:4

3381 1022 1114 190 .„ 200:-„35:10„ 16 ditto

5500 1072 270 117 „19: 9b

4694 1102 546 120 „ 100:--„ 36:

3546 1120 955 112 „100:-„ 36:2„ 3 maij

5506 1134 367 134 „19 ditto

3532 1130 1684 171 „86:10 in £ 200:36:2„ 10 ditto  3 „500:-„ 36:

5512 1227 320 122 „ 17 26

4551 1238 725 135 „ 100:-„ 36:4

3528 1257 958 124 „100:-„36:3„ 10 ditto

3378 1287 1118 183 R„100:-„ 36:„ 12 ditto

3552 1393 987 135 „100:-„ 35:10 „ 4 june

3533 1404 2390 192 here you have the dayes of eack bill & where is . mr. knightley drew&

3547 1535 2293 158 the others yd self, so I supase now you will finde out the crrors &

3541 1642 776 119 send yd aprobation

4953 1617 949 189 In Antwarp 4 march

3285 1681 865 141 London Abrams vivians

4696 1710 121 107 th

3547 1712 2385 200 S. my last to you was on the 26: patt. with a bill for £90 in vanden

3544 1829 2383 126 broeck for my acctt. which I hope you shall have duely recd. as also the

3541 1898 2377 156 valew, sence is come to handes yd of 14 & 18 pass. I observe the packes

3527 1973 2382 143 N. 24 „ 2„ 28 are now also aboard nelson, god in heaven send him

3526 2047 2380 182 speedly & well over, for wee want the goods att markett I am sorry

3535 2145 2310 143 poore nathan toldroid should leave his wife & child remnso a

3540 2216 2393 164 conditions I observe you recd. N. 8 & fomd them better & then formar

3545 2289 2319 178 truely that I did not exspect I have assorted all the packetts as yd

3517 2380 2406 185 first order was butt now all is gou, accept what is yett all worch

3525 2451 2328 182 & will be about 10 dayes before ready where fore dispatch such

3528 2556 2376 140 orders for what you might want most, to assort & sett off the rest

3535 2635 2313 139 the better N.12 will come by longesea with the linmen & supose

3539 2704 2266 160 with you before this & then you see all, I could advise you to send

3541 2814 2379 163 pattarnes of laces you would have & senditt in yd letters, for itt will

3522 2885 2370 178 pay no postidgehere, & I tought itt should be I in cane each patt. should

3545 2978 2381 140 of ayd long I can al wayes make itt as long you will here

3526 3073 2325 122 then returned in packts itt should be the better to understand theright

3530 3140 2396 156 meaning & instruction for proceeding: if you inntye or impime the goods

3528 3246 2361 140 & show them loose itt will make a better shew in selling, & lay them

3542 3326 2361 152 up on ablack cloth, which setts them off mightley & makes a fine shew

3530 3449 2384 116 as for the bale N.31 leave itt as itt is & lett itt be send forward & contramas

3541 3498 2364 146 buying for I would faine see the sundry goods now underway before

3532 3592 2384 142 wee proceed any firther for I doubt wee mett noth with chipping though

3526 3720 2319 117 I hope the goods will prove well, which by the patt. N. 24 onely doth

3534 3812 2367 119 promise, so exspect so see the goods first before race proceed buying att

3534 3900 2379 137 present have butt very little by mee - you draw £100: att 36:1 for

3522 3979 2349 149 my acctt. that I shall accept butt pass itt to yd acctt because I havee

3530 4102 2366 135 payd, or remitted you more then £100 st more then what is dueon

3538 4170 2357 161 my acctt. s inclused the bale N.35„ besides you are not less advanced

3518 4287 2334 149 in ijd acctt flemish, where fore lett mee intreat you not tobe
