8030 4629
609 165 1027 124 Gent francois Herrebout

2386 188 806 132 In Antwerp 3 mars

815 213 2368 143 Mons. in antwoort vanden ul van gisteren sal mijn rek verwaght

854 333 2216 109 benten ujtterste verwondert dat pack A N36 gisteren noch niet

853 420 2325 102 bij ul was nae demael de t coots schrijft dat p deser costij soude ween

849 516 2285 120 Ick ben daer seer om verlegen soo dat niet magh versuynt worden om

866 585 2324 132 p wagens te senden als mede de 2 stoffen packen wat passeert gelieft

830 666 1772 141 aenstonts te laten weten waer pmedt blijve

2261 695 843 207 In Antwepen 8 meert

540 722 296 148 Brugge

841 753 667 138 Raphael Coots

835 795 2358 191 H in antwoort vande ul 26 & 28 pass. t gisteren hebbe advies van

838 918 2321 101 8 Herrebout als wanneer N36 & andere 2 daer noch niet waeron

834 975 2302 138 waerover mij niet alleen verwondere maer oock seer vllegen ben

847 1042 2273 191 want het selve is op de staelen verkoght & door het lanck tardeerende

839 1125 2272 186 vrinden met nae waghten wille, het pack AA.V.N. 23 was mede

848 1224 2257 149 noch niet tot gent over sulx soo noch costij is doet het pr bargie

837 1320 2312 131 voort gaen, met ordre tot gent 1 wagens herrewaerts te senden oft

836 1385 2321 164 van costij p wagen directelijck want daer mede haestigh om ben

826 1478 2282 138 godt verleene den melson & andere haest te arriveeren ofte anders

809 1554 2276 146 coopman sonder goedt sal wesen, degementioneerde bayen onder

834 1619 2288 147 de ƒ20: te verclaren costij mij de meest menighte 35 „ 30 a 38 s kcoste

814 1725 2234 146 oversulx daer geene risto in een rekene eghter kan ul sa

808 1807 2334 154 sommigh costen maer 32s nochtans kan ul daer van 40 stuck

832 1912 2198 91 van 30 tot 40 p weirde verclaren & de reft onder ƒ20 a governe

828 2001 2259 125 voor den brieff van £200: weet ul gecreditteert ter wijlen blijve

525 2007 940 184 Brussel Andries Artsens

2212 2088 918 155 In Antwerpen 3 meert

802 2134 2316 186 Mons. mijnen vrint Peer booms is te rugge gekomen sonder ul eenigh

803 2283 2337 117 gelt betaelt te hebben, soo hebbe dan heden dese occasie waer genomen

763 2342 2343 94 ul te remitteeren tot laste gisberto vanden bist heuvel £100: onsich

821 2408 2313 121 den welke ul gelieft te doen accepteeren & vervolgens de betalinge

817 2482 2259 140 doen in voorderen, soo morgen de olst kan vinden sal ul remitteeren

812 2564 2199 135 soo met ul ordre moeten afraghten terwijlen vanden

829 2618 1797 152 ontfanck geirne ul advies bekomen & blijve

542 2656 897 169 London Henry Maynard

2226 2653 850 160 In Antwerpen 4 march

818 2766 2326 129 S. my last to you was on the first curitt with a remise for £250: att 8

800 2829 2289 130 light on Richd ffoot & adesire to pay out of that £80: to in Icole

808 2920 2267 103 & £40 to mr. scuwen which is £150, so that remaines £130 for yd

811 2992 2279 95 acctt. thought I made bold to charge you with adraught for my acctt att

806 3043 2283 85 2 uso for £118„ 18„11: which is altered & is £521„ 14y 2 payable to mr.

789 3130 2285 102 Jean de la chambre for the valew of m. Hen: Van horenbeck, which

764 3198 2255 121 I hope you will accept, & redraw when dew, thought I do exspect to

796 3241 2304 165 prevent itt by remises, in order where unto Ill do all I can as well

788 3344 2295 144 for yd as my acctt. I should not have troubled you as above butt I could

792 3417 2283 152 finde No sundry bills, & because I took the £250: hadd itt for 35:7

795 3511 2292 152 where as I should have been obliged to allow 35:8½ att least to exspect

789 3611 2313 116 you will not take itt ill: in writing here off receave yd of 14 pas

763 3676 2237 154 with in voyce of a pack of bayes & spanishes cloathes aboard

781 3777 2274 134 Adriaen block for my halfe in which shall give you creditt, god

790 3870 2273 109 send him well over, as also lo dowich devos of which hve nomews

768 3937 2296 175 yett as soone you have the in voyce opattarnes of the goods

774 4080 2347 112 shipt, or ready in the north, please to send mee to governe my self

780 4145 2234 95 accordingly you will do well to provide the spenish cloathes

766 4234 2312 91 as desired and assort to directions I supose by this time that there

5869 256 68 63 l

3548 233 2387 141 are ships enought arrived to come for Bruges, so that you can have

3564 302 2377 151 the opportunitie to divertrisico & haveyd owne time to provide good

3563 400 2268 136 & curlous goods & if any new mode coudes out, or acloth toy to yds

3542 475 2235 118 fancy, to add itt for our assortement towards Aprill & m'ay

3546 547 2371 124 I observe yd complaints of last yeares sale, I hope you will finde the

3553 652 2388 99 proffitt 10 ptV the ex. rekoned as I remitt, whoever itt is to be considdere

3552 680 2382 124 as you say all I can say is most of the extranagant charges which least

3561 780 2225 148 yeare were butt up on the goods, without not ce, or any miblick

3550 854 2298 149 declaration, so that most our goods suffered there by & I made the

3546 956 2346 137 calculation, after the formar rate because coots sended the acctt

3547 1021 2291 148 of charges well 3 monthes after those new tares were come out

3549 1064 2389 161 neither did he give the least notice there of by times to mee & thought

3542 1188 2394 141 Iendeavoured after wards to advance accordingly, yett the extranagan

3493 1297 2391 119 charges butts drawne downe part off proffitt, the complaints of

3549 1332 2382 161 which is so furs claimed about, that, sence fer last the dut yes are

3550 1438 2310 136 much diminished besides are order come out, that no goods shall be

3552 1500 2376 158 more charges hence for ward with any other dutye, except that 6 month

3544 1593 2394 106 before shall be given warning, for itt hath not been onely so imour

3540 1681 2394 136 gooods butt up on fundry other com. wherfore recon the charges will

3496 1769 2446 76 be about 3 a 3½ Pcen. less then formerly, besides wee had a good quancitio

3541 1847 2386 126 of resting goods 1679 ub. x principally northrens of which I made

3532 1933 2352 92 often complaints, so them are sold without great proffitt & after

3541 2009 2364 80 a neare examination finde the acctt of resting goods made when I was

3539 2087 2343 88 with you was overrated, I made itt £1245:  & was not much above

3518 2152 2413 155 £1200: besides the acctt. of resting goods made up last to be £1473„ 8„ 8 is

3538 2251 2361 147 al most undervasved itt beeng the least penny they cost & by them you

3534 2342 2271 117 will finde good gaine, so that in case you didexmin the goods in

3536 2408 2362 133 perticular which you sent, sence I was in England, you well finde the

3529 2509 2370 119 proffitt on them reasonable, whoever our wharenouse is clared of the

3537 2577 2383 141 northren goods bj which wee had no proffijtt, & now wee have good resting

3529 2648 2392 135 goods, which & most part is sold sence to noless then 12 bod. proffijt so

3518 2726 2389 145 can desire you to keep the valuetion of £1473„8:8 in beeng & oddto

3509 2830 2421 101 that the bale M„N 86 & what hece forward you shall send till mid

3518 2899 2414 161 summer when I shall give you aiust & full accompt againe, & in cas

3531 3020 2367 111 you finde not the praffitt then execeding 12 pr. shall be contented

3530 3080 2377 154 to have goods up on my owne acctt. thought you are free to do so as you

3519 3178 2364 124 please from now off, yett for yd owne advantidge itt will be as

3532 3224 2395 177 well to continew till then my next shall without faile bring you

3514 3355 2337 122 the acctt. of sale of Janu & fed last, which you may examin de

3518 3426 2380 146 peruse against goods sold last yeare of the same prijses & in case you

3523 3519 2383 89 are not in corridged, freely advise mee yd pleasure, besides lett mee

3515 3601 2338 133 know how much you would rekon for buying & en suring to this

3525 3649 2384 143 side, as also for goods from the north, besides what time you might

3519 3722 2362 120 draw otme att the time will allow to have yd mony affer the day

3505 3820 2328 94 of shipping or buying the goods, thatthen you have yd mony either

3519 3862 2391 110 remitted or you might draw on mee att the time of expration, th

3507 3961 2385 115 you allow for you must note I will by no meanes come to consent

3502 4036 2412 123 any intrest pprincipally . P p annum, which Jean have hereatt

3508 4105 2397 113 any time att 3 a 3½ p: where fore if wee concende the restishall

3514 4176 2319 97 a lwayes make shist to be punituall in my payement, sothough I promise to

3530 4266 2334 110 performe yd order yett lett you dispose of articles as you please &you will

3506 4295 2373 139 finde mee willing to comply to keep a trade either onmy owne or incomp

3504 4395 1637 89 so Remaine  shall remitt mose p first
