8556 4656
1110 209 2302 128 beleaves in to be a chest, for of itt betaue, as JD saiel noboddy shall loose by

1137 335 2290 83 mee when I replyed, how he could make that apeare for the male is vere nea

1139 392 2248 135 p ool, & the bony not much above ƒ50000- & if Jacobs for ƒ30000- was to be

1138 476 2257 152 prefered, what should the rest save. what he hach don yett are butt words

1166 590 2254 100 wee have desined w to make & give over a ballance, which wee will amin

1152 690 2245 118 by biy bookes, to finde ons some way or orher for an accomodation, in which

1137 763 2269 147 you may befure, that m. Sabbarton will act wich as much care & endeavour

1152 889 2259 115 as can be smagoned. you had ordered m. soots to sollow my ord. wich 2 baken

1155 975 2236 124 & n°. 4:5 now att Bruges, I have wrott forthen & if I finde then well

1154 1075 2245 130 shall sell them for our acctt in comp. & give you credit accordingly, I do not saten

1156 1151 2254 109 to shew y. so tu. Jacobs, butt when he comes here as I exspect him, he may

1151 1247 2257 135 buy as others do itt beeng butt a follie to accquaint shop keepers of mathers mattes

1158 1344 2251 147 of trade. I shall comipond consinually wish mr. Sabbarton about yd parest

1154 1445 2239 150 yeaster day he is bodo arrese boach upon goods, & standing ont debts, of whet

1154 1533 2259 138 passes you may exspect to be informed from time to time, I see butt litole oper

1141 1648 2265 108 yett of an end. yd bills to ant. dayles shall finde puncuall payment

1151 1724 437 112 when a feare

932 1777 816 158 Londen mr. Edmund Warner

2681 1807 464 153 C 6 meij 1682

1180 1904 2185 130 mij last to you was on the 25 past, sence have been out of sowne, & must about

1160 2008 2236 110 the stolen laces, the states offlanders have ordered ƒ 2800- for our satisfaction, butt the

1162 2093 2231 156 officers do so hard oppose itt, that meles wee cangelt andar end this week, wee

1165 2225 2215 126 will never recouver one farthing more, butt rather loose by the charges yett if ill

1162 2318 2218 101 was to safe mij lise, I could have don no more nae have before mee yd of 17

1169 2376 2252 168 past, seeng you an not desirous to have many night railes, shall send no m

1172 2480 2170 131 till you see how that in N. 23 will please you, of Antwarp laces, you will

1141 2618 2235 138 have butt sew, for they are most all gou of, except you would in order som

1163 2713 2220 113 more againe. I have dilayd drawing in you, in sopes of a better pricx to draw

1159 2778 2233 140 butt itt doth dayly fall, & anording to advise from . will doubt loss sall more

1159 2883 2261 139 have yeasterday past my bill on yu for £100-  att 213 att 34.10 payable to the

1163 2962 2227 133 ord. of m. Peeter doet valew of John Goets bloet, for which clease bo give du konour

1180 3070 2209 122 & pass to yd. acctt if m. Coots write mee of the ship you mentoned I'll send him

1168 3151 2240 143 ene or 2 packetts according to yd. ord., and endeavour in yd. concernes with all the

1183 3250 2191 168 care maginable to give you content, if the lace N.117 will not do, pray returne itt

1175 3366 1226 161 & I'll gott itt off, I meyt invoyce of N.24 -

2726 3389 243 191 658:

920 3435 733 182 Londen M. Henrij Collier

1188 3483 2191 218 mj last to you was on the 25th past, sence recd. yd of 10.14 & 17d. I have been att

1177 3629 2191 152 Brussels with Jean vale att the cloaster where he is for hu safetye, thac ke

1177 3740 2236 119 showed mee the acctt you sent him, in answerhe sayesh that you dave a bou ƒ400:-

1197 3804 2197 148 worth in laces, which de sent for his wne acctt, so that yd. los should not be nbove

1165 3898 2249 196 £150-  which I wish with all my vart to be true, for I doubt vale nilt nott

1187 4014 2176 122 act the part of an roueft man which you will be able to see whes yo

1180 4091 2221 157 come over, as alsoo that TH. is foore, herreynce hach exceund the sentme

1171 4210 2232 141 against hhim, & can not finds to pay the clarges, so all badd news, god in heaven

1181 4266 2224 168 give better. I have accepted yd. bill of £25- a deson no more of yd. draught

3684 226 2399 125 thi £20- bill of you for lichering I have bonoured for you, butt the £80- I have not

3664 303 2366 124 found, John de Coninck getos y protested without give giveing notice, yett now I have

3666 425 2423 138 about £1000- fleirl to pay this week, I do much feare I shall not be nble to pay

3681 508 2398 139 the £100- you desire, for there is £200- due also in 6 dayes on J.V of H.M. which

3647 598 2436 139 I can not resuse to pay, so that itt depends not of my will, butt strenghs to please

3651 702 2409 124 mj freinds, & do hen by returne the 3 bills, so please ro discharge mee I have

3657 800 2427 136 sold 3 of y cloakes more, & shall ende avour to putt of the rest to cea all

3643 887 2427 140 the bill on John Button shall be sent for acceptance, & that of 21 gb is past to yd

3653 963 1728 129 credit, when itt was payd, which will come in the new acctt

3507 1047 705 178 Eron mr. Wil. lobbe

5575 1095 466 148 66 meij 1682

3659 1173 2416 172 I have before mme yd of 5 & 15 apl. the latter with patt. invine & bill of looding of

3668 1309 2406 160 2 balen aboard of somas Elsdon, for which lave given you credit, hopeing that sey

3660 1407 2412 155 shall not onely give content butt incorridgnent for more yett I could have wished

3644 1489 2434 131 them aboard will because I am in formed that wills will saile much before Els don

3672 1600 1822 104 I will not doubt butt that m. Cole shall descharge yd. bill

3507 1669 651 168 London m George Cole

5579 1730 245 110 a6d.

3669 1815 2385 118 In answer to yd. of ye 16 past, I should be vere sonry that you should loose by the

3667 1908 2344 146 seeds sent, seeng that comt is here still van deare, m. lobs hath drawne l100

3662 1992 2376 172 upon you, which please to discharge a drawne mee. I rehurne you thanckes

3652 2133 2333 129 that you will serve mee with a parcell of colchester perseet. butt pray att what

3665 2228 2342 159 price good ware: I on not above £10  more to mr. Lobbs, so acapt no more

3651 2300 1303 168 wichout mij perticular desire, more pnet

3493 2382 702 198 London nee luey Knightley

5598 2410 260 144 6 6d

3660 2504 2401 150 In antswer to yd of 1o & 17 past shall epanm theacctt sent and exsperting cla

3659 2631 2353 118 reds, shall remitt the ballance yd. red kersies n att Bruges in abale KB N°1

3656 2745 2329 127 & will come by Ben: clang whe shall depart att the latter end of nept week

3514 2774 595 185 Aut m: John Button

5594 2823 228 148 a 6d.

3662 2912 2396 154 In antw. aen den ul van 28 deser hebbe present geen sergies sortement van sergies, soo dat

3646 3013 2396 152 ul nu niet dienen can, evenwel verwaghte dagelijox een partije als wanneer ul sal conmen

3643 3097 2357 176 gerieven. ingesloten eenen brief van m coglier, & eenen wisselbrief van £30- s den

4507 3182 180 82 russe

3650 3188 1204 159 welcken geaccept. aen mij gelieft, te seijnden

3511 3263 735 178 Gent mr. Francois Herrebout

5698 3304 210 136 C6d

3627 3384 2390 156 Ingeleyt mijnen tolbrief, den welcken voor de packen M moet dienen Att omrij sijnde

3640 3477 2410 174 geloove heden bij ul sullen sijn voor mij 11 packen waer mede seer verlegen ben, & deselve

3637 3646 2381 106 geerne nogh voor satendagh hier hebben soude, so gelieft een schip daer toe gereet

3642 3687 1950 162 te houden om goedigh te repecheeren, advis mij dagelijck wat pard

3487 3727 154 171 brusge

3937 3770 1011 205 rapael coots den 8 mej 1682

5689 3814 113 114 6

3691 3915 2337 123 ninkeer in Antwort aen de ul van 6 deser ben wel verwonder

3684 4000 2387 195 dat de hulse en andere 2 packs niet voor heden comen versonden worden ue

3675 4122 2379 178 soo danige occatie sonde liever  een wijnigh meer aen arebendt loon geven

3672 4221 2351 124 oft ander luyde imploeuren want het pranditeert soo lanck kerems

3686 4282 2338 124 te hjnden ofter wenste die mandagh moghten hier wesen de heer vanden
