8528 4622
911 213 819 128 Mens m. nicolas Templak

2660 187 539 172 a 19 Juni 1682

1102 289 2307 178 p'ayent pas eu l'ou. de vous envoyer m. drap a la mode qu'auiourdon, je l'ay

1118 397 1936 128 en le pacq de mr Jacques Trivier, consigne Brussel & Jacques fransel

2925 497 313 128 ƒ 123.15-

2339 523 271 127 ƒ 4„10

1748 528 221 112 C 27 ½

1138 531 360 132 est N.19

1142 604 1082 113 Pourle quil Ilvons plaira mcered &

913 707 762 158 Mons m. alep. de Bresty

2795 691 241 154 @ 19d.

1130 839 2268 84 m. de Lobel l m 'est veuu packer pur m. drap de shame, Il est prest pour vous

1127 913 2250 120 envoyer avecq un drap de mr. Trivier que vous aurez la sepmaine que viene @ind gad

1136 973 2218 161 m. Privier estant iey, m'at accommode avecq ƒ300- pur ma lcure sur vre grace du

1140 1069 2218 141 dier a 8 ou  de veur en sa faveur, le quelle se vous en de vouloir paijer

1126 1174 2248 148 je n'auray pas pais l'handissie, si mes occasions n'estoient pas s prec petantes

1129 1285 819 140 esperent que vous l'excuseia

2816 1364 362 154 @ 19 Jun

918 1392 683 164 Mers m Jaeques Trivier

1135 1460 2278 177 J'espece ne bon arrivem, celle cy ne servire que pour voon refrescher la memoine

1122 1574 2259 148 pur parlan ( madn fhancus par recevor cette argene la comme nou avans

1129 1671 2250 137 bale, sei vous avez malaire de change pour anen ƒ300 - a la charge de

1119 1774 2316 111 Bresse, je vous reccommend cord. debvoir, pour me fair tenir l'un a lautre au

1109 1832 2304 175 J'ay eseri que vous m'avez conte la valeur cend gad.. avecq ou sait moy le

1127 1974 1652 127 plaiser de vous soubreni d'in garson des toneste famille

2850 2044 213 124 a 19

905 2038 1278 160 Mons mord. Ravesne de Bernard Perin

2119 2137 142 58 srin

1126 2129 2275 167 En suite de vrd ad. sere n charpe noir pour vous envoyer la cepmaine que viene

1161 2239 2262 142 du depuis que j'ay vendu aend grace la partie de marihandise le 25 mars, j'ay

1148 2335 2251 151 pensez avoir trouve m rimise, car tous vous estort vendu pour aigent contene

1137 2441 2272 119 silon me promisie, vors asseurant que j'ay n'ay par gaqne es cette partie

1123 2518 2257 153 la, cess pour quoy je vons enprie de me remetire la valeur: ayen poy l

1148 2596 2275 159 hndieste de haer sur ane grace 300ƒ payable al ord. de m. Trivier & 2ou 3 sus

1136 2703 1880 155 de veue, ce que vous plaire lu satisfaire, & m'envoyer la reste

2885 2825 193 118 314d.

913 2821 904 138 mons m. Jan B. Masson

1125 2848 2270 185 En responce ala m. du 18 far, de cett. de £100- a la charge de m. Lobel est

1155 2943 2265 182 accepte, & je racheray de recevoir la valeur en son temp, avoir excd. vous aeman

1160 3040 2260 167 pour le somg que vous avez pour may ce que m'oblige beaucoux de fair tous mon po

1152 3131 2257 173 pour vous plaire, & bien service. Pour des serges il vous plaina scavoir, que nous avons a

1147 3199 2290 160 touten sortes & prises, charg un selon sa valeur, j'ay vendu l'autre sepmaine coleur du

1142 3286 2249 198 de ƒ29 lap & dis a le mode a ƒ30-, a le moindre soit quij'ay receu & dernier vessian

1138 3367 2297 210 estois de ƒ28- tellement que se peusa d'avoin fort bie fait pour vous, si vous serven J

1144 3486 2283 131 & charchera pour tous les magasins, vous ne trouveres pas si bon marcke que cmoy

1133 3544 2303 188 Pauule drap de Sou slavoir un a ƒ4„10, que je vous pensa envoyer mais il estoit jasse

1151 3677 2241 139 dans le tainture, cest la raison que j''estois constraint de vous envoyee un deplus haute

1148 3746 2281 172 pais, enfincerite nous avons & faisons bien 10 drap, que feruis ene il aura peutesire

1143 3837 2291 131 senlend un tour coleur de seu, & quand allow il nesuceede pas bien dans la trintne

1147 3941 2281 106 nous perde beaucoup apres, neamoind, pour vous temoigner que je vous saviy

1155 3984 2275 197 peu de proffitt, j'ay rabati les 5 patt  a enn compte, & voyla tout ce que je pu faire

1156 4104 2250 138 pour evtr am. complaintes, sus tous la partie il fait ƒ10:7½, & asseur je ne

1154 4153 2277 175 pas, mais sa vre grace claitt avoir nu de ƒ4:10, je ne veu pas doubter de nieux servir que

1147 4294 2143 116 m Roosendael, comme en. grace treuvera tourieurs, quand vous me voules employer d

3510 187 670 164 Brugge Raphael Coots

5412 201 660 140 C 19 Aun 1682  123

3658 303 2406 119 In antw aen d' ul van 12 & 17 deser sien het pack Ln.11 te gemoet, spebten: clarck

3654 416 2352 113 gearriv, aen boort den selven is nogh een pacq met 14 gemengelde spaense laeckens

3662 517 2418 102 voor mij gelaeden. heden seynde aen ul p bode jug. van Erdenbergh een packettien gemerckt

3650 550 2069 150 H.C. fiancq daer mede te volgen d'ord. van Jesefs Sabbartan van Brustel

3500 659 804 132 ieupoort Michiel de vallego

5538 681 231 122 a 19d.

3652 757 2388 132 bij den ul van 14 deser geerne vernomen het ontf van alle devoorgaende gesonden

3661 832 2325 138 packettien, desen tot advijs van een dobbel packett en heden aen ul gesonden & bode

3653 965 2427 87 daer mede te volgen d'ad. van in ant Rosseau van Brussel h 't port voor de selve te

3670 1040 2365 138 beth., daer beneffens 1 dobbel packeten fcaneq gemerckt M.D.V. daer mede t volgen

3655 1130 2407 134 deord. van mr. Josips Sabbartn van Brussel, de Hece laete de selve bedonden ter rant

3684 1211 234 109 cnnen

3512 1275 584 141 Hulst m. John Brutton

5569 1272 234 160 a 19d.

3665 1405 2360 142 In antw. aen den ul van 18 deser hebbe het geltwel ontf & ul daer voor gecreditt

3666 1526 2376 90 te weeten £18.7.5 uls, hollantsche weerde, die diene ul voor quitantie. het gelt can

3659 1600 2398 125 noyt meer wilcomen wesen als nu, alsoo ick veel hebbe te bet. in collier is dejnsdagh

3678 1711 2382 143 8 dagen vertroeken naer gent mde de wagens, & van daer naer tijttel, al waer hij gelvove

3654 1795 2056 152 iiq nogh is, wat hij voorder gereselv is te doen en can icq niet weeten

3501 1872 779 164 Brussel in Ant Rousseau

5519 1915 219 132 a 19d

3648 2008 2354 150 En suite de let vre. du 14 & 15 cur, j'ay bien reecu les cormets por moy, & vous

3660 2138 2401 117 credire pour la valeur, les 2 petites pacquets sont depechez au courd ony pour nieuporte

3664 2230 2370 118 avecq le mestas. van Erdenbergh adreser a m. vallegour fuere vrd ord ce que vann

3640 2297 462 133 ferve d'advise

3508 2381 828 167 Brussel mr Jacques Transil

5488 2402 214 134 a 19

3662 2463 2380 176 celleey ne servira que pour vous advises d'un pacq mancque 1T que je vous ay

3652 2605 2389 142 envoye hier & la barcque merchand fon Brussel pour finvre lad de mr Jacqus

3655 2695 265 96 drivier

3499 2764 710 156 Lille mr. Richard Suchell

5570 2778 250 149 6 19d

3666 2905 2408 157 ontfe 16 curt was soyon mij last, sence non fiam you, this onely to intimate you some

3677 2977 2386 147 thiigh concerningh m. Thom mulan, who to secure hom self of abad debt hach dan

3650 3098 2386 113 bjond the limits of a subiect where fore is patt in presen, I supose itt will cost dim

3644 3191 2398 138 much mony to bee cleared, yett sin creditt will be lost by itt, I eoye you rave follawed

3629 3279 2425 99 mij formar advise, whelst I know you have effecs of dis, so please to ficune yd self & hum

3648 3398 2398 137 also, in case you might be inqused what you dave of dis you can say to have nothing

3647 3455 2387 162 till thet bont be cleared, in which pray proeed iwisely, I defire you to remember mee

3657 3587 2368 127 to H.C. & to knoaw when de interds to leave lelle & when p my wite te bune

3524 3653 694 159 Brussel m. Joseph Sabbarton

5546 3674 337 153 a19 Jun

3647 3758 1966 194 In answer to yds of 17 curtt have recd the packets sent mee in yd rystack

3655 3887 1555 183 1 duble 1DV. sent this day to mr. Vallego  to follow yd ord

3661 3982 983 117 Bigle HC. Sent this day to no Coots

3652 4060 2359 170 the acctt of charges on all yds packetts is sere inclosed, which finding sight please to pase

3625 4170 2374 121 Inmy creditt. Intrim I should be vou much concerned in case my bills be nott payd

3643 4267 2373 122 before yd. departure, pray tell the people of itt, artsens & mostelmands desiderad butt 5 C 6 days
