8508 4601
2636 220 549 157 a 22 Julij 1682

852 267 826 152 London m. Henry Sollier

1081 307 2350 244 mj last to you was on the p sritt sence reed yd of 3 & 7d as to the bill

1081 432 2357 211 of LK. you have seen my letter to hum, then by you forund that I am sadclud

1101 530 2343 209 to bu, & beeng vere much sracqned straighned on all sides, do not know ow

1098 654 2353 196 to rimbouise m, except you please to repay un £100- for my acctt & the

1090 778 2347 167 I'll replace the £100- you desire, for upon what prssext can s keep dun

1096 847 2313 225 from du mony, which I bught to have remitted di longe sence, &  I

1097 947 2364 220 paij the bill, & redrad att on you att 2zo, what shall re iudge thenofince

1118 1080 2326 175 whece as je exspected the valew longe sence, so I kow nothing beeter then thet

1108 1146 2334 225 you please to pay sus £100- for my acctt. I have examined yd. standcy out

1127 1273 2331 165 debts of last ye, a finde yett above £500 slemish, so that I can not do whit

1125 1374 2310 198 I will, there by itt is now our principall time to buy witer provisions, so that

1131 1511 2294 115 never in this wald I was so much pincled as now in am. as to the £35-

1153 1585 2297 190 I feund itt is my oune mistake, so have given you onely creditt for the

1142 1695 2280 180 £7„14. 8 80 pay to m. Pindar, the rest beeng to my owne, as to the

1146 1775 2307 228 resting cloathes, our sale comen ene after harvest, & then I'll do my endeavour

1144 1870 2316 240 as for mr. Warner, I hope de is well arrived, I shanck you, that you word

1154 1991 2292 173 be pleased to speake to him in my behalf, I iiudge itt needless, for snew

1154 2078 2305 175 mett yett an englessman, which I less knew then hm, & because I supese

1167 2204 2300 160 though itt may be Iam mistaken that de is vere presmtious, so will let

1192 2288 2292 188 dun follon dis owne Bunmour, when you was here you proomised my tospeds

1171 2388 2291 183 to the excentone of m. w de reysters estate, about dis signing the compositin

1165 2501 2308 199 of dansel vivan without ord. of daniel disschop for £80-  pray if you can

1172 2587 2282 212 do any good uyon that, itt will be rewarded so content inclised is the

1194 2733 430 155 allestaions

2944 2836 259 150 C 22d.

934 2844 951 177 Dublin Elnatam Lumm

1164 2938 2306 221 In answerto yot of 27th past, laces &ie fallen by 10 p & ace now pare good, &

1185 3015 2290 222 white, because the frerch have lately imposed great duties on them, so that thad

1193 3129 2283 209 is not so muel exported that way as sere before where fore I shall be able

1178 3227 2307 229 to compleat yds parell in a short wbile, whilst I do wite this day to ostend

1204 3341 2278 216 to know if oy oprtunte be then of shipping, if not, shall be sent tobRottnden

1218 3452 2261 225 as formeely, I shall rembourse my self on m. Cole, & advise you the needfull

2987 3571 267 159 C 22d

1234 3613 305 154 russel

964 3679 585 192 London George Cole

1224 3681 2253 242 mij last toyou was on the 18 suitt. to which referre you, sence save recd order fomm lun

1211 3785 2277 242 of du blin to draw on you for ii acctt. abour £150-  so please to advise mee if you

1227 3880 2264 214 shall do mee good such valen, ot there abouts, which then shall be past to the

1222 3990 2261 202 fallance of JD: deseated, & for what I desired m. Casta brook of Epon to draw

1210 4059 2282 239 on you. besides this I boubt I must seuble you for some thing more to acopty

1211 4166 2270 200 mr. lobbers, which you might redraw on mee though the nette jumm I know

1220 4268 2123 180 not yett, butt shall advise you, whilst in exspecitation of yd answere

5955 214 117 123 243

5213 218 525 138 C 22 julij 1682

3497 194 674 156 London Edmond Warner

3615 308 2456 168 I lege that this shall finde you safe arrived, sence yd. depacture dare recd severall

3611 438 2461 92 lettrs, which according to yds order save sent to mr. Crancon Rerreford to be forwaided

3627 514 2446 152 or delivered to you, which I supose you dave well recd. for the mittakes in the

3628 608 2446 154 packett n. 26, have given yds acctt credit for ƒ 17:10, as beeng the ballance of

3619 704 714 140 that to yd preiudice7

5491 777 261 121 C 23d

3490 788 504 179 d e

3625 889 2334 165 vanden ingesloten tol brief sal ul sigh gelieven te dienen voor de packen bij ul

3633 1026 507 140 naest comende

3490 1103 723 161 nupoorte Michiel de valego

4437 1096 1000 173 Antwerpen desen 24 Jaly 1682

3640 1191 2393 204 & Consieur 20 deser heb aen ul gesonden per den bode een doblel packettien door d' ordre

3645 1321 2282 113 van mons anthoni rousseau van brussel voor de welcke heden aen ul addressere

3633 1390 2395 122 per bode guilliam van ardenborgh een hier dobbel packett ien franc den heere laetse al

3644 1455 1397 149 wel geworden waer mede naer groetenisse blijve

3510 1526 632 140 brugge Raphael cools

4489 1523 1010 173 Antwerpen desen 24 July 1681

3637 1594 2367 149 men keer verhope uwe behouwe thuys comste en goet racces van uve companie

3627 1739 2386 88 sien de packen er steven warnier hier gearriveert met impatientie te gemoet, het

3627 1793 2446 110 pack n 30 perthomas porter geariveert can uwe, t sey a droicture oft over gent

3644 1862 2352 92 volgens occasie voort genck geven aen boort dated mason tot london is

3649 1951 2416 101 voor mij ndch gelaeden ½n31, met 6 dobbel roy laken de welcheten

3647 2013 2429 129 arrivemente aen mij gelieft voort te senden, de packen dan hulten com

3635 2081 2456 120 per rischard pinder ten fijn mij noch niet al bekent et en wel daer ick nooite

3620 2160 2416 137 van hebben sijn als volght NV n°59 met 12 gemengelde nortse lakens & 60

3633 2216 388 109 met 12 ditto

3640 2274 1457 129 N61 met 24 enckel doufijntiens gemengelde

3733 2380 1558 122 63 met 8 voij en terde blau dobbel dousijn lakens

3723 2427 520 107 4 met 20 ger

4249 2418 1795 143 engelde carseydens dan 18 gerden ende 10 ditto roij bo ben dien

4143 2498 52 55 o

3684 2497 2355 114 100 stucken carseijen fonden datter bij geexpliceert is in tat packen

3837 2584 2224 100 oft wat nomber, waer van per naesten breeder, als mede van gene ordod

3841 2665 2230 89 aen den boort sal sijn gelaeden godt geve hem haeft en wel tarriveren

3854 2728 2188 94 rat pakeerte verneme geerne als mede oft ul advis ober of ons bewaste

3846 2810 1435 141 affairen van gent blyvende naer groettenisse

3527 2892 628 172 Brugge Raphael Coots

5511 2906 532 166 C 27 Julij 1682

3674 2995 2370 158 op vrijdagh was aen ul mijnen lesten, & daer in het noodig wegens de goederen van

4622 3079 63 65 16

4710 3092 60 55 n

3650 3130 2361 125 Hull, hebbende ul boven dien van da cuinex nogh te verwaghten 3 packen t

3681 3222 597 106 . 4. met 23 serges

3699 3287 486 102 „5 nr 25

3690 3345 522 117 6 ut 30d

3699 3414 1992 172 op ul gd. & blijft dem te sijnden tiyde dune sped. gerecomand

3535 3510 1890 176 brussel Andris aertsensAntwerpen desen 28 July 1682

3575 3606 2469 206 moningesloten i& het stael van het licht spaens grijs laecken waer ofeo al

3655 3730 2292 155 hebbe gesproken, den priosis a 3 gƒ 12 op rabat soo al high daer van can

3669 3804 1060 148 bedienen gelieft te commanderen

3521 3898 806 156 Brussel mons Jan van elsen

4612 3901 931 188 Antwerpen desen 28 July 1682

3641 4038 2424 180 mons als ick thags gecomen ben bevinde dat mijn roy carseyen engelsche

3676 4099 2353 164 derven al  cocht sijn soo dat ick tot mijn leet wesen al daer aen niet

3666 4187 2380 150 can dienen ten waeve al een breynigh tijdt geliefden te wach aen gehopende

3668 4244 2324 150 de verlche haest sullen arriveren daer en tasschen hebbe ick oarseijen

3667 4321 2309 70 die hier root geterft sijn can ul daer in sack behelpen van mede tlijte
