8569 4595
2343 218 929 155 Antwarp 10 fo 1682

870 245 807 155 Lille Richard Sonthell

1026 298 2377 205 P. In Answer so yo of 3: curtt do hertely returne you themimed

1193 411 2179 205 for y d. advisse, of which I finde wee aggree (inthe

1164 533 2227 167 latter, for pres olve, to have a small assortment for to gett

1170 633 2224 194 in our debts, & suyrly thebest eust omers, the rather because

1185 766 2233 223 finde severall croched, of which onebrokeg some dayes fee

1837 874 278 88 mall

1188 848 2196 231 forƒ 400: for mee, in which m. Collier is for one toth

1196 948 2203 192 concerned t M:C.V. & reach for about ƒ300: the aggrement

1195 1078 2190 166 or composition is made about 32 t Ihave butt vre

1172 1146 2243 204 little franding out inthe villages which is some comsos

1186 1270 2218 222 yett allthings grow frombad to worse every day: & the las

2204 1383 113 72 iich

1181 1364 2177 182 prindation will do us pmich harme, for that tos,8

1160 1470 2238 161 nat fobe valuwed, & every one almost concerned, what

1204 1549 2200 191 will make mony scarey att no rate. that is not in shellott

1206 1661 2180 155 considered of t6, whoes acctt. I send forward slus dan by

1210 1705 2178 236 which is due lohim £ 707:18:4 flemish up on whut

1160 1833 2248 162 ne nath drawne shis yeare £220 t & there is no less yett then £1100:

1163 1941 2230 127 in standing out debts for his acctt o the rest of all his goods are 11 cloathes

1154 2059 2204 128 he hath draw ne last yeare above £2500: & the ballance then was

1162 2164 2219 103 butt £2100: flerish, how can he besailed by such a trade: & what

1153 2231 2241 123 incorridgment can itt bive any man to serve hum att that rae. for

1126 2338 2220 127 the sale of 1681 for His aett was inst alto ghether £ 1500: flemish a

1165 2402 2241 137 that sy must leave to, for he hath alwayes been the most troubbn

1188 2484 2227 155 & srather gott bute one pennie att more case & creditt, them

1185 2599 2189 141 3 spened att such rate 1s discoroditable, & do resolve also to

1185 2673 2229 176 engage intinthen then, I shall be well able to compat

1179 2775 2182 136 with my owne ftocke is £a a £ 3000 dtt intress whih

1177 2865 2218 174 I can have att 3 & 3½ cect, yett of that yll avoyd all can

1188 2944 2164 168 & what I can bing in of my owne, qui no intrest forfos

1162 3024 2238 195 61 finde itt to make itt worth ones swiike. you referre mee

1186 3098 2186 221 to father aviano, I amsure heean not do that miralle to

1188 3196 2168 221 bather aviano, g amsure heem not dothat marack& mee

1159 3256 2260 261 gelt mony att lille & have no valece there, er ceptny onceoos

1184 3377 2190 175 do so for outsu, whoes good honnour might be brought

1159 3435 2249 226 to that, by his piasion, butt itt is athingh which I Mill

1172 3537 2199 177 net  think off, mrich less propose. so finde minst do

1164 3638 2225 116 either, whilst petuirneyou thanckes, that you will imp by for my intwe

1146 3703 2263 137 before angother, what Imight hav tospare, which asgett & si yeu

1167 3795 2225 90 mll benthiny peng & shallevant mony here uts un pruy att

1165 3838 2252 154 yd vaun send meetheneedrull acctts for 1 nakenec booken sinn

1147 3918 2259 120 lat sne  woeld faue nake apertects ballanw: as 3oo m nvall

1152 3966 2267 149 for mejpert scan not adviseyde benge gemnick ershln fa

1141 4059 2274 117 shnche hath aestock, encept tehat brockmiis the cassier de th asen

1134 4092 2269 124 Annwishall, whick & hean vergreat forthepruset. biutt if they ome

1158 4173 2250 97 sallont what then of T.41, for I do notst mich lile his trati & his lssent

1149 4229 2257 111 Int hyens & keepinge cheese & te ferth ick satheraviane hadin rokl upe

1149 4293 2265 92 hunm & might versuade ruyself mij good ferundor suices inte het he in de stel

1160 4354 2247 88 deuntes aheavy com. ljve long bijd &l Dran ferhim onthem,

1155 4388 2253 101 to redraw: w culd give you ett credit no adveug, pre ir ould ent sc

3556 208 2465 134 thubel upei our , so betamt yood & I keep yd self seime, though I 16

3567 260 1081 134 contes a £100: is a smale mattes

5543 272 409 148 a 18 febo 1682

3422 337 577 161 Lon heny Collier

3550 398 2447 177 mij last to you was on the 31th ppast, sence recd yod. of 20 ditto, as for Cas. abshall I hope to

3554 501 2428 142 know the needfull I ginst, to accomodate yd & my freind m. Ednd warner you have prevailed

3545 569 2458 159 ommee for £100- realy such accomodarons do nott blease mee att all, & I can nott thanck you

3560 640 2460 206 for that, butt vere much blame, for itt is a jeare ago, that you would not trouble mee

3566 738 2463 160 in that finde, nay of the last £200- never no more, & now againe £100- &  has £100-

3541 803 2459 159 more before this comeste yo handes, you need nott to Jugure what a goung man makes

3547 891 2442 182 so werrj of to good old freinds corrispendency for I see opently that you can not be saved affer

3552 985 2439 169 that rate butt rather loost, by our trade, which never in this wold was so poore as noww, &

3565 1076 2424 158 the last sergible Jmnondarons will bring itt so low that if the least frenck bout comes

3550 1163 2415 153 so sts any thing, itt will loose itts breath, there by is no mony to be reeaved, & yett m.

3565 1261 2176 133 collien is not pleased to considder any of our miserable conditions wee are under

3541 1320 2480 203 Inclosed you have the needfull accctt. there is resting in all 11 spanish cloathes & due

3542 1440 2490 170 you I ballance £707„18„4 which finding right please to note accordinglly. I now mele

3557 1515 2470 178 you debtor for the deets sransported mee for yd acctt. by the wedw boels for I finde no hopee

3560 1611 2415 138 to recoven any thing, which if I do shall come in yd creditt. I have also made you

3551 1677 2428 160 dibtor for £14„4„4 att 35„6 for the spanish cloth for my accctt. which hope is to content

3545 1776 2433 192 I finde in standing out debes for yor acctt about £1100:- flemish amonght, which the wed.

3565 1850 2438 180 amustens for a cloth sold 12 marck ƒ132.12- & hath made for an aggreement of about 32

3566 1931 2451 209 that is the first bad dibt I had yett though itt be much more then for you the

3555 2059 2483 151 pueatest cause of herbreakeing is the mundation, for her mother is dead semetime a go and

3538 2124 2460 149 lest a good parceel of landes, which now hare lost, & should have been sould, which had

3559 2214 2463 185 butther well anough in a condition to pay every one, & to continew her trade now god keep

3551 2297 2447 164 iun from worses for itt is avine, that wee do not knw whow to trust, & yett wee have no

3568 2389 2451 137 sall att all, & had not this 2 morths: if I may advise you, draw no more upon mee, for st

3558 2489 2462 151 you please not to take notice of yo owne Intrest & respect, I must not do itt whilst I returne

3553 2595 2453 138 you thanckes for yd kinde presentatior . Please to observe that yd bill of 20 Jan. is upon

3550 2671 845 143 acutt. of the £707- p

5440 2677 533 175 a 11 feb 1682

3457 2756 725 176 Lnton m. Edmund Waner

3549 2827 2429 189 mij last to you was on the 31 past, sence non from you, the packett I then sent you

3554 2938 2419 170 Envoyces of, ares destincteley you formaird, & well arnire datt arrived att mouwfoute is the

3559 3074 2431 89 messangers tells mee that carried them thether though I have no advise from mr. vallego

3559 3140 2410 123 onely of N.11. & 2 which doubt less, & N 13 are now att dover, N14 can come with

3558 3222 2444 128 this packitt onely because itt went away the 7 inclosed is invoyce of 8.15. N16 am

3552 3304 2471 138 to £217:15. 8 flemish, which finding to aggree please to pass to my credit. I'll delay

3559 3376 2426 171 diawing on you as long as I can, becauses I am of opinion that op will rise, the

3551 3486 2466 159 rest of yd goods inordered will follow, con secutively, they beeng all bought, so that you

3573 3599 2469 139 maj expert with every packett boat some thing, to devert therosie, where in elco I can

3555 3674 2463 169 seve you preely commandand mee7 I could wish all yd goods suse to yd handes thes

3559 3799 2422 148 I doubt not butt they will incorridge, you to continew where unt I have don all I

3575 3865 2425 154 could: I doubt the laces last will contenew lost for the couldiers are all deserted

3577 3961 2419 155 yett wee have faire promises of the comt to have the valeu out of the pay of the

3578 4041 2457 188 regement out god knows, the poore souldiers are ardely payd mee a yd yett besure

3580 4167 2416 118 ns endeavour is wanting. Please to take notice that N.15 can onely go for nieuw foort

3568 4250 1497 151 he 133 cur. o A 16 th 44 & tath & so hollowing
