8569 4629
2572 224 670 105 Antwerp 12 xb 1681

820 249 783 113 London Henry Maynard

1676 249 118 93 th

1094 269 2252 128 Sr. in answer to yd of 28: pas., I have writ the needfull to ur coots att bruges about the

1075 353 2287 78 goods to come with remingls of which exspect the invoyces p next: Iobserve rekond

1070 419 2290 79 theex tohye of the mony payd mr. baudier, where fore pray lett itt be altered according

1076 491 2281 86 to what you note y for I have not yett carried itt over inclosed the acctt. of sale of yt

1092 525 2273 104 which please to exmine & finding wright noto accordingly all acctt. of 81 will be veady

1080 576 2242 119 att yd coming god willing, I could wish to see you here, before you settle anyting

1084 658 2240 95 att brussels about laces, for & supose I can do some thing to yd advantidge more

1077 701 2228 129 then yett you know att least must brussels be yd way before this Ican meet

1066 752 2272 178 you there to come then hether: Iam ust going for brussels now in hopes

1067 807 2271 169 to finde more mony there to remitt you which shall follow I hope p next

1069 881 2303 176 post: & doubt wee shall have warr, because there is some news of the pancurs

1081 960 2213 153 haveing arrested all french goods in all spaine which if be true will

1076 1027 2251 160 certainly breake outt the wwarr & carry as away first, intrim wee must

1065 1106 2273 149 leave all to providence whilst you may be sure of my endeavour forge

2737 1157 483 136 @ 12 ab 1681

1061 1240 548 100 intrest & horrest

815 1274 769 130 Bredael Laureijs kan

1069 1284 2250 185 B.den ul van 9 deser heb ick ontfangen ende het coleur laken den mij deieht

1064 1348 2296 201 seer dunckt valt bij anderevorlegen vergelegen, de leyst is oockte smal sino

1072 1484 1106 117 van 26 a 28 drayen sijn te weten

1694 1485 991 156 3 witte dragen aent laken dan

1687 1586 562 109 3 geill dan weder

1683 1647 500 107 2 witte en dan

1691 1672 553 137 4 roij endan weder

1684 1771 250 75 3 witte

1696 1823 213 72 3 geil

1694 1870 232 64 3 gritte

1677 1920 178 61 4 roy

1462 1898 1824 161 sijn 26 dragen ten minsten, maeht mij noch een coleur

1069 1964 2281 163 gelijk dit stael is en laet mij weten hoeverre dat gij met de wolle sult toekomen

1066 2042 2258 105 ick soude wel gesint sijn een getouw incoleur te laten gaen ende een in witte

1075 2130 2228 97 tot vrouw lakeng en bree leijsten overhandt, maer ul heeft mij in allede voor

1085 2141 2263 172 gaende witte seer qualijk gedient want de leysten vallen wel s0 ellen cortere

1056 2209 2275 163 als sij behoorden, die aendebree leysten en sijn geen a40 ende en konne niet

1072 2263 2211 177 gerecht worden, soo moet die altemael afsuyden & de lakens soo laten

1061 2366 2267 129 bereyden daerom memt liever witt haer tot de lejften en maeh tte lanck

1084 2417 2240 138 genoch, ul moet met den kerstijt eens over comen om van alles wat

2973 2491 317 125 @ 18 ditt

1061 2527 585 109 breeder te spreken

836 2575 918 126 Brussel Jacques francelle

1086 2578 2199 206 ie vous ay envoye par la barque ordriras en pargs sauck avez 4p

1088 2674 2162 148 carise pour envoye a ins Trivies a mons passantles fres ason ordres

2904 2713 419 130 @ 15 ditto 1681

830 2771 1262 103 Brugge Raphael Coots michill vallegp

809 2810 2494 136 Nieupart mous. 12 deser hebbe aen ul het pack IW.N.8 gesonden als wanneer

1075 2879 2161 150 tls wan neer het mede gaende packett te laet guam dan voorts

1078 2956 2193 141 gesonden te worden soo dat het selve eerst heden tot ul senden

1066 3004 2225 130 om daer mede te volgen d'ordre van mons. Antonio rosseau het

2892 3063 409 118 1@ 15 ditto

1075 3072 1963 141 bestaet van 4 cleijn achittes & soo nae groet blijve

819 3146 1138 138 Amsterd De Hulter & van Hondrigst

1076 3144 2254 186 mssr. in antwoort aenden ul van 12 deser heb al mogelijk de buver aen gevent

1085 3215 2211 194 om de bekende bellefacie boter te beneficeeren tot meerderen prijs aes

1082 3284 2211 193 pr mijnen leefte hebbe gementioneert, doch het selve heeft niet

1077 3332 2241 200 wille lucken soo dat dan genootsaekt was die te vercoopen aƒ11 ock

1061 3417 2235 171 22 pout ter ony maende pr wissel brief soo wort die over morgen

1081 3476 2234 237 gelevert & aen ul de rek toegesonden tis aen peeter vanesse

1078 3555 2155 183 den welke devoriger gelever de boter met eenen sal betaelen

1072 3628 2212 206 soo wert t geene in cassa sal sijn ul geremitteert tnae het

1072 3698 2224 218 sleuten vant baer ul iek courant gesonden, als wanneere

1057 3773 2207 178 de mijne desgelijk verwaghte midde ltijt, soo eenigh boter van

1059 3853 2254 178 brugge haer cont te arriveeren sal het beste daer mede doen

1059 3936 2310 171 & ul want gepasseerde advies geven hebbe heden met dencontrer

1079 4049 2231 116 vandeso coninke rechte noch large gesprokens overonse prendent

1072 4161 2297 101 den welle mij noch hope geeft dat sij die saeke sullen konnen eigtsen

1084 4217 2259 105 modeienen te geene drel wenschie sij gedocht wilde want anders soo

1074 4277 2233 114 ick die vande ffijnatie daer over soude loeten versoeken soude het selve

1070 4328 2261 138 te veel costen & op onsekerheyt gestelt blijve oft ick gandere soude oft met

1120 4417 2140 82 alevenwel met die vant contoir nen het beste te doens re

5006 199 977 78 Antwerpen 15 xbris 1681

4214 216 148 63 th1

3393 181 622 150 Rot Rovert Aartely

3517 252 2453 92 S in answer to yd of 12:curitt you have don amis totell smy gould without my

3489 306 2441 72 orden, because itt was to loose when yett wort you that afterthes rate noted

3483 338 2437 94 itt would not loose, for rather the to have lost one nemme should have sent

3481 349 2510 135 othir spetie & disposed of the gold otherwise when yd assigne comes itt shall

3478 471 2432 88 finde due honour inducatons to have no more of yd contradit tory lines

3464 505 2409 85 though yett &exspect yd abatement as for the bayes of ƒ29 sende them

3484 526 2490 146 to mee according toye promise Ill exspect them, butt they must be here by

3479 592 2482 128 friday att furthest to serve my turne, so de depend therupo & if you

3471 656 2388 137 an, abato any thing pray doitt & que mee yd sadaise & sorh remainne

5409 705 528 114 d 16 ntris

3411 737 778 141 sent fruncois

3494 761 2498 163 mons 12 deser heb aen ul gesonden een brefken om 20a pas nu te voorderen

3497 869 2463 108 van Gan pr boetaert hetw dencke ul wel is geworden, alhoewel van ul

3491 875 2499 176 geen antwoort hebbe becomen laet mij morgen n toweten oft Joan meerten

3477 916 2470 183 van brugge costij alis gepasseert & wanneer dft coots sal aen ul een pack

3500 990 2520 175 senden om met wagens woorts te comen het selve moet ick hier ten lanst

3457 1035 2546 177 vrijdagh hebben soo bidde ul daer op te letten & van te vooren het noodtghe

3480 1083 2476 198 daer voor te besorgen sondertijt verlies waer op mij verlaten & blijve

5358 1133 658 112 a 17 xb: 1681

4418 1202 141 81 th

3404 1220 693 136 London Edmund warnerf

3510 1209 2412 186 Sr. my last to you was on the 12: curitt seice non from you, so this onely to carry the

3508 1244 2494 197 inclosed invoyce of the 2 packette of laces acctt to £260:19:2 which is the full of

3519 1321 2425 187 yd order except one. of crawats with duble purkes of about ƒ 15 which I could not

3510 1367 2463 193 finde to content , these breng little non made that are worth that price att

3510 1402 2481 194 present I have added onep of without ground because others do often order such sorts

3500 1460 2463 194 I can not aprehend anj the bast faurth should be in this percelt therefore desire

3498 1512 2494 177 you to examin the whole & give mee yd oninion, for laces can not be cheaper

3493 1560 2416 186 I am surg non is served upon better termes, so you iust not undervalew

3508 1642 2489 166 them butt well make them worth the great risco & intrest & to content

3506 1662 2446 184 you have here also inclosed yd acctt. curett the ballance of which I have

3493 1671 2493 249 this day drawne on you payable att 2 uso to the order of mr. Henry maynard

3537 1718 2473 233 for the valew of mr. Cornelis ande wiel beeng £265:1 t att 35:4 which is thevere

3518 1836 2379 170 hileft of theex. so desire you please to give my bill due honour & in what

3517 1880 2362 192 occasion elce you shall please to command, mee you may be sure of my

3511 1949 2463 185 endeavour to promote yd intrest as my owne & remaine 17 xb 1681

3406 2070 832 132 london Henry maynarel

3518 2000 2481 260 Sr. my last to you was rathe 12: curitt sence have understand that John ceminge wad

3521 2072 2494 232 att the road of osfend, so hope he is gott in att bruges before now this is the

3518 2134 2407 238 last letter I shall write tto you blfore yd commny away &hope he shall

3528 2166 2425 235 reach yd handes: Iam desine for a freind to draw, on m. Erniund warnen

3524 2219 2467 240 £265:11: st which I remitt you on him att 35:4 att 2 uso for yd accttbeeng

3525 2273 2460 248 £468:8„2 which though be noted for the valew of Cornelis van dewill

3518 2347 2467 210 must be noted as desire, & that & supfose is proforme a wordin answerof

3515 2424 2447 186 dittom. warner because smight more oftend remitt you on him &

3511 2535 1155 158 soremaine with kinde salutte

5478 2542 370 114 @ 17abr

3491 2499 2098 229 what here in  desine to know pray lett itt bekep to yd self

3537 2600 2460 251 den ul van gisteren ontfang N 52 is mij geworden de A coots seght dat N 53:

3430 2657 841 164 Gent francoil Herrebout

3522 2657 2442 249 & 8 adroiture herrewaerts quane soo verwondere mij dat die noch cossiy sijn

3522 2741 2442 206 ick moet N53 vrijdagh hebbe oft te langhste saturdagh smorgens soude daer

3529 2787 2465 233 eenige weer voor sijn dat sulx soude manijveren soo moet ul het selve

3532 2858 2461 243 pr wagens mijsenden verwaght noch een pack M met frisaerde van brien

3538 2894 2448 245 daer de H coots ul sal ordrneeren oock p ragens te senden het selve

3541 2989 2367 232 moet ck vrijdagh oft saturdagh smorgen hebben daerom en versapst

3549 3009 2483 243 in hetminst hier niet maer manqueert niet dat ick naerbij geen schade

3528 3115 2491 193 leyden dander lakens & serge packen moghen advoiture conen myn

3528 3175 2480 210 tollief is noch te soeken adviseert wat passert doet devoir om

5427 3248 530 144 @ 17 ditto

3538 3326 875 127 de 201 pass te ontfangen

3415 3398 625 123 brugge Raphael Coots

3538 3365 2465 203 tot antwoort aende ul van 12 & 14 deser ben blijde dat thomas Elndonwas gearriveert

3540 3414 2494 231 & Joen ben ningopderee van ostend van waers kope voor nu costij is gearriveert & dat

3550 3501 2475 186 ul het pack gemengelde frisaerde, sal hebbe versonden, want ick op het uijterste

3542 3565 2435 188 daer om verlegen ben vrijdaghten langhste behoorde hier te wesen de packen

3535 3619 2443 206 N. 5348 tardeeren seer lanck de geene met de selve costij voor andere vrinden sijn

3544 3689 2393 214 gearriveert sijn voors dagen hier geweest, verwachte te verstraen, wat schip

3539 3751 2398 186 ordublin sal vertreken om mij volgens te reguleeren terwijlen blijve

3426 3892 878 135 dent francois Herrebout

3549 3899 2423 181 mons. referre mij aent geene gisteren heb gescoreven nu eene van mijn

3550 3946 2428 176 tolbrieven gevonden die hier mede gaet om mijne goederen te bevrijden

3536 4026 2387 187 gelieft sorgen te dragen tot geen ul gisteren heb belast als mede

3530 4098 2388 171 de anderen goeden op het spoedighte voorts te helpenblijvee
