8501 4601
2735 204 550 142 C 29 Julij 1682

861 235 880 146 londen Joregn Sabbarton

1098 304 2308 194 you save answered mine of the 18th past to m flay, yd of the ½d, I

1091 412 2330 154 have reed m. Clay hath recd of m. mullan £100- flemish, with promise

1089 506 2335 170 to pay £150- more yeasterday, butt de is suddainly you for Brussels, though

1100 622 2292 157 this day exspected sere againe, so wee will not loose any time to gett itt

1102 700 2344 138 or force dim to itt, the 2 packetts  N.1 & H shall be sent o newport nept

1113 843 2319 131 fuiday to m. de vallegs to follow yd order, In case you have not alread

1085 937 2354 123 been with nr. warner, I would advise yon not to go, because mee thinghes

1107 1047 2307 141 I shall continew in dis commissios, remember mee toall freinds &

2942 1164 276 137 29d.

860 1137 641 179 londen seon loyd

1091 1202 2366 188 In answer toyd of tth caritt. as for the bale of tykes is past to yd acctt for I

1118 1346 2310 150 never sended any for my owne, & shough you complaine, yett I hope you will

1094 1438 2351 154 finde yd acctt. att last, & Jf you should not, I'll rather allow some a bater

1104 1534 2323 138 on the ¼ 3 seales, you please to observe that the com is much restr hem

1109 1652 2304 134 againe, so that itt is a Gaid matter to have any thingh cheaper, & I do

1107 1754 2326 123 not know bow any other could sill, better then you, othero allowing mee

1128 1833 2305 172 more & provision, & now you see  did not yett trouble you for the valew, &

1104 1962 2338 143 Il I draw att tux, you will I lope have sold them alls & rad the valee for

1125 2041 2344 125 to pay itt there with as for laces, I serve severale frrinds in london & sulm

1112 2143 2322 165 so thar I may not be concerned, other wise I would, & for a tryall I'll send yu

1128 2252 2323 145 a small parcell, on which you may depend, as also on my endeavour to

1117 2353 1505 155 observe yd. Intrest in all as for my owne

2908 2411 328 174 C 29d.

906 2444 843 192 Epon Will Hobbe & Coms

1133 2508 2301 241 yd of the first curtt. I did not answer, because I thought itt was yd

1140 2676 2285 141 ernor, at by yd of 5d. I finde. I have made you debtor for an errer

1121 2754 2329 121 In the bale n. 2:3 where you clarge mee for £12:8:6 which is butt

1113 2855 2335 137 £12:1- N 7ƒ:6 pence to my preiudice, I lave reed yd. invoyce

1132 2951 2319 177 & pat. of 3 bales aboard Ewings, for which shall given yu credt

1142 3090 2314 164 you dave not shipt them in the fiust vessel, seeng that wills is rady

1134 3182 2345 146 & no news of lwings, buy no more serges sill forther order, & lest me

1150 3281 2300 140 dave the perpet, which you dave already bought, & rather then to

1144 3367 2317 158 allow more, would have you send onely what you have ready, for wee must

1149 3445 2318 166 buy good cheap, & good goods, or elce wee can do no good upon them den

1144 3534 2329 210 so pray do yd ut most formee, & space mee wiil yd drausts as long as pon you u

1151 3645 1496 179 without yds preud, m Cole will accept yd bills

2982 3653 303 164 a 29d.

930 3753 729 177 London Geonge Cole

1150 3787 2319 218 mij last to you was on the 22t suitt unts which I do exspect you answer, then also

1146 3926 2315 161 desixed you would be pleased so accept some thing for mee of m. W. Lobbs dut

1132 3963 2338 213 the whole will be about £200-  butt not above which I hope be shall draw onyd

1160 4070 2314 182 att some tme, when due draw on mee att 2 vke & yd. bill shall be duely difeey

1139 4224 1007 148 In opspeckn bp yd answer

5362 191 720 136 29 Julij 1682 153

3481 181 612 167 London Luey Kingltley

3602 265 2492 193 haveing been ont of touwne did not sooner artswer yd of 3 & 10 cut ar for

3600 411 2455 120 the bill of £100- I do not quession butt what you did, was by the desire of

3591 476 2482 151 m. Collier of is sonne, in the meane while I hope you will not blame mee

3618 571 2449 171 for accepting the same got yd. donour & acctt, as I should do, where soever I

3620 659 2424 161 should mist with the like of yd sand in what ou soever, except I gad

3596 806 2470 135 yd contra order, m. Collier hath promised mee to rembourse mee which I

3601 853 2458 188 do not doubt butt be will ferforme, for I everfound dim as good as inword

3613 979 2362 138 & I gould be vere sorry that this should be, or cause the least breack in yd

3605 1125 2468 113 frend schip to dim. I shall exannu yd. acctt, & remitt you the ballance

3609 1180 2478 152 p frust, for though you pretend to bave oa for mony, yett I can sardel, beleave

3607 1296 2447 129 itt, yett that shall make no way, for mee to keep you from yd. butt with

3617 1370 1535 175 thanck fullnes endeavour to satisfee you a

3490 1471 697 186 London Enry Collier

5578 1464 327 162 29d

3618 1614 2453 149 mij last toyou wat in the 2ith curtt. sence recd yd of 10 d. I have wrett us.

3627 1730 2450 132 imgetley this day, which I hope will give un contf. I do not expect see

3634 1823 2418 116 will servple you in the least, or blame for what you save don, for you are

3622 1905 2430 164 more intimated then to be sefarated for so small a cause, if you please to

3621 2034 2453 145 have mee pay yd bill with donour remitt mee the valee for I do not know

3641 2082 2428 173 how to pay itt & reddaw itt to some body elee butt sun, seeng I must need

3613 2195 1375 142 remitt dom, so shall exspect yd. remise

5207 2203 879 165 Lave a leser J Wanne

3628 2322 2403 144 by which mee thincker, ie es better resolved then when se was sere

3668 2402 2419 171 the widdon boelo is blawne up & n avay, & cheated many, & mee inte

3618 2494 2425 150 the rest, itt is se bad asome here, that wee have much a do to considder

3641 2633 2432 144 how to beuss any boddy. I seave cmore bad debts, god preserve mee for

3631 2696 2418 167 all om wale fare depends under the peoplen Bickley is come over

3627 2789 1099 155 there & new war touse againe

3493 2873 868 193 london Henry Willinghton

5576 2932 315 165 C 29d.

3604 3015 2448 217 volgens 22 deser aen ul hadde ges hadde gemeijns de cansen ul

3607 3136 2463 182 gesonden te hebben, dogh icq hende geen pant de venise naer mijn

3607 3248 2486 183 sin, pours de lorene oft de france die comt van bans, soo dat

3611 3332 2451 202 Ick niet en ordeele beeter soude wesen als port de malene, dogh alsoo

3603 3443 2466 186 Ick bevinde ul niet en deest getermineert wat pant seg neemen bionde

3612 3535 2418 183 soo hebe eerst goet gedaght ul aen m. ab. vivian te adviseeren den

3613 3695 2408 140 welcken seer schoone pourt de malne heeft & ul aen 't gene noodigh

3621 3732 2409 218 hebe sal comen dienen, ten miusten sal ul bij hem connen saen oft ul

3621 3900 2444 139 sulckex sorte gelieft te hebben, den welcke dan op ul ord sal sejnden

3615 3989 2028 170 ofte de £200- r, terugge ul antw te gemoet siende
