8556 4601
2715 184 524 126 a 20 apl 1682

889 188 1066 171 Brussel mr. Jean hr Baudier

1135 276 2240 205 In antw aen den ul van 18 deser, 't is mij leet te verstaen dat mijn het

1161 384 2241 135 krweet soo langer de besge uyt stelt, heb aen m. kints versoght dat hij ul de

1159 467 2230 165 ƒ400- o soude willen daer voor bet: want bewijs is geen bet & segge het

1147 561 2215 153 dat het aen ul al van de leste voyage gelooft hadde, soo gelieft eens deser

1165 668 2221 137 over mijn promptheyt bij hem daer van te claegen, & wille niet twijffelen

1155 760 2240 162 ofte hij sal de weerde aen ul in weijnige dagen geeven, soo gelieft het bewijs

1162 840 1480 157 aen hem te present., ofte bij ul te behouden

2833 939 272 127 20d.

893 964 985 142 Brussel mr andries aertsens

1131 1024 2246 192 In antw aen den ul van 19 deser, en hebbe present geene roode lakens bij mij

1161 1133 2209 119 maer diversche onderwegen, soo dat icq ul in corte dagen aen de selve souden comen

1169 1252 2240 100 dienen, als mede aen grijs noortsche en geperste, hebbende nu alleenulijcq een geperst

1141 1341 2246 147 bij mij volgens dit staeln & wel 8 st witte grijsen gemeijn geperste, die, de weecke

1140 1399 2261 140 onderwegen sijn sijn cheere mael ul staelt gelijck, can ie ul in 't een oft 't

1180 1497 1377 166 ander dienen gelieft lieberlijcq te comanden

2201 1578 675 167 a 21 april 1682

876 1574 302 156 brussel

1307 1596 784 167 Mons Jaques Francil

1173 1733 2245 190 mon op 16 deser hebbe aen ul gesonden & beurtschip een pack NV

1210 1830 2180 159 N.3 dat hope wel ontfangen sult hebben ende magh ul dander van mons

1170 1958 1663 174 nicolaes templaer van bergen daer mede vollege

2799 2039 276 142 C 21d

912 2080 785 170 Lille mr. Richard Southill

1154 2143 2232 175 hier estoit a vous ma derniere, de puis je n'ay pas delle vr. don cedecy servira sailen

1139 2240 2183 167 pour vous advisee qui jean vale s'ene rchre dans un cloisne, que me deplais e

1148 2342 2209 148 plus resaides, & princepalment de re. amy N.C. ne pouvent cesr au presat

1131 2425 1921 142 a brussel je vous prie de m. advis pour me gaivernes en cete affaire

2766 2534 483 162 22 apll 1682

915 2544 785 173 London m. Jenry Maynard

2020 2626 104 90 14

1157 2668 2190 131 my last to you was on the 18 cur. to which referre you, sence no news yett of any

1142 2727 2196 159 goods arrived, so shall onelij answer yd of d curtt, I could wish our goods here, for

1141 2804 2221 148 have great need for them, principally for the 655 silver marche, which I exspect vere

1137 2881 2240 156 impatiently, so pray disparch the other 3 and then 5 more as soond as pod, and then

1124 2962 2228 174 yett 5 more, with 5 more before ott nept, so besides them 3 which I hope you rec. by

1139 3074 2226 157 this time, must have no less then 15 more before , in which pay be exspedient

1105 3169 2282 170 inclosed my note of the formars sold toyd. gord., butt I would not have you to give

1132 3272 2264 136 itt away, on thew itt the maker least he should avance his payse. inclised £100

1129 3331 2251 171 on John loyd due 2 a for which please to procure the needfull & past to my actt

1651 3429 100 50 ur

1131 3443 2226 134 alcording to yd desire, shall endeavour to be asquich in remises as por, and I would

1130 3520 2233 141 not have you be so straightned, bitt that you might accommode yd. self on mee

1133 3609 2253 184 pep, beeng well assured that you will avoid that as much as you can, I am

1138 3726 2156 150 sorry to advise you that John vale is foreed to retire hnu self in olloaster for

1132 3772 2240 180 safety, yets I hope he will finde out where with to satifye such presting people itt

1125 3887 2240 156 beeng for ƒ1900- for non elce that I heare would bring him to that extreamitie

1111 3986 2302 170 I hope you shall loose onely time P.S. Bet: Clarch arrived. a word of iny ale

5260 195 769 121 22 april 1682 antwerpen

3456 173 467 155 London m John Loyd

3570 290 2462 124 mij last to you was on the 8th curti sence recd. yd of 27th past I hope you dave recd. the pictures

3570 345 2464 158 & found them to content, I him serry the tykes give no better incordgment princepally

3554 427 2488 152 the ¼ 3 sealen, which I wonder att because no wee are loolger bedt made then in Enghand

3569 547 2433 138 yett I hope ere now you have putt then off, & want an other bale according to what

3556 597 2480 181 I wrott you have sent one for Brudgs to be ready there if you might have rccd for itt

3565 688 2470 160 yd yarne is all sold, butt there is found 3 bos of the white to sort, so shall warte for

3581 832 2451 95 holland to know hw that came, I shall mete up the acctt. the oft & send you, & sn

3572 875 1824 164 case you can finde incorridgment can dispose of a last quantiie

5407 990 287 121 22d.

3456 966 661 160 Londen M Will. Scaven

3573 1088 2456 171 I should have answered yd. of 24. past soonen, butt that I exspected to have had

3591 1207 2440 104 yd larger advise of the rest of the inordered goods as of some white or browne salems

3583 1286 2452 100 & some long cloth as for marly menioned, for the goods aboard sclack have given you

3580 1389 2452 138 creditt, he is well arrived att ostend, for which god be thancked, I have sins forward

3578 1448 1511 118 yd in ordered tjkes, of which the invoyce p ne

5505 1509 205 123 a22d

3459 1504 687 187 Aent mr. Francois Berrebant

3578 1603 2392 180 op 18 deser hebbe t beurtschip aen ul gesonden 3 packen te wieten p n. 23„ 42, met LK

3585 1711 2424 127 N.14 welck ontff hebbende naer brugge aen d. hr Coots gelieft te seynden om mijn ordr

3580 1823 2458 113 daermede te volgen. verwaghte dagelijkx eenige packe van Brugge de welcke soo haest aen

3574 1865 2449 155 ul ter handt comen gelieft herwaerts te seijnden, geloovende voor 't eijnde deser weeke bij

3588 1972 2421 132 ul sullen sijn, soo can ul een schip naer edvenant gereet houden, & mij wat pars laeten

3582 2043 1932 142 weeten, ul heeft sijn prov op 't clavasaer wat te hoogh gestelt

5569 2155 300 105 22d

3472 2132 697 147 Brugge dhr Raphael Coots

3561 2265 2464 100 In antw. aen de ul van 13 & 20 deser ben blijde dat den: clanck wel is gearriveert,  Rind

3568 2324 2477 149 & houlerson meden sullen sijn voorden dagh gecomen. geloove aen boort binden nogh 2 packee

5387 2401 243 64 gemengelde

3548 2397 2458 134 men sullen sijn als ul heb geadviseert, te weeten MrN11 met 12 noortsche lakens

3571 2494 2440 133 A.V. N. 56 met 12d 't welck g wat deswegens is verneme geerne aen boort Richard

3587 2610 2437 117 hontetson is voor mij 't pack Mr N. 12 niet 7 quarten & ½ gemengelde gemeijn spr: lakens

3561 2691 2455 142 Icq en weetelij naer niet wat pacq noemen om aen my op 't sgoedighst 'te seijnden om di wille

3569 2792 2458 96 dat om alle uijterlijcq ben verlegen, soo bidde ick ul geen tijt te verliesen om alles op 't spoedight

3562 2883 2477 110 te exsped., principalijck noghtans MN.7, & 4&5, verhope de packen dese weeke tot gent sullen

3861 2964 58 56 om

3581 3004 2437 65 connen wesen niet 't een of 't ander beurtschip maendagh aerstaende hier te connen sijn, waer

5332 3047 700 125 d' affaires vans Jan vale

3570 3036 1384 150 over andermael ul de saake gerecomand blijfte

3579 3157 2446 108 van brussel geen sleghter gedispeaneert aen de vrairder in Eng. wel weeten, soo is 't saecken ul geen

3565 3205 2444 129 ond. heeft, ul soude wel doen de goederen op te houden, In gevalle eenige gelaeden arriveeren

3550 3283 1213 178 princepalijcq voor H.C. & H.M&2

5568 3385 278 116 C 22d

3460 3422 788 147 Amstel m Jan van Elsen

3593 3553 2416 125 In antw. aen den ul van gistren segge als dat heden advijs becomen van ostende, dat daer

3578 3640 2446 106 een schip voor mij gearriveert is, waer mede veele versche goederen comen, het tweede wiert

3587 3723 2439 128 dien dagh daer oocq verwaght in het welck ontrent 300 bayen voor mij sijn, d'een en d'andere

3567 3819 2462 132 verwaghte de naeste weeke hier als wanneer ul sal adviseeren, want tegenwoordigh geene bij mij

3581 3917 2428 126 hebben, maer eenige frisaerden a 12 st d a goet voor sijn gelt, de naeste weeke, sal ick

3565 3945 2434 177 nogh wel 50 frisaerden hebben a gad. ingesloten stalen van dosijn laeckens  42

3574 4086 2455 119 d'elle op rabat, ul stael is daermede bij, & ben van alderhande laeckenss seer

5380 4157 656 118 N. 732 a ƒ4 pmis sonder rab

3583 4147 1662 156 wel versien ul connende dienst doen gelieft te comande

5451 4211 573 100 667 a ƒ3.12 sonder rabt

5451 4276 547 96 722 a ƒ 3.8 als boven
