8440 4656
2401 233 848 109 In Antwerpen 16 July 1681

679 263 774 100 Aust John Button

914 343 2271 78 mons.. Ick hebbe ul brief van 26 juni wel ontfangen dat ul in Colliers

942 409 2335 98 wisselbrief accepteert, ende op sijns tuyt betaelt is wel, maer daer mede en kan

944 477 2292 108 ick voort mijn geene betalinge doen: op 21 augusty ibso heeft ul geaccepteert

945 508 2323 139 op Ies maenden waer van noch niet de helft en ben vol daen, sedert noch de geleven

926 580 2312 162 frisaerden & kers & t boven dien op 16 aprill de in stucken sarges our in 3

939 641 2305 150 maenden te betaelen, soo dat alles overstier & vervallen is, ick en hadde niet

959 699 2271 172 getwijffelt ofte ick soude voor nu vol daen geweest hebben ende ul wet wel

943 778 2311 133 hoe de engelsche gedurigh op mij treken soo dat ick het met kan gebeteren

953 833 2329 151 maer ick ben genoet saekt ul oock te molesteren, ende tot betalinge versoeken

962 930 2209 117 alsoo ick present opt ujtterste belast ben ende tot nae den oostniet

958 973 2230 138 kan wachten, soo gelieft mij te seuvent geene mogelijk is: ick hebbe ul

964 1019 2317 155 balen mul verkocht tot ƒ5:- thoudert mits te laten verdinen met vernis

2593 1119 672 140 @ 16 ditto 1681

702 1159 828 153 London Arthur Anneslay

1702 1186 161 112 me

986 1216 2269 137 Sr. in answer to yd of P. curitt have no news yett of thomas Elsdon from Eron

977 1290 2306 114 butt I hope so may arrive speedly I have examn the invoyce & pattarnes I could

975 1362 2278 112 have wished some draps cullours had been amonghst them as are amongh

967 1423 2292 130 the cloth serges butt now I hope mr. wood will be exaiter to compleat

984 1486 2270 130 the rest of the inclosed you have the sale oft 6 months for yd acctt of

989 1550 2282 154 which the proceedis ƒ3488:15 ½ are £581:9:3 flemish for which have

1008 1601 2217 183 given you creditt sas also for yd ½ share in the 2 bales for our acctt

990 1671 2249 165 in comp. ƒ784:6½ £130:24:5: which in case you finde right please

980 1734 2250 186 to nate accordingly p. nest shall follow yd acctt. caritt, and am a

998 1858 2234 102 brasping monyes togheter to send with itt in hopes to cleare the

1007 1874 1970 160 ine & the other to content whilst I subscribe my self -

2684 1929 514 117 @ 16 ditto

710 1969 859 146 London Honry maynard

2113 2005 60 79 71

2048 2023 52 71 th

1006 1998 2165 148 Sr. my last to you was on the 12: curitt sence non from you, so this

1012 2048 2176 162 onelij for advise that thomas whito & John hasle wood are wele arived

988 2122 2270 195 for which thenkes be god, I hope the goods will prove to content, as alsoo

1007 2190 2266 159 the packing press, for which have gven goods harge to mr. Coots: lett mee

1005 2264 2146 151 know in answer how bayes are in the north for should incline to

1013 2311 2254 168 in order a good parcell haveing sold our bale MN. 19: in closed acctt. of sale

1004 2397 2177 166 of last month itt is now a dead time of the yeare not so much

1028 2439 2232 174 in selling as scarecitie in mony which will be over suddamly, so that

1028 2518 2256 144 theire Ill be the more forward in remises thought p. next shall follow

1029 2583 1901 157 some without faile whilst I remaine with kinde saleeto

2737 2634 410 85 @ 16 ditto

2005 2699 94 70 me

758 2672 607 150 London John Loyd

1033 2660 2194 184 Sr. I have before mee yd of P:. curitt & I am sorry that the drugett:

1033 2757 2184 177 prove no better to content, the more, because I toock, so much care

1039 2823 2249 138 about them, & used all the rethoricall words I could to make the maker

1027 2877 2214 166 beleave to have great imploy & by those meanes to in corridge him to

1056 2927 2195 177 provide an exceeding good tryall, in which I finde wee are frustrated

1048 3023 2222 155 so hopes for the first or next a better. I observe what you witte concerning

1039 3095 2227 140 three because you had reme, wee have had no less of late butt that is

1038 3216 2186 82 onely good for all sort of winter goods, butt not for the summer

1038 3215 2217 182 frints, as flox, rates, barly & the like which here is altoghete

1051 3306 2166 141 doyed & spoiles & much more in silesia from whence wee have the

1037 3410 2112 86 yeare of which tykes are made a freind of mne that sells that

1041 3450 2236 156 com. in great quantities hath assured mee that itt is still rising thoug

1059 3560 2192 92 itt is al ready deaver 20 Pic. then what itt ready was 4 a 5 monthe sence

1048 3619 2177 121 the tykes lost is stivers a peece more then formely, & go much spayd

1041 3712 2064 141 for them last markest, day in case you please any to that prijce

1051 3813 2142 120 command feely & lett mee have yd order for nothwithstand ing

1051 3898 2206 119 the rising have constant comissions from others I have butt fac now

1061 3966 2219 140 by more mee & though I have engaged & good parcell yett the makers will not

1054 4027 2204 142 deliver them makeing great complannts that they loose & so hano been

1053 4126 2192 123 obligeed to allow them some thing more to have the orders complanted

1060 4199 2129 143 for they will bj all apearence vise a guilder a peece a governo when you

1061 4308 1960 134 command mee about nr norton yd ordre shall le don & soul

3343 238 784 97 London Edmiand wannen

5080 240 942 94 In Antwerp 16 July 1368

4780 235 176 79 th

3525 244 2467 145 Sr. I have before mee yd aggreable of 28: past. which come with the letters

3673 343 193 62 rinio

3533 349 2430 97 of p. curies the mentioned packest is att colonia and as i supose on itts way

3521 408 2421 111 hether for, before I had yd have given the nessecary order how to send itt

3520 439 2476 164 forward because I knew how those packetts are expediated & that itt not should

3527 513 2414 130 be detained, I exspect to have itt here in aday or 2 & then shall send itt to m.

3534 575 2461 133 valego to newport, to dispatch itt by the next packett bout to Dover, where

3526 660 2378 107 mr. Willsam Eaton is the ordinary man for that trade, & mr. vallego his

3535 711 2347 101 heef correspondent, yett shall write him to follow yd order you may

3527 763 2428 143 order what you please, & command mee where in you iiudge my service

3527 841 2366 116 capable & I shall endeavour to be exact in complyance. I shall also provide

3538 885 2436 129 a small packest of flanders laces in which I do not question butt you will

3521 976 2461 147 finde contente for I know what is most demanded in England con

3536 1059 2436 115 haveing constantdirection to that purpose, wee make use of no other war

3538 1109 2445 135 then by way of newporte & Dover thought somes times I did send packetts

3553 1179 2397 146 bij long so gea from ostend which did also come safe to hand for

3541 1261 2417 119 wee have dayly vessels there for london which easely know how to rem

3543 1298 2440 175 some such small cargoes what you shall order mee shall be performede

5482 1368 421 133 @ 16 ditto

3364 1381 792 135 Dublin Elnathan Lumin

3556 1438 2436 133 Sr. I have recd. 2 of yd of 28 & 21 past. by which I understand yd desire to provide

3541 1522 2427 138 some laces which shall be don accordingly, with all imaguiable care, exact

3541 1610 2439 124 to yd order for I make itt myc bussines to buy that com. - I hope you recd

3540 1692 2350 98 the guild leather & tapstrey hanging long before now & that they gave

3547 1774 2409 107 content, of which should be glad to heare, as also to know if this comes

3550 1855 2427 85 to yd hand for least yeare wrott severall letters to you & never heare from

3549 1922 2417 112 yotu, so that I feared they were miscarried where in I can serve you

3525 1974 2308 98 freely command mee & if I meet with any boddy, thatwant as

3542 2073 2443 102 correspondent att Dublin I shall not faile to promote yd intrest whilst I a

3374 2098 744 120 london Henry Collier

4377 2139 137 89 th

4670 2130 70 98 m

5547 2125 383 128 @ 16 ditto

3554 2154 2424 141 Sr. in answer to yd of 24 past & S. curitt as to the concernes of TH wee

3543 2256 2418 119 doubt not butt wee shall prevaile thought the great vacantie begon last

3541 2330 2434 118 saturday & then his procuror said that he woulld satisfye before that should

3548 2392 2461 134 besuded itt yett wee forind good not to delay butt by letters from the court

3552 2474 2430 87 of brussels to proceed which shall be performed & not leave him attrest, till

3560 2555 2363 97 one or other: I take not ice of yd old proposition & excuse of Drawing

3541 2637 2370 99 trualy you are not sensible how searey mony is with us here & I am

3567 2683 2330 112 not for redrawing neither & yett not you continew up on mee as if

3550 2746 2436 116 all what I sell were for ready mony, there by you know that goods you

3555 2817 2443 116 sended this yeare, so all things ought to be some what proporitionably

3551 2890 2293 75 because I would fame please others to  I chanck you foryd

3553 2977 2371 97 re commandation to mr. wanner I shall do all I can to serve him

3553 3011 2440 146 punctually to content of the 6 cloathes I sent buck to you mine was

3547 3111 2442 86 N. 9 a 26¾ yd oost 12:6, pray att lett mee know the proceed to note all

3563 3171 1294 110 in conformitie &y on will oblige

5402 3186 569 141 @ 16 ditto 1681

3382 3183 706 150 Brugge Raphael Coots

3575 3305 2373 108 mijn Hr sedert den mijnen van 14 deser, Beijde de ul van 13 & 14 ditto ontfangen

3560 3385 2391 95 het pack N. 20 is mij prompt geworden, daer voren ul perticulierlijk hebte

3574 3440 2381 79 bedancken: N. 22 waghte adroiture beneffens de 2 packen aen boort stephen wanner

3559 3498 2433 97 & hasle wood daer bij oock de pack perse die ander mael ont hooghst ul gerecommand

3567 3545 2393 118 blijve wille niet twijffelen, ofte van costij een beurtschip herrewaerts sal

3568 3594 2433 147 gelnden worden mits nu drij schepen samen gearriveert sijn &light waght

3560 3727 2360 92 genoch voor een adroiture herrewaerts maer icken kan niet genogh

3565 3767 2424 102 verwonderen waer omgedocht wort soo om bequane & niet de nghde scheppen

3581 3834 2412 118 gemployeert worden als nu onlangh hier sijn gekomen nae demael costij

3566 3916 2421 101 cloeke bij landers genoch sijn wat passeirt verneme geirne & naeraet

3376 3955 847 139 Brussel Seger vanderborght

5422 3960 531 144 17 ditto Jos

3592 4092 2384 109 monsr. in antwoort aenden ul aengename van 14 deser eerst heden ontfangen segge

3577 4144 2263 122 dat mijne kersijen voor ul sal bewaren tot ul ordre ofte overkomste

3567 4218 2085 112 ende in alle occasie met volle genegentheyt dat ick bent
