8419 4663
957 280 2291 108 I limited my opinion, yett the menagement is left to you onely I would

948 340 2298 125 faine have all or most of the kersies first & some of thes fine northrens

968 414 2287 140 I take noticie how you deale with yd correspondents in the north, which

953 472 2322 143 is well, for tis mony onely that is the live of trade & gives in corrigement

969 548 2316 122 yett, he that hath the commission for the 3 packes must, or ought not

952 615 2290 144 to draw more then he doth disburse, for oneles he doth better then

960 694 2300 151 mr. potter, he shall have no imploy: & I do supose that m. potter will do

962 769 2229 112 well, though mr. chippinge did yett some what better, which itt may be

723 688 92 228 1

977 826 2249 156 was because cloth was cheaper then, whoever faile not to used all yds

977 923 1967 105 retoricall frases to oblige mr. potter in well proceeding

969 989 2289 137 as for the laces I exspect Ben: klarck arrived & N.15 with you in saluo

709 1075 2459 137 from 4:6 to N. 17 is aboard Robert fox, which will saile pr first good wind N.16 is

759 1158 288 99 5 sbayd raw

983 1115 2245 173 departed with Ed: Dover which I do not doubt butt is also well arrived

979 1203 2179 140 now N.18 is gon to newport, & of that is here in closed the in voyce

1009 1275 2172 138 containing the rest & all what I have bought, or ordered for yd accompt

994 1325 2220 164 & doth containe N179 which is the peece you sent, to be made

985 1425 2244 149 & is long @l yd peece was  so have payd 5¼ att ƒ9:15: you will not be

989 1481 2290 156 able to discover from which and itt is begon, for itt is rather better

982 1573 2223 112 then the patt. you sent I wish all safe to you hand & that itt might

995 1643 2232 132 be sold to content to in large take that trade for I hope these parcells

999 1713 2222 123 will prove well haveing don my endeavour so that purpose I hope

2625 1802 524 117 @ 12 July 81

989 1807 1643 125 teremitt you mony pr. neat &

2010 1887 260 81 th 3

729 1843 939 153 London Henry Maynard

1017 1917 2270 126 S. my last to you was on the 5: curitt with a remise of £100 on John

1024 1988 2231 140 hillersd on, then I desired you also to take not ice that itt is yd & my intrest not

1015 2103 2261 92 to send any goods upon what acc soever to any other in this towne which I supose

1016 2146 2256 109 you will not do: amonghst others there is the servant of mad Bouwens

1000 2216 2262 121 hath lett him self to one of our shop keepers with promise to make them

999 2278 2234 120 turne marchant, which perhaps, by yd & other assistance could come to

998 2339 2250 127 a beginning where fore I have accquainted you of what I iudge preudiciall

1011 2391 2245 152 to our Comp. I have new recd. yd of 24th past, as yett I heare not one word

1015 2471 2246 164 of thomas white yett I hope he might arrive att least, thought wee have

1029 2541 2258 128 had much bad weather on our coast of late I have also no news of hasleward

1024 2629 2201 118 & have given the necessary orders to mr. Coats about the packing press

1016 2731 2270 116 for which have given you creditt, & could wish she stood here as those

1019 2777 2237 132 with yd packers, & I hope you shall have persuaded the maker of our

1038 2861 2268 124 to deliver 5 peeces pr. first, John kent hath engaged to take all from him

1040 2937 2183 132 as I am told: butt yett i supose he will delivered some to you, which

1031 3012 2205 135 ought to be here in a months time as soone as the auroras are ready

1042 3145 2188 112 please to dispatch them with the reds & green, not do doubting butt

1045 3178 2198 132 the green will be don as soone as the rest when all our in ordered

1052 3271 2201 122 goods are over shall write for more: I have had in different good sale

1034 3354 2182 117 this week where fore have had no time to send you acctt. of sale of

1033 3429 2219 163 last month which though is made up, yett not drawne out which I doubt

1054 3543 2137 101 not butt will answer yd exspectation mr Eaek hoven one of the

1056 3618 2183 123 heires heires of mad. Bouwens is instituded & hath procuration of

1046 3692 2246 121 the rest to menadge the concernes of the sterfhouse, & they have already

1063 3764 2240 127 monyes enough in handes so that you may exspect the ballance of yd acctt

1061 3829 2233 129 with the first intrim shall aso endeavour from my side to remittt

1042 3945 2243 131 you to content as to the concernes of mr. peeters, I have sent him the

1054 4013 2202 155 patt. & prises of first cost of the resting spanish cloathes, which

1057 4055 2245 210 mr. slaughter must take back as best he can aggree, for they are not

1055 4172 2137 136 to be sold here for ½ the valew haveing don as much I could to putt

1076 4270 2187 159 y off so what shall come short shall be payd in mony & so to end

1070 4364 2169 146 that affaires for & will be redd of them & discharge mr. slaughter

3513 243 2446 103 Bills as well as my self of what I sever have don for 2 him, beeng as

3533 310 2444 128 much desirous there unto as mr. slaughter him selfs or the mony which

3533 383 794 108 is att present from

5270 380 635 152 @ 12 July 81

3343 426 694 172 London George Cole

3528 469 2462 197 Sr. have before mee yd of 27th past by which you advise mee that my remise

3537 613 2443 147 for acctt of I.V. was accepted. I will not question butt that the payement

3527 679 2359 140 will be accordingly att the latter end of this month & next our trade

3539 692 2450 214 comes in againe when I exspect that mony will come accordingly & hope

3525 820 2433 152 to cleare that acctt. pr. first intrim I wonder of what you say that

3534 866 2323 197 mr. Daniel vivian tells you he hath given him the £80: was & is

3541 941 2408 159 William Depeyster, the bill was made payable to Daniel busschop for

3536 1065 2437 125 the valew of william depeyster which never had power or any procuration

3539 1130 2436 131 to demand one penny yett lett mee intreat you to desire in Dan: vivia

3541 1173 2460 136 that he shews either the first or second bill, or any the least accqu

3541 1330 2304 73 given by said the peyster for acctt. of sid bill & then I know to

3520 1333 2446 172 procure the valew for mr. Depeyster hath al wayes denyed over to have

3550 1425 2182 129 receaved one forthingnay so much as to have wer discoursed about itt

3571 1511 2367 133 itt is not for me butt for orphent of my brother in lawe, wher of or hope you

3541 1577 1533 109 will excuse itt & endeavour that they gett their due

5277 1587 630 147 @ 14 July 1681

3357 1641 831 136 Brugge Raphael Coots

3554 1734 2388 104 mijnsHr sedert mijnen van 11 deser de ul van 11 & 12 ditto bekomen geirne gesien

3535 1784 2407 127 tarrivement van thomas white het pack N.° 20 als geseght, & de N 22 adroicture

3550 1855 2371 99 verhope wable haele wouyt gearriveert is twelke geirneverneme tpack

3568 1939 2358 86 gelieft adroiture te sende als mede de packperse dewelke anderael aen

3543 1980 2440 105 ul seer recommandeere opdat geen scijven, boomen ofte iets sulx int ongeree

3567 2037 1414 117 geraeke enderijsen niet gebroeken worden n

5297 2030 614 154 @ 12 Juiy 1681

3368 2083 1226 143 Amsterd De Hulter & van Homright

3541 2128 2425 135 mess Door mijn absentie is den ul van 4 deser onbeantwoort gebleven, doch

3537 2250 2422 85 Den selven is met brieven van 7 ditto eerst bestelt: sal met de boter ul ordre

3538 2281 2428 99 trachte te don volgen & deroordoen die ten eersten te verkoopend: ben over

3534 2324 2415 134 den bewuste makelerdij loon voldoen, dat ick sulx noteerde was om dies will mu

3556 2419 2395 106 was geseijt dat de koopers den loon niet moesten betaelen: maer den verkoopers

3553 2384 2447 200 en alsoo alles aen ul directie heb gereferveert wille daer over niet wijders repligueren

3552 2499 2380 156 ick hebbe noch eenighe supra fijne segouische van doen: soo gelieft met occasie

3541 2549 2429 155 te noteeren de gelegentheyt en prijs ul versoeght een goede correspondent tot Brugge

3556 2630 2410 137 die de tersche ingotie verstaet: daer toe recommandeere de TA. Raphael

3552 2726 2434 104 Coots een vande stuwfe & bequaemste oock preciefte van all, ende dengenen

3573 2803 2316 131 wel en voor considerable somme te betrouwens due geve mijn pine

3572 2805 2395 164 ul sal hem tot conten tement noch beter onder vinden raer mede blijve

5320 2903 619 116 @ 14 July 1681

3377 2917 916 140 Brussel Jouff Bonnecroy

3554 2963 2451 168 jouff den ul van 2 deser hebbe ick ontfangen als mede de canten sal eerstdaen

3540 3058 2430 114 aen ul volle satisfactie geven, ondertussche doet gereet maken een goede

3540 3084 2446 194 soorteringe traillie werck & renise gront vandehooghde tot cravratte gelgk

3557 3143 2395 185 denaet aen ul gegeven van 6 tot 12p delle maer sij moete vande hooghde

3572 3214 2416 178 vande maet sijn oock een pertije tot manchetten, soo ul de precius moet

3561 3290 2443 152 observeert & suijver wit werck doet maken & schoon goet soo sal wel

3553 3367 2434 147 voor ƒ1000: van doen hebbe waer toe maer sƒo 23 a 14 tijt hebbe als wan

3563 3442 2425 133 wel bij ul sal wesen soo gelieft u best te doen op dat ul mij wel kandien

3566 3531 1393 106 waer op ul antwoort verwaghten

5217 3539 645 125 @ 14 July 1681

3370 3572 883 126 Brussel Joseph Sabberton

3559 3615 2325 140 monsr. this onely to desire you to provide for mee a small parcell of laces

3569 3707 2349 123 accordingly to the last in casures & instructions viz for plaine & luped ground

3559 3770 2398 129 for Crawats & cuffs to the valew of about ƒ350 a ƒ400 butt they must

3572 3843 2340 115 be curious goods & penni worths, so in case you meett with any pray keep

3549 3914 2018 131 them for mee & lett mee have yd adaye hilst I remaine

3572 3965 2104 151 if you lost my incasure shall send others up on yds advise

5281 4029 551 133 @ 14 July 1681

3390 4032 670 160 Brussel Joan Jacops

3572 4171 2402 116 mons. ter leesten is tpack MN 20 met spaense lakens heden noch hier gearriv

3576 4223 2353 156 neert soo gelieft mij te ordonneere wat daermede gelieft gedaen te hebben ofte

3537 4294 2372 112 dat ick het selve is toesende ofte dat ul gelieft over te komen ben van alle

3548 4396 2219 85 voor te van goederen wel versien verwaghte ul ordre n blijve
