8563 4642
2499 192 751 151 Aw: 4 meij 1682

869 196 562 165 mons Rousseau

1128 267 2288 160 mons en sui le a la en du hier iay reccu les dentelles pour mo

1141 372 2227 121 compe pour les quiles vous est eroditi le petite p ddres a mons

1118 467 2215 120 Deniee richtiey gue amsterdeamt &t depesche geu ind

1126 537 2230 142 avre garm asun ratour dsBrussel ie triuva de lette

1160 641 2140 106 de m. carmis de gand ou nous avons prsente cequis

1097 697 2237 168 d ans les estoat pur faaite un ir les payements du den

1133 775 2168 128 regments en ls grelies un coleurs  servisget i& lat

1125 874 2120 158 on ordernn ƒ28100: iusqnasquil pertie sera ordern

1136 946 1986 149 les officeiors snt fort cante noirs, ie quta fit fenn

1129 1051 2179 139 restlutions a mons vanden bruch b& vn espleget

1136 1133 2059 124 dij aller enespermie de quilijn sunes den vn

1109 1222 864 144 air de les nwrellet

2770 1295 225 149 a5d.

906 1310 780 163 Mechelen Juff. ana rigand

1134 1365 2174 149 sedert mijnen van gisteren hebbe ul canten geexemineert, & daer uyt gehouden de onders

1124 1493 2228 131 sts, d'andee en connen mij niet dienen, soo seijnde die te rujse met den bodt in elsaen

1130 1577 611 155 volgens ul adve

2848 1637 223 146 65d.

897 1660 1033 171 Mechelen Juff maru van Benden

1146 1715 2200 184 volgens gisteren hebbe ges. soo hebbe heden ul canten geexamineert, & bevinde de

1129 1839 2238 157 selve nmiest al soocq gront, die niet van doen hebbe daerbij al temael soo bruyn n

1146 1922 2249 180 grauw, dat mijnen vrnt daer geen van begeert diest, evenwel scq hebbe uyt gehoude

1152 2045 2207 138 voor mij selven de onders in, & de rest in ul secq gepact in de caste volgens

1146 2125 2225 158 od. gelievert aen ul nighae on de huyperstraet die dat morgen niet 't schip aen ul

1127 2233 1453 146 sal seijnden, gelijcq geloove sij aen ul schrijven sael

2617 2260 622 170 3 maij 1682

853 2284 802 192 Hill Buc Sonttwll

1103 2371 2231 191 In answer so ge of 26 past & 3 ur. I have been att Brussels

1134 2497 2211 120 & diseriesed J att lange heseys te be indebted £555

1160 2555 2189 134 accordu ny tot toe hil acctt. rott that ste fer hu securrt hack

2798 2631 566 142 I shall letgbed

1142 2641 1478 129 als nt £ 4oos me alue laus

1160 2716 2233 131 to see tl, for J can not help hun in shis nether against tis

1129 2792 2249 194 whe is poore exceiuted by sentence & not fundene peruris

1133 2889 2302 137 valen. I havepd the frs of the £200: whiuch was p resentd

1148 2958 2157 137 tomee, I do understand that the other £80: is returied

1175 3046 2243 125 now fir the £ 100: I shall et be able to compli for I hw

1186 3130 2211 122 abaut £1000: flenish to pay pit hin 5 a 6 duys & us bill is

1170 3208 2237 109 den nchin 3dage te draw en hun I will not, fo I have

1164 3304 2062 145 rumring on hun nough already pus iffate for nem

1150 3410 2012 98 the ealece I amindebtor tohmy ballance nt £707

1183 3483 2028 100 of the dedsting ss clo aths an worth thentniest ƒ„ 293:-

2815 3571 384 88 „ 100:

1186 3559 977 142 drawni on u rekoned

2887 3618 327 133 £1100:

1230 3596 1434 184 for whch have of u4 tbr. ruming £100:

1221 3719 1409 122 p. 2bills t drawno op mee „230:

1219 3784 1427 135 p: 2 biles for his honous & £20: mor „ 220:

1195 3884 754 132 leccupte mor

2469 3832 884 163 576. then bij alurt £700:

1184 3971 2146 133 handingous de b consider the while, & 4 for hushonour my

1168 4046 2206 147 seuuritie I cvuld do any thing I should do itt: give me or de

1181 4112 2064 133 e le pay itt the bill & dedraw on you upon yd. accto. beeng

1192 4206 2167 116 already in desbausenion then s heleave you waad suffer y

1195 4280 1012 150 self en in mj conditien

5949 219 139 119 20d

3495 205 764 132 Mons m. Lorence Francoi Pern

5350 237 460 136 a5 mij 1682

3647 272 2398 215 depuis de ma dermiere du 30 paste, bien reccu la vre. du p. , se en cas que vre grace veut

3634 442 2371 127 faire la voyage deveuir icy parr te bours ou 8 vois truiverez de bons assortements, car pour

3650 488 2406 144 alors nos draps nour seront tout accomodees, & bien 25 pacquetts de toutes sortes de marchandises

3651 589 2025 119 arrive d'Engleterre que sont deca a Brugs, je vous serviray bien en ts

5557 705 206 105 65d

3515 685 682 164 Brussel mr. Joseph Sabbarton

3662 796 2397 130 I have reed the 2 packetts, & past all in conformitre, for want of time have not sont you the

3663 901 2373 117 copie of what you signed, mine I exspect from you as also towards a sunday some of

3648 1018 2397 108 the parcell laces mentioned &my formar. inclosed a loder from m. Collier, which pray

3646 1090 2424 94 deliver to m. vale, I do supose that mr. follier will come over speedly, I have a letter from

3655 1163 2340 162 m. Maynard, by which he desires mee to step over to you to consult aboue the bustynes

3656 1279 2371 108 wil Il., I finde chere is noting to be don, butt what you ae att, & endeavor with

3637 1363 2080 119 dusheurel to opose jacobs, of I can be assitent please to command

3649 1451 2428 141 yd sack shall be sent to m. vander Borght foulded in a cougle of bayes, & to shall

3652 1529 1335 131 alwayes beable to returne itt inthoum charge

5582 1613 300 107 25d

3520 1600 612 155 Brussel mr. Steven Kints

3659 1722 2389 124 sende aen ul het bewijs op annoiet wederom, soo gelieft het selve uyt te doen op ul boecq

3639 1837 2377 103 maer als het ontf. sal sijn can het ul tellen aen m. Joseph Sabbarton nde Selle broen

3658 1915 2358 112 straet Engelsman, want mijn volcq en wilter geen moeyten om doen, icq heb dandier

3650 1987 778 124 daer voor telt moeten geevenen

5201 2005 603 163 6 maij 1682

3501 2062 808 145 London Henry Maynard

3632 2188 2431 139 S my last so you was on the 29: past to which please to be referned

3624 2282 2452 102 7 onclithat I desire imeseed of 35 duble reds butt 20 in all amonghst them the

3635 2391 2410 143 formar assortment, so that not above 12 a 15 p of £8.10 a £90 ps must be, because I have

3649 2479 2406 108 al ready found out some here I would have good goods, or rather non, sence recd. yd. of 17

3641 2582 2432 139 past: the goods from aboard Pindar & San latson are wish mee, butt the spanish cloathes

3637 2701 2399 141 domost all stinck vere much which you must avoid for some are so futt that itt is (

3632 2800 2431 143 worder, yd. ordering the callicoes againe after the old rate, hath putt mee to extravagant

3637 2880 2378 136 charge & vere heare confircated, & cost mee besides custome &d 20 crownes for a cortosie

3649 2999 2391 107 Richard Pindar is well arrived for which god be shancked the goodss I exspect this week

3629 3098 2415 97 I hope you shall be able to gett the in ordered kersies aboard smish, pray dispatch with all

3640 3190 2401 127 pour speed the a5 silver marq, not onely these 3 butt 5 more & fust, I do not finde

3635 3267 1293 152 you charged mee with the cost of the 2 now come

5201 3298 854 145 I perceeave that you much

3635 3404 2381 137 feare, of my bills on H.C. to be complyed with, of which one was due 21 agl yd. stile

3656 3504 2367 128 if any of them be not duely payd, gett them protested, & keep by you endeavouring with

3629 3581 2373 140 lare meanes to gett the valew, for theigh I have sicuritie, yett had rather the valeue

3633 3712 2409 132 should be daely gayd for yd & my accomodation as to the concernes of mr. vale, I have been

3627 3804 2415 101 with m. Abbarton att Brussels, & taken advise of lawers, & spraken att large with vale whe

3642 3902 2407 109 doth affirme that the goods be long, or are sold for acctt of Joan Jacobs to which he is indebied

3635 3968 2416 173 as he sayes not above £3000-  butt that the transport can not preferre him, butt that

3633 4100 2404 128 he must come n amonghst other cred., & so our eenf counfill understands itt, though Jacobs

3638 4178 2425 154 doth oppose itt, whiche makes a fute att law, mr. Sabbarton is gon in with one Bisherrel

3638 4304 2391 122 against Jacobs & this righewel will not neglect the case, neither will mr. Sabbarton, all
