8460 4663
824 194 757 164 Brussel Henry de smet

2738 206 600 157 C 27 ang. 1682

1030 296 2398 148 In antw. aen den ul van gisteren, bedancke ul voorde eere van mijnen bridf aen te nnen

1046 412 2353 126 & niets Ick selven binnen 8 a 2 tot Brussel dope te sijn, sal de rest selven

1076 504 2302 123 wel te ontf. verwaghten binnen 10 & 12 dagen 3 packen swaer prisaerden waer

1036 631 2377 111 van een voor ul sal bewaren. mijn swager deest de pijen ontfl. sijn ¼ breet puys

1052 719 1396 119 ƒ 25- st ul ijts gelieftende hebt te comand.

773 781 910 135 nieuporte michiel de vallego

2261 791 478 144 Adij 28 ditto

1019 871 2398 180 mons: den uwen van 23 deser wel ontfangen seer geerne den inhout verstaen

1015 954 2377 144 seynde heden aen ul per bode guilliam van ardenborg een 3 dobbel packestien

1040 1082 2348 136 franco waer mede te volgen d'ordre van mons antoni rousseau van brussel waer

1026 1124 980 135 mede naer groetenisse blijve

802 1168 998 185 Brussel mons mith om rousseau

2119 1227 958 173 Anvers le 28 aoust 1682

1033 1342 2378 198 mons. i'ay receu les vostres du 26 & 27 courant et aussi le parquettes comme

1038 1432 2321 173 3 petitte, yui sont depeche auiour dhus pour ni'euporte a mons michiel

1021 1493 2332 209 de valleyo pour suivre vostre ordre, ie pay ordinairement  pacquites

1021 1597 2282 177 pour chaqun sictite pacquettes pour port de brussel, mais il y a de

1024 1700 2388 174 messageurr plus mavile qui me fort payer 7 past & 8, cest ou plas kous

1017 1771 2355 145 et pour port deu a nieuporte ie donne 36 past & julque fois to past

1035 1879 2282 163 a la venant qui ie peu acorder, iay paye ou iourd has 36 pa p lap

1000 1966 2398 142 ie espere de vous voire diu et 8 iours et alors vous expliguer les chem

1000 2040 2361 158 que nooy avons per hollande pour nos pacquettes ie qui vous envoye

1021 2108 2387 180 ouiourd hue est a rotterdam oy amsserdam le len de maine, sellement

1027 2209 2347 122 qui cette racquege est aussi propre qui alle de mexporte ie paye vostre

1007 2270 1153 121 trate de £160: et ie dimeure

804 2366 916 114 non mos willem Lobb

1909 2357 994 194 Antwerp 29 august 1682

1008 2488 2383 197 P on answer to ye of 5 & 12:t unt as to the mistake in the charges

1005 2605 2389 125 N 28 3 is as here under you will see n ys addittion itt beeng copme doit

1002 2689 2400 133 oft ys invoyce: you shall send mee the goods desired, which I shall expert

999 2789 2381 129 accordingly, pray lett the goods have good lenghts & be sabstomt iall

999 2861 2393 174 for there is sevall off ys cloh serges laft send, reterred, for not holding

1004 2961 2282 125 ont 20 ys whch is no small precudie, for the people whit take

1000 3053 2299 152 no more off them, feering all tho besoshort as soone I have

1002 3127 2378 182 yd invoyie & bill of londingh: you shall have thee alle ready by my

1013 3218 1554 164 cole whch is the needf all at present from

774 3304 1192 154 london mons Henry Willinghton

2339 3331 303 140 29 ditto

984 3450 2355 198 mons in antwoort aen den uwen van 3 deser sende hier beneffens

1013 3557 2269 171 mijnen wiselbrief van £144:1:4 a 2 uso de dato 26 deser ten

1008 3633 1219 143 laste mons Joan Loyd is 34„10

2993 3695 384 125 £198:43:4

1012 3742 1389 148 voor oncosten van provisie porten & lto

2995 3799 377 91 116„8

1753 3881 1561 122 maken de weerde voor ul ontfange £200„-

1007 3950 2243 140 den ontfanck gelieft mij te laeten weten en tgene noodigh is

1002 4050 2101 177 voor den brieff te besorgen waer mede naer groetenise bljve

3475 192 655 142 london George cole

4644 222 884 170 Antwerp: 29 auy 1681

5942 250 136 118 268

3683 307 2304 221 P in antwer to yd off 14 & 11 currant I have to yd desire plaied the

3670 428 2364 195 bill off £34, 10 to the autt off Joseph Vivvan deseast, & the others to

3674 505 2390 202 mine: you non have order from in lumm to accept my bills for any

3657 607 2424 194 fomme not exceeding twoo houndred pounds which order you shall obsere

3655 706 2368 176 so then send you per nextt the neet somme to rembourse self ou ne

3669 796 2359 177 comme the valeu shall remaine in yd handes to cleare the deseast

3673 867 2348 167 ivian actt & to nay somm mony to mr. Lobb & comp: as I shall

3675 918 1093 160 advise whilst non Iremaine

3477 1030 906 146 london n ffraham vivian

4679 1060 856 159 Antwerp 29 auy 1682

3649 1149 2425 207 S my last to you was on the 26 courant sence recd yd off 14 ditto god

3654 1254 2343 203 beshanked I have a good sale all the goods soed sp pindar last ari sold

3660 1328 2392 208 except the mut kerfies, so that I am in great, want for goods d yett

3635 1434 2435 180 though oar sale is so quink, wee have not many ready mony casts me

3655 1525 2414 168 butt wee must allons time as formetly butt I choice the best I can

3640 1605 2434 194 not bast wonder of what you write as if I wort to lato to have cloth

3652 1709 2403 153 aboard smith, sure  vivian you voill not putt quession to have all

3623 1740 2446 232 per formed 6 fore s6 next & that my ordres shall have been compleate

3644 1878 2421 160 by pindar ohs as noy alsoo in londongh & wile soule a boat, month

3645 1960 2381 158 esther fmith. you know I nordered positively i00 bayes aboard exch

3651 2037 2303 144 reffel 13 packes off cloth & kersies as specisid for marly sence have

3646 2121 2349 179 disired 2 bales more off northrens off about 4 st a yd, one bale off

3642 2193 2400 172 reds & one bale off white grayes, all which, I have butt yett recavid

3630 2328 2359 143 9 bales amonghts them 5 off cloth, so there s yett 12 bales off cloth

3660 2399 2388 185 want iny to complent my directions besid es kersies & soo bayes aboard

3631 2503 2431 177 of each vessel you told mee that in sb: you shoud be large with mony

3627 2570 2411 136 & that & that I need ift not, so have any northren goods from

3642 2681 2406 143 any bod: elce, berst that you was resolved to have that trae whit

3638 2768 2440 189 mee myevall: & nou S find you so back ward, that insteed off haveing

3625 2830 2367 138 the rest off the kerseis aboard smith, with bayes & no lest then 5 a 6

3618 2936 2419 143 bales of cloth, I shall have bast 2 bales off cloth & oly 150 bayes &no

3627 3033 2300 138 keofies: sich disa pointement wilh do mee more preiudice then you can

3628 3138 2371 110 imagine, for oar hearrest is n'august 96 & sber in which 3 months

3637 3195 2306 158 wee sell more northren yoerds them in all the yeare, my orders mass

3632 3275 2336 127 becompleated with the next ship iincase you supose the tisie to great

3617 3346 2241 151 send one bale off fine broad cloth & one with doxins & one with

3618 3454 2322 112 northrens of about 4 ƒ8 by way off rotterdam that is of each sort

3635 3577 2409 123 off cloth one bale for rotterdam, for I must have goods here by finces

3625 3644 2256 128 there fore pray fale not so to do, or elce Cloos dall my trade

3629 3738 2347 127 I shall en davoir to remist, bast in caso I did not by times you may

3611 3840 2336 116 drau for my aust: then is as yett favourable. I long with much

3620 3929 2302 92 impaicnu to know what passes, for I have a ware house withoat

3627 4009 2382 144 assortement whit never before. I had beiause, I had al payes better

3610 4129 2394 106 suppleys fo you must to more then yd endeavour do farnith the

3613 4203 2252 137 the need fule & dispatch accordinghly per nert you shall have

3614 4278 1503 149 the aust off shale off 6 months I heeng yo
