8569 4581
856 205 880 140 londen mr. Henry Collier

2334 197 718 158 Antwerp 21 feb 1682

1164 307 2206 129 m. my last to you was onthe 18  curtt to which referve you, since

1167 418 2222 136 have been with John button, butt no mathers to be hadd att huyl

1159 502 2243 164 onelj 2 bales of which the owner lives in the countrey, & I

1150 600 2266 179 hath promised to gest them for you, & that he will payfor the

1162 757 2216 138 of which I sale know the succes before next post. there is 2

1170 836 2237 153 bales more here in towne out of the carty of hulst, butt

1162 987 2207 125 the owner was in zealand, yett & lendeavour toh ave them

1170 1088 2160 154 as best Jean: there is 6 balese more out of the land of

1131 1174 2243 169 tergoes, which sort is most estimed and as oI B lells of mee

1146 1352 2261 122 they take 300 ee mullen out of 1000: onberoofde, when

1136 1464 2255 171 those of hulft take butt 15 oce, I made hm come hethes

1129 1567 2270 172 to seethose goods & hetold mee that he never sauany as

1117 1727 2243 130 good, butt the factors nad no orders to self att any rate, yett

1136 1804 2173 107 ourfortune is, that one of the owners is come up from

1127 1872 2209 149 tergoes with the makett day & 4 bought 2 bales of hin

1126 1985 2270 135 of about 1100: ap. att ƒ 38:10 &. cont 2 p c 4 p cet for

1125 2082 2261 139 the mary. that is tobe payd in hollands morry & 16 cet. for

1135 2229 2233 149 ready morry I But sayes that they 6e better bij 6 a 1 pecr.

1140 2319 2210 154 them them from hulst, & that if wee had the other 4 o

1143 2460 2219 110 the same sort they would set oft a worst parcell so I'll endeavour

1114 2515 2034 141 to do for you what I can, for I shall content my self with a provision andly

1104 2625 2221 123 the 2 bales I made mention off att ƒ32- are sence contramanded to sell, so there is

1106 2712 2234 150 butt 8 bales in all in factors handes yett so sell, except what is by the dyers & which

1109 2805 2237 125 want itt for their owne provisions, if I can gett any more of the others Ill do my best

1115 2887 2249 115 endeavonr, wee pay no duties outward, so please to advise mee if I shall dispatch then

1102 2987 2243 120 bij way of Brugges or holland. I have wrott to Rotterdam & advise that mathers o

1080 3096 2280 131 beroofde sell for ƒ 34„35 & ƒ36-, so have you given orders there, you might have been

1106 3172 2237 123 well served, by all apearence they must aise, yett if itt not falls out as with, the come

1104 3278 2219 114 & other graines, which beeng risen att first are a falling now, whoever you are more

1093 3345 2243 115 used to that trade, & know best how itt is att present with you, hitt I am sure there are

1105 3456 2235 133 yett good quantites in holland, you have nott mited what quantiie I might buy for

1087 3514 219 146 qu

2872 3606 206 110 a 22 d

892 3596 720 175 Landen mr. Ednund Warner

1083 3685 2249 184 mij last do you was on the 18th curtt. sence non from you, the packett n°. 17 werst forward yasterdoy

1088 3815 2270 146 & so shall follow the rest consceutively, I shall hardeley be able to provide for £300 se more att

1102 3909 2224 126 chose rates for I have had goods brought in to day & the warck women dare afke more

1092 4012 2191 115 yett upen faire promises to give more, wl the occasion & markett doth command

1098 4059 2236 154 have lest their goods att the best prijse, so I hope to procure yett some assortm

1073 4161 2239 127 before they ise, having bough yosterday & this day for about 4 a 500 gud. intended

1088 4254 2216 154 for you, Intan have this day drawne on you £120  payable att 1½ vr

5925 191 91 66 164

3593 231 2416 111 to the order of m. Jac Bonwens valew of him self, & £160- payable to the ord. of mr. Henry

3588 295 2418 133 Maynard valew of Cornelie vander wiel, boutt att 35.2 the latter att 2 ts, which please

3587 377 2137 116 to accept & pass to acctt accordingly & in alle occasions command mee

3459 466 779 152 Londen m Henry Maynard

5486 506 254 102 @ 21 d

3595 579 2421 142 mij last to you was on the 18t cur. to which please to be referred because sence non from

3596 647 2412 169 you, so the cheifley for covert to the inclosed bill for £160 on m. Edmund Warner att 2

3582 744 2436 144 ƒt0 att 35:2 for which please to procure the needfull & past to yd acctt itt is noted for

3576 842 2452 129 the valeu of Cornelis van de wid proforma I'll do all I can to remitt now every wee

3589 944 2413 128 something to cleare of my old dobt. if you finde ex. would ane & todraw to some

3586 1016 2399 124 advantidge, you might dispose of £150- a £200 for my accctt. att one or 2 uso eather

5118 1114 323 125 22 frb

3466 1133 710 163 Brusse Jan K. 6 audier

3572 1242 2442 128 in antwoort aenden ue van to denaegeliee voor mij te koopen voord

3614 1315 2370 107 weirde van 9 a ƒ1000: in kanten gesorteint volgens de mede gaende

3623 1373 2380 116 intnitie, doot debvvor om suyver & ot goet te hebben, nmet het gene

3610 1457 2397 102 niet wit opgemackt is, maer puer opgeworckt is wel naer sijn gelt en voor

3616 1534 2358 119 dereve wat stuck, ten minsten 2 tt manchetten in pry sen naer

3618 1599 2406 127 advenants dat ie hasard bevint, ue heeft ½ a 3 weken tijt omke

3617 1706 2403 91 al te besorgeolgens het is mijn adveantagie canvinden, doch soo haest

3613 1755 2385 113 nn. is is bij de werck heeft, gelieft dat af besorgen te senden, en ue penningen

3615 1871 2346 85 noo dich hebbende daer al te disporneren also ohet ten minsten ½ sal

3642 1899 1580 133 aenterynen ele orens weder ue kankomen besooken

4080 1933 1279 140 2 a 3 crawat jckn in traillaen deff prijse

4085 2001 1587 135 menehetten voor de selve naer advenent

4079 2090 1067 155 la 2 stuck wuffel e raevatt

4103 2179 1412 135 2 sunttindie 2e hooghde vi 2 i6 gr

4093 2274 635 107 e tot vortiens

4104 2313 1216 133 alle het voors vrontlie werck

3655 2374 2345 138 deselve sorteringe in benise werck, ende de selve sortiringe in

3709 2470 647 133 de blel renisse

5270 2469 611 152 22 ƒb: 1682

4598 2574 161 118 em

3442 2544 854 166 Brussel Lonteni Rousseau

3634 2614 2372 136 en respore a laen du 20 1s parlere a mons vanden brocke

3636 2727 2358 113 en donnerey vois savies pour de dentelles, feurs moy lagrace

3644 2775 2379 146 d'achetter pour mon gongite pour la valevir de £200: de egras

3617 2871 2304 116 tot de me faire tenie tous le bon mearcke In il voors soo a

3624 2928 2300 158 possible dibent qu la mearcheandese s'apgunente, e& Jan

3614 3006 2407 159 l'assorternem canme ensiunt: siie ne troudepas de ccasien

3608 3104 2400 180 pou vour remettr i'envoyer largent enes pere can il

3622 3169 2405 163 serabier duis pair le moms devent qeu ie serey chen

3629 3240 2397 127 vous riespere qu voirs fere  que sque hose extraordinau

3625 3321 1061 171 ss mo iisgen is sus

4008 3360 1982 159 2 asp. de crwatten de treullu on avellie de pusen diff

4003 3497 1792 108 2 p decrawatte comcottn in close presun

4039 3589 1801 104 2 pr  dmanchette pour chagu crawat p

4107 3646 1226 113 pde 16 dus verge den geleft

4095 3699 512 118 26 pp. den nid

4408 3742 1190 106 tout celadr sond des ouillii

4048 3806 1680 151 la nresene afsortemert en bride donben

4046 3893 1859 128 lanmehime afferte emonsse en bred ordrnie

5260 3981 471 145 23 feb 1682

3460 4003 723 141 port Michiel de valieno

3630 4100 2403 121 mons sedert dat op 20 deser aen ul heb gescreven het versen den van 6 pack

3636 4193 2391 104 entens, soo hebbe ul resopte over het packen ea  n°15 becomen verhope

3644 4230 2377 143 de voorgande ul voel sullen sijn geworden heden sende aen ul het packen

3640 4288 2326 125 tien NN16 om het selve ten eersten naer expedieren aen mons

3638 4334 1291 101 Rctmon waernyais de voorij aen de
