8180 4630
2676 171 713 138 Adij 2 Juny 16968

841 171 1096 166 brussel Anthonij Rousseau

1183 237 2202 185 depuis maderniere du 24 court rien de vous, si joiunt 4 quitances

1190 340 2171 130 portant ensemble ƒ 222:63 argant court a la cherge de la

1189 449 2147 140 ville de brussel, vous priant de procurer le payement et de

1189 529 1832 138 commander reprocement en touts occasions, que suis

925 607 792 212 London messr. Kent

2693 628 422 196 ady4 d

1232 717 2105 222 LS. sence my last to y on the 31 past, mon from

1197 851 2134 172 you, butt have rec. the flannells & rotars w I wonder

1199 973 2131 174 to see so fars from my orders, because there is not onl

1179 1044 2146 210 fandy drape cuslour though I ordered 13 sandy draps, there is

1202 1140 2181 197 3 griens, & such I ordered not & This a coullour alltogether dat

1207 1245 2145 173 of mode, there  not one peirle cullour, though I ordered

1212 1330 2151 196 4, & the light cullours for grayes, are on part burned againe

1195 1439 2139 219 by the press, so as the cloth m @ 8 fatr, for

2640 1522 163 82 Jass

1204 1529 2133 200 . I have allowed 13 abatem.. the verars  so pale, that

1175 1651 2176 187 no body will e0 upon them, though I writh to you, that

1220 1717 2155 209 I would have the deepest cullourp, that is to be had you

1167 1827 2099 216 deringe you would send mee such clothes, & flannells, w

1200 1919 2124 223 are not vendable here, besnde the flannells come all short

1188 2044 2080 219 en measire, & if I must  als I mess he abatem

1170 2096 2169 284 Iam to alvow so shall be a good tradesman. the cloth

1216 2241 2127 231 N. 641 of Last 8bes, esfull of  faults have sold

2804 2329 229 96 beeng

1196 2361 2165 185 itt ttoike, & is returned, sI recommended youhere beinge

1194 2451 2156 190 here, to take a speciaks care, in pressing the lights cullours,

1178 2568 2159 214 yot I finde not have observed, goods beinge deare, paplet so

1193 2677 2141 210 froublesome, that wee know not what to doe, there by they

1178 2736 2193 256 imagine them schves so great a fakk, that if  bee toue, wee

1186 2848 2190 214 must bee K. of what alreddy bought, 10 aray quve mee good

1195 2942 2158 250 counsals, & as I sorckt to you by my pasts  thesp clothes

1190 3045 2199 247 therem mentioned, for the first convoy for ostend, & 8 a 10 ƒ

1187 3179 2200 228 for hollandt of an onpertunitie of convoy presentes befor

1925 3285 294 91 neglest

1192 3253 2133 227 thato for ostend,  3 a 4 su prafine of the

1205 3345 2168 236 neyest cullours to be , for each convoij for ostend, for

1182 3483 2145 187 10 I not send not patt., because I heave that to you to

1556 3625 97 87 ph

1195 3569 2163 266 sack, 1w.  you considere the newest made, because

1191 3637 2194 293 of a customer of mine desires thatI where in pray neglest

1199 3766 2109 230 negleght not, a bove aks to buy the sowest prises f 5p.

1214 3875 2162 209 clothes that ae to be hadd, inclosed £200: onf. t

1210 3998 2137 217 can en procur the needfull: non of the shippent

1190 4114 2060 180 arrive tAth last convoy have the ghadd als, so

1194 4202 2185 211 pray advise & send a letter anden mij covert to

945 4333 84 98 ƒ

1370 4323 2037 157 pen kasse de livered hem enptuton rec. oneloset letter

1220 4418 2082 80 N 603 cohidder hoy you overse the goods tis a good coalleus

5007 191 932 106 Adij 4 junij Ao 16965

3400 179 786 161 Amsterdam geraert rover

3509 254 2447 123 in antwort aenden uwen van 31 pass. ser andre lison is een wael veel daer

3502 331 2446 98 van worden bij ons voor goede invoudige botte menschen aengesien en

3506 410 2455 122 die moet men dan laeten gewoorden want de experientie ofte raet in diere

3502 508 2459 119 gelijcke gevallen bij hien geen pleuts en grept. gesien wanneer de lotterije

3511 548 2446 158 van harlem en costij sijn begonnen dan dat voor mij tot noch toe geen

3498 656 2446 140 prijs en hadt vernomen, het waer dan noch goet heb er oock geen niet

3503 711 2403 128 en sijn gepasseert het gene versoecke mij gelieft kenbaer te maecken, ick

3493 778 2459 139 supponeere dat ul bij d'een endander geintresseert sijnde de bellietten naersict

3517 871 2364 155 laet mij weeten van het gepasseerde en gelieft te senden de billietten

3508 982 2397 104 sedert vrijdagh lest ten waeren mijn losten gepasseert waere ick hebbe

3512 1084 2449 128 brieven op costij die 14 en 17 deser vervallen en soude wel partije op londen

3504 1170 2447 121 willen afgeven gelijck ick heden tot 30st hebbe gedaen, doch miets costij veel

3491 1251 2456 116 brieven uijt quanen hope ick de cours minder sal loopen in welcken gevele

3506 1351 2453 129 geeft bij provisie £ 200 a ƒ 300 stf op 2 ofte meer uso, ick en twijffele niet

3489 1446 2450 128 ofte daer sullen weder engelsche brieven in hollandt sijn en dien volgens is

3500 1529 2404 142 ul altijdt naerder de oordielen wat messures best te nemen soo geeft de

3512 1618 2383 117 de voorschreven partije voor eijgen al wat de partije iets meer hot

3500 1720 2379 136 sij hooger ofte leeger omdat men hier van gemoeden is dat de wissel

3507 1782 2437 134 sekerlijck sal monteeren ten eersten omdat het parlement geschijden

3497 1875 2450 169 sijnde de acte waerbij het out geschroeyt gelt billioen is ½ maij niet

3503 2014 2443 117 meer ganck baer is niet can geprolongeert worden ten anderen die

3502 2051 2434 152 van de banck hebben geobtineert soo van sijn hooghijdt als den raes

3497 2143 2461 177 dat de guinecs sullen lanckbaer sijn voor ƒ11: 3½ wisselgelde ende ƒ12:2

3510 2255 2446 151 court waerop sij veel guinies beginnen uijt te geven ende apparent groot

3504 2348 2376 145 partije in spetie van engelandt sullen overkrijgen het welck versoecke

3497 2424 2419 179 gelieft te consideeren en mij voorschreven ordre naer u best gevallen

3502 2508 2443 154 en raet laeten effectueeren versoecke voortsganck aen den ingeslote

3501 2613 1353 122 met advies van wat passeert blijve.

5355 2621 303 193 5 ditto

3409 2664 999 182 brussel wed: seger vanderborgh

3492 2756 2377 169 in de focture die ick ul op 30 maij hebbe gegeven is een abies in de

3492 2849 2440 142 flannellen tot ul naerdeel sende ul diens volgens een ander de packlakens

3489 2965 2361 163 u geelmarch sijn gearriveert gelieft ul de selve tot £21:- wisselgelt

3494 3059 2425 122 commandeers liberlijck doch minder can ick dat niet doen tot ul governo

3511 3157 694 150 blijve in alle occisie

5413 3169 182 151 5 d.

3419 3220 742 158 brussel christiaen Segers

3491 3263 2407 211 de pack lakens sijn gearriveert gelieft ul eenige van de selve tot £21:-

3490 3432 2440 125 wisselgelt gelijck ick ul huijsvrouw hebbe gelijdt commandeert liberlijck

3484 3507 2379 170 maer minder can ick die niet geven, dat het leste tot minder prijs

3491 3595 2361 172 hebbe gelaeten is met die conditie geweest om te toonen dat ick ul

3502 3732 2425 165 genegen ben dienst te doen en dat het aen mij noot sal manqueren

3486 3827 2443 163 ons kennisse te onderhouden ul laken is vercocht op conditie doch hop

3506 3953 2138 138 sal vercocht blijve tot ul governo blijve naer groet enisse

3436 3999 615 147 brugge raphael Coots

3440 4033 2470 168 duwe van 30 passato, en 3 deser ontfangen, oock den hadt met hebbel

3490 4179 2434 121 casule en gisteren eenen brief van messr. hent waer van ingesloten het deel

3503 4222 2386 138 raeckende de medeullen, die ieder ieen casten sijn de apparent samen in

3499 4325 2358 124 een bindeltien sullen sijn gepacckt, en op 38 feb aen Asken selver ter handt

3516 4398 2318 109 gestelt met een op schrift aen mij soo dat het onnoodigh is van na
