8132 4692
2576 153 687 95 Adij 3 April d 1697

672 149 1029 128 Mechelen Cornelis van Aken

943 231 2394 108 ul aengenamen van 2 deser is mij wel geworden beroffens het wisselbrie

921 294 2442 160 van ƒ307:- courant gelt tot mijnen lasten, sijnde daermede het port gespaet

926 375 2425 120 waer voore ul ten duncke sal creditteren, van hollantse swaerte dicke lakens

938 470 2403 125 ben present niet voorsien en wegens het engels goet, ten arrivemente

954 545 1216 138 sal het ul laeten weten. blijve

2901 562 286 133 3 ditto

694 578 948 190 brussel Antoni rousseau

943 655 2401 168 iay la vre du premiere cour: iespere que vous avec trouve de £400:-

922 782 2368 108 accorde, ie vous renvoij si ionet les 2 lettres sur ondre de mangeles

948 839 2239 152 recepte et ie vous soet un heureuse & salutaire pasque ie suis

2929 936 313 102 4 ditto

703 889 835 174 Huill Wiisam sonson

1635 945 117 107 the

950 941 2376 216 sence mij last of 18: court receaved yours of 27 februarij, 6 & 10 past

943 1059 2378 147 with bils of loading there bj mentioned, with u well, you haveall my

2273 1134 51 72 u

943 1158 2387 134 consernes en suret on good men, butte  make mention att what prise

938 1237 2400 126 ou ever, you haveinge sent de accompt to mes potter you shall finse

936 1342 2290 118 your remboursemement bij hem, pleased gods to grand ospeased

948 1432 2300 100 shall & large mij commissions, tbea fleet from hull to Amst

952 1505 2268 138 & there convoijes are gott in to the river of london from

927 1603 2210 122 wense thij are to sayele to Amst., god sent them well

2938 1677 98 107 4

709 1659 903 144 London Samuel blowith

955 1689 2356 168 sence mij last of 25 past non from you, as then I writt to you

954 1843 2356 124 so have forwarded 129 tijkes salt saturday for gent where they

963 1921 2312 130 shall bee schipped dirrectley for london, it an apportunitie there

940 2018 2384 120 presentes it not, shall bee sent to bridge s in hopes te reach

939 2112 2343 85 the first convoij for london & where as I have not exactley

943 2169 2375 147 dhe cherges & on whoes boordt they shall bee shipped so sent

962 2222 2274 148 you onley the accmt of first cost & tht as soone a s I know

937 2343 2344 110 the charges, shall send a perfect envoijes & dispose of what

964 2415 2280 117 shall  remaine dess benge to mee, als I shall advise to you,

959 2494 1346 130 beinge the needfull att presentt from

2918 2493 267 164 4 ditto

714 2546 1243 144 London walter P William kent

963 2630 2258 119 sence mij last of 25 past receaved yours of 12 & 16 ditto with

952 2657 2372 199 acc patternes & bill of loadinge tot N°8 abord Jan marlow, will

783 2809 2492 112 which is well, as also, that the admisaltj have promised 7 or 8 men

946 2849 2306 160 of waer for ostent in 5 a 6 dayck butt where al I doubt that

962 2942 2198 151 convoij shall not bee reddij so soone so expect mij orders

951 3012 2307 198 fulley compleated, as well in the light draps fine savanskins

962 3112 2302 166 op devonshire baeyes, as serge flannels & principaley the red

963 3236 2255 120 clothes which mught not omitted by this convoy, for the

959 3338 2318 111 lordt knowes when wee are to expect an other convoij & by

948 3372 2388 176 thus I shall have butt few goeds, interna dhe convoij from hull

957 3457 2333 154 whas gatt in to the river of london, a strange contard conceipt, to

938 3548 2315 160 go so great a turne about, the lorde sendes all well to arrive

963 3669 2280 102 the selver fleet is arrived in spam w wee expect will cause

972 3734 2365 143 some alseration in the ex. at voch I longe because tisagaist

959 3808 2213 133 mij heard, to bee indepted to you erhover s'expect you shall

968 3883 2295 131 not take that ill ytt a whille & compleat my orders as fast, a sif

953 3977 2309 126 you had my monney in cassi & if bij change at the receipt there of

960 4049 2254 140 the ships & convoij were not itt departed & time would hermtt

963 4136 2303 146 to ship by this convoij, so please to buy, & sent 20 a30 white

969 4217 2375 150 flannels, assorred afin the pack N. 44. &oc is the needfull att presens

958 4337 268 134 from

5185 84 859 194 adij 1 ger 16316: 19

3360 155 787 137 Londres Jan die maestee

3524 233 2452 132 en responce a la chere vre de 16 passée, to iespere que les dentelles

3517 301 2558 140 a vous envoye seront bien tost chez vous et que leur bon marche vous t

3509 390 2422 119 commendera de menvoijer vos ordres, non obstante vous fares come

3498 484 2512 150 vous traeveres vre compte, mais pour attendre 2 a 3 mois apres l'en

3483 599 2502 117 voyer la facture sous recorrection, parsonne nemes propose, car il y

3795 645 187 63 aeene

3513 677 2508 119 a un hene qu'il ne pas payer sui le doits cest pouvre gens ne peevont

6022 722 62 88 el

3509 767 2400 122 pas attendre et si quatre pour cent ne soit pas mediter a cette

3507 815 2470 145 commission, nul autre merite un, vous complaine de la rapidite de

3504 913 2433 145 ma traitte, nous sommes d'on bien miserables en nostre acchat

3499 980 2546 194 d'en engleterre, et principalement aupreseeus de noorde qui n'acchate

3473 1112 2438 116 =ront pas un pieces sans quiont la valeurs en mains avec les

3499 1162 2565 212 ordres, il est vray il y en a qui sont pas si pressentes mais leaperiente

3473 1321 2417 129 =ee mat ensaigne, qu'ondoibt paijer s'intrest faison ou d'autre

3523 1418 2388 132 et comme ie ne veu rien profiter de vos graces que la seule

3521 1499 2430 142 provision et que iame vre intrest, cest la cause que iay tire, de

3509 1579 2498 127 crainte que le schange baisserets comme iacquen estoit allors d'opinion

3514 1694 2372 132 et peusque la slote de l'argent soit arrive en espaigne il faut

3509 1764 2448 133 necessairement que le change basse ce qui pourret vous preiudctier

3515 1823 2521 166 boucoup, i'ay faite cela en un pertaite intention de faire le melliceurs

3498 1927 2435 165 pour vous pour le cours pandent i an on a pas trauve auqu ne

3506 2020 2495 159 exactitude fort souvant 2 a 3 differente prises sur mesme iour

3498 2110 2442 195 quelque foes 1 a 1½ p. c plus l'un que l'autre, auiordhuy ona

3503 2201 2423 185 fait a 35:8 et aussi a 35:5 en tellement que vre grace n'a

3494 2350 2484 116 pas raison de ce plaindre que ma traitte a 2 esos soit au mesme

3501 2464 2497 104 prix que celles de mons. vervoirt a 2 ½ usos, car 4 iours ne pas

3481 2503 2350 161 considere que ie vous charge de la tolcest un droituste et

3447 2628 2562 110 mevisable et ie charge touts les pacquettes que iay touts iours envoije

3499 2736 2492 136 come iaij aussi paye, le droit est un tous p. livres valeur telle

3472 2827 2496 132 =ment que le premier pacquette porterent ƒ11:15 et les dernieres

3484 2923 2416 121 ƒ 14:11½ ou ie lesay declare pour quelque chose plus que ½ plus

3483 3007 2353 161 que la uiste valeur et sil p. maleur, il serent confisque ou

3478 3113 2483 142 accepte pr. les officiers pour la valeur declare pour que compte

3481 3208 2505 132 seret cela, ou si serent vole en chemain d'uy a rotterdam, naures

3491 3304 2366 130 les satisfait a vos ordres et ne devent vous pas me payer, car ie

3494 3377 2498 171 pretent que la marchandise sout pour vre compte & risiea aussi

3491 3487 2432 146 tost quelle souderent vendu a la poste, et pour les de clarer poir

3495 3589 2476 118 mon compte sur le tol ie suis trop tandre de consuantie de donner

3489 3699 2451 146 la declaration sur charment qui sont pour mon compte ie les

3485 3771 2404 119 un autre faire ce quilveut, iay risigue asse, fell pour les avoir

3475 3875 2495 106 de clare pour un ½ de valeur sans vre ordre posctive, comme ie vous

3503 3948 2420 160 prieset considerer de tournes dor en avan et de prendre vre refletson

3494 4038 2448 167 a dessus, carmy este acchete attrapre quelque fois et de semblable

3505 4122 2214 121 occasions pour compte des autres amis et mesme pour mons. rousseau

3489 4231 2507 92 cest pour quoy il nest pas raisonable que ie vous fairois bon eu quene

3506 4276 2388 129 chose que iaij paye pour vous il y a desamis a londres quisont plus

3521 4350 2441 116 rappige en seurs remises que moy a mes traittes et minage fort leur

3500 4398 1932 90 advantase de change la quelle efs verimant 3 a 4 p. atg
