8187 4658
2700 148 664 110 Adij 5 8 ber 1696

882 160 797 122 mons Jaques Bassecourt

1120 180 2279 173 le mienne du 26 passée vous est rendu par mon frete pere dominiiair

1126 279 2224 152 le quelle m'a luy comnuque vre responce de boussiour ce que vre grace

1121 363 2246 166 m'accuse, et allege d'excuse de ne me pas avoir respondu, sur maconsience

1118 504 2255 132 ie ne suis culpable, ie vous priez bien examiner bien vre menoire vous

1120 545 2042 161 mares fait trois payement apres le derniere acchat et iamois

1115 637 2178 118 de quelque discontentement, le temps lapproche que nous iugion

1120 762 2202 120 la querre finy et iesperes que devont le prix temps prochaine nous

1120 814 2248 137 auson la pain, et la comnerce libre comme du passée et comme il me

1125 900 2261 158 faut vivre par la negoce ie soit la grace de toutes mes amijs, comme

1126 1004 2156 123 aussi de vre parsonne ce pour quoy ie vous envoij vre compte

1119 1099 2227 120 selog vre ordre ou vous me reste dedoivable £ 120:18:7 argent

1120 1180 2243 147 de change, et pour ne vous donner une raisonde plaindre soyez vous

1117 1290 2184 80 vre arbitre memne, et paije a mons. trivier la ballance si vre

1140 1346 2202 117 conscience soit satisfait en me paiyent de monnois de fance: patiance

1146 1443 2185 122 en esperance avec la paijs vous me ferez gaigner, ie donne ordre

1134 1522 2200 135 a mons. trivier de sortir de cette affaire avec vre grace comme

1153 1592 2180 150 vous voules qu'un autre faciut avec vous pandent car ie suis de tout

2902 1653 186 119 5 d.

883 1659 874 169 mons Jan Bapt masson

1140 1707 2196 175 ie vous suis oblige pour l'honneur rendu a m'aderniere du 26 du passé

1140 1847 2116 120 a vous envoye poar mon frere pere dominicam et que vous avez

1134 1906 2273 140 eu la bonne promptidude de luy conter ƒ300: argent de france

1132 2031 2128 97 mais ie ne crois pas que vre grace soits intention de me debrter

1136 2054 2234 193 pour ƒ300, Anvers de change: ce pour quoy ie vous escrivre la presente

1147 2182 2086 119 et ordonnes a mons: trivier de vous rendre la valeur si vre

1125 2286 2094 133 grace ne soit pas content de me debiter seulement pour ce que

1143 2325 2215 174 mons. frrvier me pourra faire icy pour cette valeur. nous esperons

1152 2413 2109 159 et attendons la pare par tout eet tiver indubitablement et

1147 2511 2228 203 que vous viendre faire vre parsonne pour priex temps et comme

1161 2588 2147 171 ie vous estimez de me plus frande amis, et ie veut faire tout

1157 2668 2157 160 ce que m'est possible pour vre amitie et la continuation de

1115 2751 2199 194 vre correspondence caisse moj don tout cheras primiere la reste

1135 2823 2226 174 de vre compte, comme nous avons accordez car iay besoing de sargent

1147 2904 2142 224 pour preparer ma magelin pour vous recevoir et mes autres amis

1165 3019 1254 179 pour le mois de mais prochain ie suis

2979 3021 283 176 5 ditto

886 3123 726 132 mons Jaques Triviert

1161 3154 2171 145 le 2 courant estoit a vre grace madergiere et en suitte i'attent

1153 3263 2080 153 que mon fils pour suive les estudes e leverande peres iesuites

1148 3278 2251 208 mon frere le pere dominucain est biende retour tre satisfait de lebones

1164 3420 2173 160 et de la crvilite que luy a fait de luy femoingne iet pour quoy

1165 3493 2200 157 ie vous remarcien et me tiende reduable, a condition que, du vre

1145 3591 2211 148 grace in monsuiesils viendront en cette ville sans que vous vous

1143 3654 2239 153 serve du quaties de ma maison quels des a preparez restera press

1165 3745 2114 160 pour vous nous aurons la paix et hiver of la commerce libre

1168 3830 2131 148 en suitte et allors iespere de te moigner plus que ce pourraj faire

1166 3893 2150 163 attendre par l'escri, mons. masson a contez a monfiere ƒ300:

1159 3974 2074 144 argent de france les quelles il vous a rendu vous priant de vous

1159 4082 2240 126 governer selon la lettre si donet pour monsi masson, la quelle ie lel ouvant

1171 4156 2196 120 pour ester sercarres lecture car ie ne  veux pas pardere aprelluy

1149 4231 2135 136 m'est pour monss. bascourt il ae mrente un bin exceuse et dit a

1149 4294 2236 145 mon trere pour raison de ne jamais avoir voulu respondere, achott

1174 4408 2008 77 que ay renvoye de draps en engleserre dont il autes auroit

3518 157 2475 111 conditioner quelques eux cest ne pasveritable car ie n'aij renvoije de draps en 1so

3522 210 2359 164 engeleterre depuis 15 annies, il a dit encor que iay luy envoyere son compte

3525 308 2448 133 et quil payeret a vre grace pour moij a condition que vous desceretel argent

3521 398 2408 130 de france et que vous luy laisteres tabattre quelque refaction, ie crois quil

3533 471 2430 159 a parle icy pour de cj chergen de moijs quil nest en point affaire de marquentile

3528 556 2441 149 non obstante quil a eu soon compte 3 a 4 fois ie renvoy encore, et ie vous

3522 647 2461 166 de faire le mellieur possible avec luy pour sorsir de cette affaire memne non

3531 735 2414 131 obstante que ie n'aurois plus de cette partie que cent livres de gro de monnois

3517 856 2434 109 d'eAnvers, cest pour quoy ie vous priez de faire comme pour vous memne

3545 901 2279 168 en esporance dune bonne succes ie mediray, mon frere madit que vous

5426 987 555 153 Adij 6 8 ber 1696

3452 1024 688 107 mechelen de wede betram

3540 1020 2466 197 alsoo ick geerne mijn boecken soude sluyten tegen alder shh sende ick ingesloten

3523 1193 2436 133 ul reeekeninge courant van al het gene wij samen hebbe gedaen, waerbij ul mij

3524 1277 2466 129 ƒ1001:3 ¼ courant gelt, behoudelijck dat wit grijs laken dat van ul hier leijdt

3544 1365 2390 141 ick sien dat het goet een geleden Aen ul gelevert aenat s noch mee ens

3539 1432 2338 153 beraele en terwijle ick mij mie soo cleynewinsse gelijde soo bedoe

3529 1473 2452 218 diese partije En antwoert deeser my te senden de naisse weecke wache

3529 1616 2393 168 Ick veele grove goederen alst ul gelieft wij connen een nieuwe

3529 1735 2436 123 Reuk. bequmen terwijlen van mijn cam al doen sal dae mogeljck ss

5128 1790 734 174 ady 6 &ber 1696

3540 1843 366 138 blijve

3433 1910 1315 158 Amshllen d'heer gillis van Lauwenbergh

3533 1968 2408 197 ber hen ul goede over comst deesen morgen come my te leren eene

3541 2078 2402 137 occase van ƒ12000:- te geven aen Concker Charles Moonende toe mechels

3533 2176 2385 170 en ent Waver over 3 a  gestorven s hy souve te gaude stellen

3521 2291 2377 137 aenepartye h'anden in ha vande van Dermonde aet mede eeniagh

3542 2372 2344 190 hande onder loeveren in laenderen ende toe ondergande sijn huyis

3534 2469 2489 202 daer hij toe meghelen & gewoent ick neme de vrijhijdt ul dit kenbaer te maekene

3523 2599 2444 148 omdaer over ul advies te hebben omdat die partije wat groot is den intrest

3529 2668 2462 176 wort gepreponeert a 4 p. boven dien ick ken die parsoon niet sijn conditie oft

3537 2736 2461 160 comportement dan oft hij alleen erfgenaem van sijn vader s oft hoe die sacke staet

3533 2811 2456 169 bidde mij morgen met dobbelport Antwort te laeten toecomen soo mogelijck is

3541 2941 492 136 ter wijlen blijve

5250 2949 683 158 adij 4 xber 1696

3430 3011 587 130 Ath Andre lizon

3526 3025 2452 208 iespere que vous avez bien receu la marchandise a voul vendue le 12 passé

3532 3128 2414 159 et 20 ditto selon la facture rendue a mad. vre fille, dont se restant

3529 3253 2445 126 estant 7 carisees a cavoir 4 rouges, un violet un bleu et un coulleur

3531 3323 2424 123 de peirle et les deux draps N209 et 218 sont embarquez auroidhuy

3538 3420 2457 140 pour dermonde dans un ballet A  N2 addresse a soande bout pourvre

3540 3542 2405 147 ordre le pack a pour ferdilure quelques a de cotton blancq de mons.

3537 3606 2461 166 bathin et il contient aussi une piece de pie d'illande et un draps pour mons

3528 3718 2408 140 massardt, ie le souhaitte bien chez vous et s'il souffre quelque autre

3544 3808 2393 159 a vre service, commandez librement, ie suis attendant vre ordre pour

3521 3915 2418 155 mons. wijnendael, d' Amsterdam et comme il nij a pas occasion icy

3539 3994 2425 185 detirer ser vol graces, iattendray vos remises, soit en lettre de change

3525 4080 2337 185 ou en espec en quelques quinces sont les millieurs a vre governo,

3535 4178 1347 165 pendant que ie suis de tout mon ceus
