<?xml version="1.0" encoding="UTF-8"?>
<alto xmlns:xsi="http://www.w3.org/2001/XMLSchema-instance"
      xmlns="http://www.loc.gov/standards/alto/ns-v4#"
      xmlns:page="http://schema.primaresearch.org/PAGE/gts/pagecontent/2013-07-15"
      xsi:schemaLocation="http://www.loc.gov/standards/alto/ns-v4# https://www.loc.gov/standards/alto/v4/alto.xsd">
   <Description>
      <MeasurementUnit>pixel</MeasurementUnit>
      <OCRProcessing ID="IdOcr">
         <ocrProcessingStep>
            <processingDateTime>2022-02-04T12:21:29.664+01:00</processingDateTime>
            <processingSoftware>
               <softwareCreator>READ COOP</softwareCreator>
               <softwareName>Transkribus</softwareName>
            </processingSoftware>
         </ocrProcessingStep>
      </OCRProcessing>
   </Description>
   <Layout>
      <Page ID="Page1" PHYSICAL_IMG_NR="1" HEIGHT="4637" WIDTH="8200">
         <TopMargin HEIGHT="0" WIDTH="8200" VPOS="0" HPOS="0"/>
         <LeftMargin HEIGHT="4637" WIDTH="0" VPOS="0" HPOS="0"/>
         <RightMargin HEIGHT="4637" WIDTH="0" VPOS="0" HPOS="8200"/>
         <BottomMargin HEIGHT="0" WIDTH="8200" VPOS="4637" HPOS="0"/>
         <PrintSpace HEIGHT="4637" WIDTH="8200" VPOS="0" HPOS="0">
            <TextBlock ID="region_1641890274678_1641"
                       HEIGHT="4420"
                       WIDTH="2552"
                       VPOS="122"
                       HPOS="831">
               <Shape>
                  <Polygon POINTS="831,122 3383,122 3383,4542 831,4542"/>
               </Shape>
               <TextLine ID="region_1641890274678_1641l1"
                         BASELINE="1146,232 1247,227 1349,223 1451,220 1553,218 1655,218 1757,216 1859,216 1961,218 2063,218 2165,220 2266,221 2368,222 2470,224 2572,226 2674,227 2776,228 2878,228 2980,230 3082,229 3184,228"
                         HEIGHT="183"
                         WIDTH="2070"
                         VPOS="95"
                         HPOS="1130">
                  <String ID="string_region_1641890274678_1641l1"
                          HEIGHT="183"
                          WIDTH="2070"
                          VPOS="95"
                          HPOS="1130"
                          CONTENT="elveen eer n f  e ven ente "/>
               </TextLine>
               <TextLine ID="region_1641890274678_1641l2"
                         BASELINE="2534,304 2572,305 2610,306 2648,306 2686,306 2724,306 2762,308 2800,308 2838,308 2876,308 2915,308 2953,308 2991,309 3029,310 3067,310 3105,312 3143,314 3181,315 3219,316 3257,319 3296,320"
                         HEIGHT="158"
                         WIDTH="797"
                         VPOS="211"
                         HPOS="2518">
                  <String ID="string_region_1641890274678_1641l2"
                          HEIGHT="158"
                          WIDTH="797"
                          VPOS="211"
                          HPOS="2518"
                          CONTENT="adij 25 Junij barnt 1696"/>
               </TextLine>
               <TextLine ID="region_1641890274678_1641l3"
                         BASELINE="884,358 925,354 966,351 1007,348 1048,344 1089,340 1130,338 1171,336 1212,333 1253,331 1294,328 1335,326 1376,324 1417,321 1458,319 1499,318 1540,316 1581,316 1622,314 1663,314 1704,312"
                         HEIGHT="179"
                         WIDTH="856"
                         VPOS="225"
                         HPOS="864">
                  <String ID="string_region_1641890274678_1641l3"
                          HEIGHT="179"
                          WIDTH="856"
                          VPOS="225"
                          HPOS="864"
                          CONTENT="brugge Raphael Coots"/>
               </TextLine>
               <TextLine ID="region_1641890274678_1641l4"
                         BASELINE="1152,412 1262,408 1372,404 1482,400 1592,398 1702,396 1812,392 1922,390 2032,388 2142,388 2253,386 2363,386 2473,386 2583,386 2693,386 2803,388 2913,390 3023,392 3133,396 3243,398 3354,404"
                         HEIGHT="145"
                         WIDTH="2233"
                         VPOS="283"
                         HPOS="1136">
                  <String ID="string_region_1641890274678_1641l4"
                          HEIGHT="145"
                          WIDTH="2233"
                          VPOS="283"
                          HPOS="1136"
                          CONTENT="duwe van 18 en 23 deser ontfangen godt lof dat het convoij van lornden"/>
               </TextLine>
               <TextLine ID="region_1641890274678_1641l5"
                         BASELINE="1156,484 1264,480 1373,478 1482,476 1590,474 1699,472 1808,472 1916,470 2025,470 2134,470 2243,470 2351,470 2460,470 2569,472 2677,472 2786,474 2895,474 3003,474 3112,476 3221,476 3330,478"
                         HEIGHT="123"
                         WIDTH="2205"
                         VPOS="392"
                         HPOS="1141">
                  <String ID="string_region_1641890274678_1641l5"
                          HEIGHT="123"
                          WIDTH="2205"
                          VPOS="392"
                          HPOS="1141"
                          CONTENT="is gearriveert hope daer bij is omaers verschrieck ende hugh finlison"/>
               </TextLine>
               <TextLine ID="region_1641890274678_1641l6"
                         BASELINE="1144,568 1254,562 1365,559 1476,556 1587,553 1698,552 1809,550 1920,550 2031,548 2142,548 2253,550 2363,550 2474,550 2585,550 2696,550 2807,550 2918,550 3029,550 3140,548 3251,546 3362,544"
                         HEIGHT="101"
                         WIDTH="2248"
                         VPOS="478"
                         HPOS="1128">
                  <String ID="string_region_1641890274678_1641l6"
                          HEIGHT="101"
                          WIDTH="2248"
                          VPOS="478"
                          HPOS="1128"
                          CONTENT="int schip vanden eersten is voor mij gelaeden een pack  17 inhouden"/>
               </TextLine>
               <TextLine ID="region_1641890274678_1641l7"
                         BASELINE="1150,650 1259,646 1368,642 1477,639 1586,636 1696,634 1805,632 1914,630 2023,628 2132,628 2242,627 2351,626 2460,626 2569,626 2678,628 2788,628 2897,630 3006,630 3115,632 3224,634 3334,636"
                         HEIGHT="118"
                         WIDTH="2214"
                         VPOS="550"
                         HPOS="1135">
                  <String ID="string_region_1641890274678_1641l7"
                          HEIGHT="118"
                          WIDTH="2214"
                          VPOS="550"
                          HPOS="1135"
                          CONTENT="18 enckele dosijn lakens gemengelt ende een wit cotton voor vrape"/>
               </TextLine>
               <TextLine ID="region_1641890274678_1641l8"
                         BASELINE="1158,726 1266,724 1375,722 1483,720 1592,717 1700,714 1809,712 1917,710 2026,708 2134,706 2243,704 2351,704 2460,702 2568,702 2677,702 2785,702 2894,702 3002,704 3111,706 3219,708 3328,712"
                         HEIGHT="125"
                         WIDTH="2202"
                         VPOS="619"
                         HPOS="1141">
                  <String ID="string_region_1641890274678_1641l8"
                          HEIGHT="125"
                          WIDTH="2202"
                          VPOS="619"
                          HPOS="1141"
                          CONTENT="int schip van hugh finlison sijn gelaeden twee packen  N 18 ende"/>
               </TextLine>
               <TextLine ID="region_1641890274678_1641l9"
                         BASELINE="1150,816 1258,813 1366,810 1474,808 1582,804 1690,802 1798,800 1906,796 2014,794 2122,792 2230,790 2338,788 2446,788 2554,788 2662,788 2770,788 2878,790 2986,792 3094,795 3202,798 3310,804"
                         HEIGHT="157"
                         WIDTH="2191"
                         VPOS="713"
                         HPOS="1135">
                  <String ID="string_region_1641890274678_1641l9"
                          HEIGHT="157"
                          WIDTH="2191"
                          VPOS="713"
                          HPOS="1135"
                          CONTENT="19 ieder met 10 modecouleure gemengelde spaense laken 1 witten"/>
               </TextLine>
               <TextLine ID="region_1641890274678_1641l10"
                         BASELINE="1146,902 1255,902 1365,900 1475,898 1585,896 1695,893 1805,890 1915,886 2025,884 2135,880 2245,878 2354,875 2464,872 2574,872 2684,870 2794,870 2904,871 3014,872 3124,876 3234,881 3344,886"
                         HEIGHT="126"
                         WIDTH="2230"
                         VPOS="836"
                         HPOS="1128">
                  <String ID="string_region_1641890274678_1641l10"
                          HEIGHT="126"
                          WIDTH="2230"
                          VPOS="836"
                          HPOS="1128"
                          CONTENT="baeij tot ferdilure laet dese 3 paecken opt spoedichte lossen verclaren"/>
               </TextLine>
               <TextLine ID="region_1641890274678_1641l11"
                         BASELINE="1154,982 1264,980 1374,978 1484,976 1594,974 1704,970 1814,968 1924,964 2034,962 2144,960 2255,956 2365,954 2475,952 2585,950 2695,950 2805,948 2915,948 3025,948 3135,950 3245,951 3356,954"
                         HEIGHT="144"
                         WIDTH="2233"
                         VPOS="864"
                         HPOS="1138">
                  <String ID="string_region_1641890274678_1641l11"
                          HEIGHT="144"
                          WIDTH="2233"
                          VPOS="864"
                          HPOS="1138"
                          CONTENT="en par bargie op gent aen herrebout versonden te worden met ordre"/>
               </TextLine>
               <TextLine ID="region_1641890274678_1641l12"
                         BASELINE="1156,1064 1265,1060 1375,1056 1484,1052 1594,1050 1703,1046 1813,1044 1922,1042 2032,1040 2141,1038 2251,1036 2360,1036 2470,1036 2579,1034 2689,1034 2798,1036 2908,1036 3017,1036 3127,1038 3236,1040 3346,1042"
                         HEIGHT="148"
                         WIDTH="2223"
                         VPOS="956"
                         HPOS="1139">
                  <String ID="string_region_1641890274678_1641l12"
                          HEIGHT="148"
                          WIDTH="2223"
                          VPOS="956"
                          HPOS="1139"
                          CONTENT="van N18:19 te wagen mij toe te senden en dander te schepe gevende"/>
               </TextLine>
               <TextLine ID="region_1641890274678_1641l13"
                         BASELINE="1160,1150 1252,1144 1345,1140 1437,1136 1530,1132 1623,1130 1715,1126 1808,1124 1900,1122 1993,1120 2086,1118 2178,1116 2271,1115 2363,1114 2456,1114 2549,1112 2641,1112 2734,1112 2826,1112 2919,1112 3012,1112"
                         HEIGHT="119"
                         WIDTH="1883"
                         VPOS="1037"
                         HPOS="1144">
                  <String ID="string_region_1641890274678_1641l13"
                          HEIGHT="119"
                          WIDTH="1883"
                          VPOS="1037"
                          HPOS="1144"
                          CONTENT="mij advies van wat passeert sal ul verobligeeren die"/>
               </TextLine>
               <TextLine ID="region_1641890274678_1641l14"
                         BASELINE="3006,1174 3033,1178 3060,1180 3087,1178 3114,1175 3141,1172 3168,1167 3195,1164 3222,1162"
                         HEIGHT="141"
                         WIDTH="254"
                         VPOS="1075"
                         HPOS="2986">
                  <String ID="string_region_1641890274678_1641l14"
                          HEIGHT="141"
                          WIDTH="254"
                          VPOS="1075"
                          HPOS="2986"
                          CONTENT="25 d."/>
               </TextLine>
               <TextLine ID="region_1641890274678_1641l15"
                         BASELINE="912,1204 953,1204 995,1204 1036,1204 1078,1204 1119,1204 1161,1204 1202,1204 1244,1204 1285,1204 1327,1204 1368,1204 1410,1202 1451,1202 1493,1200 1534,1199 1576,1197 1617,1195 1659,1192 1700,1190 1742,1186"
                         HEIGHT="150"
                         WIDTH="863"
                         VPOS="1107"
                         HPOS="896">
                  <String ID="string_region_1641890274678_1641l15"
                          HEIGHT="150"
                          WIDTH="863"
                          VPOS="1107"
                          HPOS="896"
                          CONTENT="gent francois herrebout"/>
               </TextLine>
               <TextLine ID="region_1641890274678_1641l16"
                         BASELINE="1152,1290 1257,1284 1363,1278 1468,1274 1574,1270 1680,1267 1785,1264 1891,1262 1996,1260 2102,1260 2208,1258 2313,1258 2419,1258 2524,1258 2630,1260 2736,1261 2841,1262 2947,1264 3052,1266 3158,1268 3264,1272"
                         HEIGHT="153"
                         WIDTH="2140"
                         VPOS="1148"
                         HPOS="1137">
                  <String ID="string_region_1641890274678_1641l16"
                          HEIGHT="153"
                          WIDTH="2140"
                          VPOS="1148"
                          HPOS="1137"
                          CONTENT="den uwen van 31 maij lest faute van occasie niet beantwoort"/>
               </TextLine>
               <TextLine ID="region_1641890274678_1641l17"
                         BASELINE="1136,1368 1243,1362 1350,1356 1458,1351 1565,1347 1673,1344 1780,1342 1887,1340 1995,1338 2102,1336 2210,1336 2317,1336 2424,1336 2532,1336 2639,1337 2747,1338 2854,1339 2961,1340 3069,1342 3176,1343 3284,1344"
                         HEIGHT="158"
                         WIDTH="2177"
                         VPOS="1252"
                         HPOS="1121">
                  <String ID="string_region_1641890274678_1641l17"
                          HEIGHT="158"
                          WIDTH="2177"
                          VPOS="1252"
                          HPOS="1121"
                          CONTENT="verwachte van brugge 3 packen N 17: 18:19 waer van 18:19op"/>
               </TextLine>
               <TextLine ID="region_1641890274678_1641l18"
                         BASELINE="1156,1446 1264,1440 1372,1436 1480,1430 1589,1426 1697,1424 1805,1422 1914,1420 2022,1418 2130,1416 2239,1416 2347,1414 2455,1414 2563,1414 2672,1414 2780,1414 2888,1413 2997,1412 3105,1412 3213,1410 3322,1410"
                         HEIGHT="117"
                         WIDTH="2196"
                         VPOS="1364"
                         HPOS="1141">
                  <String ID="string_region_1641890274678_1641l18"
                          HEIGHT="117"
                          WIDTH="2196"
                          VPOS="1364"
                          HPOS="1141"
                          CONTENT="ontfanck te wagen mij sult toesenden en N 17 te schepe blijve"/>
               </TextLine>
               <TextLine ID="region_1641890274678_1641l19"
                         BASELINE="3000,1514 3029,1516 3059,1516 3088,1514 3118,1512 3148,1510"
                         HEIGHT="117"
                         WIDTH="183"
                         VPOS="1428"
                         HPOS="2982">
                  <String ID="string_region_1641890274678_1641l19"
                          HEIGHT="117"
                          WIDTH="183"
                          VPOS="1428"
                          HPOS="2982"
                          CONTENT="25 d"/>
               </TextLine>
               <TextLine ID="region_1641890274678_1641l20"
                         BASELINE="886,1534 927,1532 969,1531 1011,1529 1053,1528 1095,1526 1136,1525 1178,1522 1220,1521 1262,1519 1304,1518 1345,1516 1387,1514 1429,1512 1471,1510 1513,1508 1554,1508 1596,1506 1638,1504 1680,1502 1722,1502"
                         HEIGHT="160"
                         WIDTH="867"
                         VPOS="1407"
                         HPOS="870">
                  <String ID="string_region_1641890274678_1641l20"
                          HEIGHT="160"
                          WIDTH="867"
                          VPOS="1407"
                          HPOS="870"
                          CONTENT="rotterdam Abram de Bra"/>
               </TextLine>
               <TextLine ID="region_1641890274678_1641l21"
                         BASELINE="1144,1596 1253,1587 1363,1580 1472,1572 1582,1566 1692,1561 1801,1557 1911,1554 2020,1552 2130,1550 2240,1548 2349,1548 2459,1548 2568,1550 2678,1550 2788,1552 2897,1554 3007,1557 3116,1560 3226,1562 3336,1566"
                         HEIGHT="198"
                         WIDTH="2223"
                         VPOS="1424"
                         HPOS="1127">
                  <String ID="string_region_1641890274678_1641l21"
                          HEIGHT="198"
                          WIDTH="2223"
                          VPOS="1424"
                          HPOS="1127"
                          CONTENT="volgens ons leste advisen van engelant soo behoorde het convoij van"/>
               </TextLine>
               <TextLine ID="region_1641890274678_1641l22"
                         BASELINE="1144,1676 1251,1666 1358,1658 1465,1651 1572,1645 1680,1640 1787,1636 1894,1632 2001,1630 2108,1630 2216,1630 2323,1629 2430,1630 2537,1630 2644,1630 2752,1632 2859,1633 2966,1634 3073,1634 3180,1634 3288,1634"
                         HEIGHT="122"
                         WIDTH="2175"
                         VPOS="1553"
                         HPOS="1128">
                  <String ID="string_region_1641890274678_1641l22"
                          HEIGHT="122"
                          WIDTH="2175"
                          VPOS="1553"
                          HPOS="1128"
                          CONTENT="hul costij al gearriveert te sijn en alsoo van uwe des wegens geen"/>
               </TextLine>
               <TextLine ID="region_1641890274678_1641l23"
                         BASELINE="1148,1756 1254,1747 1361,1740 1467,1734 1574,1728 1681,1724 1787,1720 1894,1716 2000,1714 2107,1712 2214,1710 2320,1710 2427,1710 2533,1710 2640,1710 2747,1712 2853,1714 2960,1716 3066,1718 3173,1721 3280,1724"
                         HEIGHT="116"
                         WIDTH="2163"
                         VPOS="1657"
                         HPOS="1131">
                  <String ID="string_region_1641890274678_1641l23"
                          HEIGHT="116"
                          WIDTH="2163"
                          VPOS="1657"
                          HPOS="1131"
                          CONTENT="advies soo ben in verlangen te verstaen wat des wegens passeert"/>
               </TextLine>
               <TextLine ID="region_1641890274678_1641l24"
                         BASELINE="1160,1838 1268,1829 1377,1822 1485,1816 1594,1810 1703,1805 1811,1802 1920,1799 2028,1796 2137,1796 2246,1794 2354,1794 2463,1796 2571,1796 2680,1798 2789,1800 2897,1802 3006,1804 3114,1808 3223,1810 3332,1814"
                         HEIGHT="142"
                         WIDTH="2205"
                         VPOS="1713"
                         HPOS="1143">
                  <String ID="string_region_1641890274678_1641l24"
                          HEIGHT="142"
                          WIDTH="2205"
                          VPOS="1713"
                          HPOS="1143"
                          CONTENT="arriveerende versoecke duifterste expeditie van mijne 3 packen voor"/>
               </TextLine>
               <TextLine ID="region_1641890274678_1641l25"
                         BASELINE="1148,1926 1259,1918 1370,1910 1482,1905 1593,1899 1705,1894 1816,1890 1927,1888 2039,1885 2150,1884 2262,1882 2373,1880 2484,1880 2596,1880 2707,1880 2819,1880 2930,1880 3041,1880 3153,1880 3264,1880 3376,1880"
                         HEIGHT="203"
                         WIDTH="2261"
                         VPOS="1768"
                         HPOS="1132">
                  <String ID="string_region_1641890274678_1641l25"
                          HEIGHT="203"
                          WIDTH="2261"
                          VPOS="1768"
                          HPOS="1132"
                          CONTENT="desen aen ul vermelt principaelijck voor al N75 waerop mij verlete"/>
               </TextLine>
               <TextLine ID="region_1641890274678_1641l26"
                         BASELINE="2940,1954 2966,1957 2992,1958 3018,1958 3044,1958 3070,1956 3096,1954"
                         HEIGHT="98"
                         WIDTH="188"
                         VPOS="1885"
                         HPOS="2924">
                  <String ID="string_region_1641890274678_1641l26"
                          HEIGHT="98"
                          WIDTH="188"
                          VPOS="1885"
                          HPOS="2924"
                          CONTENT="25 d"/>
               </TextLine>
               <TextLine ID="region_1641890274678_1641l27"
                         BASELINE="876,2020 911,2016 946,2013 981,2010 1016,2006 1051,2004 1086,2000 1121,1998 1156,1995 1191,1994 1227,1992 1262,1990 1297,1988 1332,1987 1367,1986 1402,1983 1437,1982 1472,1981 1507,1979 1542,1977 1578,1974"
                         HEIGHT="159"
                         WIDTH="734"
                         VPOS="1887"
                         HPOS="859">
                  <String ID="string_region_1641890274678_1641l27"
                          HEIGHT="159"
                          WIDTH="734"
                          VPOS="1887"
                          HPOS="859"
                          CONTENT="Amst. geraerd rover"/>
               </TextLine>
               <TextLine ID="region_1641890274678_1641l28"
                         BASELINE="1148,2066 1256,2062 1364,2057 1472,2054 1581,2049 1689,2046 1797,2044 1906,2040 2014,2038 2122,2036 2231,2034 2339,2034 2447,2034 2555,2034 2664,2034 2772,2034 2880,2036 2989,2038 3097,2041 3205,2044 3314,2048"
                         HEIGHT="140"
                         WIDTH="2195"
                         VPOS="1934"
                         HPOS="1133">
                  <String ID="string_region_1641890274678_1641l28"
                          HEIGHT="140"
                          WIDTH="2195"
                          VPOS="1934"
                          HPOS="1133"
                          CONTENT="in antwoort aen duwe van 21 en 22 deser alhoe wel hier soo wel"/>
               </TextLine>
               <TextLine ID="region_1641890274678_1641l29"
                         BASELINE="1144,2150 1254,2142 1364,2135 1474,2130 1584,2124 1694,2120 1804,2116 1914,2112 2024,2110 2134,2108 2244,2106 2354,2104 2464,2104 2574,2104 2684,2104 2794,2106 2904,2106 3014,2108 3124,2108 3234,2110 3344,2112"
                         HEIGHT="111"
                         WIDTH="2233"
                         VPOS="2068"
                         HPOS="1126">
                  <String ID="string_region_1641890274678_1641l29"
                          HEIGHT="111"
                          WIDTH="2233"
                          VPOS="2068"
                          HPOS="1126"
                          CONTENT="als costij brieven van londen in protest keeren toute van betaelinge"/>
               </TextLine>
               <TextLine ID="region_1641890274678_1641l30"
                         BASELINE="1160,2232 1269,2227 1378,2222 1487,2216 1597,2210 1706,2206 1815,2202 1925,2198 2034,2195 2143,2192 2253,2190 2362,2188 2471,2186 2580,2186 2690,2186 2799,2186 2908,2187 3018,2188 3127,2190 3236,2194 3346,2196"
                         HEIGHT="154"
                         WIDTH="2217"
                         VPOS="2095"
                         HPOS="1142">
                  <String ID="string_region_1641890274678_1641l30"
                          HEIGHT="154"
                          WIDTH="2217"
                          VPOS="2095"
                          HPOS="1142"
                          CONTENT="soo can men evenwel voor 30st geen brieven becomen, hoe het heden"/>
               </TextLine>
               <TextLine ID="region_1641890274678_1641l31"
                         BASELINE="1156,2312 1266,2306 1376,2300 1486,2295 1596,2290 1706,2286 1816,2282 1926,2280 2036,2277 2146,2276 2256,2274 2366,2272 2476,2270 2586,2270 2696,2268 2806,2268 2916,2268 3026,2266 3136,2266 3246,2266 3356,2266"
                         HEIGHT="134"
                         WIDTH="2230"
                         VPOS="2194"
                         HPOS="1140">
                  <String ID="string_region_1641890274678_1641l31"
                          HEIGHT="134"
                          WIDTH="2230"
                          VPOS="2194"
                          HPOS="1140"
                          CONTENT="op de beursgaen sal sal aenden voet deser noteeren bij eenige voorvel"/>
               </TextLine>
               <TextLine ID="region_1641890274678_1641l32"
                         BASELINE="1136,2392 1244,2387 1352,2382 1460,2378 1569,2374 1677,2370 1785,2366 1894,2363 2002,2360 2110,2358 2219,2356 2327,2354 2435,2352 2543,2352 2652,2350 2760,2350 2868,2348 2977,2348 3085,2348 3193,2348 3302,2350"
                         HEIGHT="141"
                         WIDTH="2200"
                         VPOS="2269"
                         HPOS="1119">
                  <String ID="string_region_1641890274678_1641l32"
                          HEIGHT="141"
                          WIDTH="2200"
                          VPOS="2269"
                          HPOS="1119"
                          CONTENT="=sende veranderinge gelieft mij voorgaende ordre te observeeren"/>
               </TextLine>
               <TextLine ID="region_1641890274678_1641l33"
                         BASELINE="1156,2484 1263,2478 1371,2472 1479,2466 1587,2461 1695,2456 1803,2451 1911,2448 2019,2444 2127,2440 2235,2436 2342,2434 2450,2432 2558,2430 2666,2430 2774,2428 2882,2428 2990,2428 3098,2430 3206,2431 3314,2432"
                         HEIGHT="149"
                         WIDTH="2190"
                         VPOS="2350"
                         HPOS="1139">
                  <String ID="string_region_1641890274678_1641l33"
                          HEIGHT="149"
                          WIDTH="2190"
                          VPOS="2350"
                          HPOS="1139"
                          CONTENT="als voor eijgen de schade aen d'oostesse vloet door Jan baertgedaen"/>
               </TextLine>
               <TextLine ID="region_1641890274678_1641l34"
                         BASELINE="1156,2570 1264,2562 1372,2554 1480,2546 1588,2541 1697,2535 1805,2530 1913,2526 2021,2524 2129,2520 2238,2518 2346,2516 2454,2514 2562,2514 2670,2512 2779,2512 2887,2510 2995,2510 3103,2510 3211,2510 3320,2508"
                         HEIGHT="136"
                         WIDTH="2197"
                         VPOS="2441"
                         HPOS="1139">
                  <String ID="string_region_1641890274678_1641l34"
                          HEIGHT="136"
                          WIDTH="2197"
                          VPOS="2441"
                          HPOS="1139"
                          CONTENT="is seer rematquabel en vreese voor meer ongeval soo hij uijt de noort"/>
               </TextLine>
               <TextLine ID="region_1641890274678_1641l35"
                         BASELINE="1160,2650 1270,2642 1380,2634 1490,2627 1600,2620 1710,2616 1820,2612 1930,2610 2040,2606 2150,2604 2261,2602 2371,2601 2481,2600 2591,2598 2701,2598 2811,2596 2921,2596 3031,2594 3141,2592 3251,2590 3362,2586"
                         HEIGHT="186"
                         WIDTH="2234"
                         VPOS="2477"
                         HPOS="1142">
                  <String ID="string_region_1641890274678_1641l35"
                          HEIGHT="186"
                          WIDTH="2234"
                          VPOS="2477"
                          HPOS="1142"
                          CONTENT="see niet verdreven en woort: dat hij de moscavisie vloet rescontrardi"/>
               </TextLine>
               <TextLine ID="region_1641890274678_1641l36"
                         BASELINE="1144,2738 1253,2728 1362,2719 1471,2712 1580,2705 1689,2700 1798,2696 1907,2694 2016,2692 2125,2690 2234,2688 2343,2686 2452,2686 2561,2686 2670,2684 2779,2684 2888,2682 2997,2680 3106,2676 3215,2673 3324,2668"
                         HEIGHT="132"
                         WIDTH="2212"
                         VPOS="2608"
                         HPOS="1127">
                  <String ID="string_region_1641890274678_1641l36"
                          HEIGHT="132"
                          WIDTH="2212"
                          VPOS="2608"
                          HPOS="1127"
                          CONTENT="daer soude lichtelijck niet een schapeeren, hope daer in sal voorsien"/>
               </TextLine>
               <TextLine ID="region_1641890274678_1641l37"
                         BASELINE="1168,2816 1274,2807 1381,2798 1487,2791 1594,2786 1701,2780 1807,2776 1914,2774 2020,2770 2127,2768 2234,2768 2340,2766 2447,2765 2553,2764 2660,2764 2767,2762 2873,2762 2980,2760 3086,2759 3193,2757 3300,2754"
                         HEIGHT="131"
                         WIDTH="2164"
                         VPOS="2692"
                         HPOS="1151">
                  <String ID="string_region_1641890274678_1641l37"
                          HEIGHT="131"
                          WIDTH="2164"
                          VPOS="2692"
                          HPOS="1151"
                          CONTENT="woorden, ick geloove die schepen haest worden verwacht wat daer"/>
               </TextLine>
               <TextLine ID="region_1641890274678_1641l38"
                         BASELINE="1160,2892 1269,2881 1378,2874 1487,2868 1596,2862 1706,2858 1815,2854 1924,2852 2033,2850 2142,2850 2252,2848 2361,2848 2470,2848 2579,2848 2688,2847 2798,2846 2907,2844 3016,2842 3125,2840 3234,2836 3344,2830"
                         HEIGHT="139"
                         WIDTH="2218"
                         VPOS="2753"
                         HPOS="1142">
                  <String ID="string_region_1641890274678_1641l38"
                          HEIGHT="139"
                          WIDTH="2218"
                          VPOS="2753"
                          HPOS="1142"
                          CONTENT="van comt te hooren verneme geerne. het graen is hier ten platte"/>
               </TextLine>
               <TextLine ID="region_1641890274678_1641l39"
                         BASELINE="1156,2966 1261,2958 1367,2951 1473,2944 1579,2940 1685,2938 1790,2935 1896,2933 2002,2932 2108,2930 2214,2930 2319,2930 2425,2930 2531,2930 2637,2930 2743,2928 2848,2926 2954,2926 3060,2922 3166,2918 3272,2914"
                         HEIGHT="139"
                         WIDTH="2149"
                         VPOS="2842"
                         HPOS="1138">
                  <String ID="string_region_1641890274678_1641l39"
                          HEIGHT="139"
                          WIDTH="2149"
                          VPOS="2842"
                          HPOS="1138"
                          CONTENT="lande naer gissinge een derde bedorven doch daer tegen belooft"/>
               </TextLine>
               <TextLine ID="region_1641890274678_1641l40"
                         BASELINE="1154,3038 1264,3035 1374,3032 1484,3030 1594,3026 1704,3023 1814,3020 1924,3018 2034,3015 2144,3012 2255,3010 2365,3008 2475,3006 2585,3006 2695,3006 2805,3006 2915,3006 3025,3008 3135,3010 3245,3012 3356,3016"
                         HEIGHT="124"
                         WIDTH="2236"
                         VPOS="2925"
                         HPOS="1137">
                  <String ID="string_region_1641890274678_1641l40"
                          HEIGHT="124"
                          WIDTH="2236"
                          VPOS="2925"
                          HPOS="1137"
                          CONTENT="het gewas loodanige abondantie dat wij niet gelooven het daeronme"/>
               </TextLine>
               <TextLine ID="region_1641890274678_1641l41"
                         BASELINE="1150,3116 1259,3112 1368,3108 1477,3106 1587,3102 1696,3100 1805,3098 1915,3096 2024,3096 2133,3094 2243,3092 2352,3092 2461,3090 2570,3090 2680,3088 2789,3088 2898,3086 3008,3084 3117,3082 3226,3080 3336,3078"
                         HEIGHT="140"
                         WIDTH="2218"
                         VPOS="3002"
                         HPOS="1133">
                  <String ID="string_region_1641890274678_1641l41"
                          HEIGHT="140"
                          WIDTH="2218"
                          VPOS="3002"
                          HPOS="1133"
                          CONTENT="dier soude woorden al hoe wel den prijs van 3 gulden tot s4"/>
               </TextLine>
               <TextLine ID="region_1641890274678_1641l42"
                         BASELINE="1140,3198 1252,3195 1364,3192 1476,3188 1588,3186 1700,3182 1812,3180 1924,3178 2036,3176 2148,3174 2260,3174 2372,3172 2484,3172 2596,3172 2708,3170 2820,3170 2932,3170 3044,3170 3156,3170 3268,3170 3380,3172"
                         HEIGHT="165"
                         WIDTH="2270"
                         VPOS="3057"
                         HPOS="1125">
                  <String ID="string_region_1641890274678_1641l42"
                          HEIGHT="165"
                          WIDTH="2270"
                          VPOS="3057"
                          HPOS="1125"
                          CONTENT="de veertel daer door is gellommen a governo tis mij seer aengenoem"/>
               </TextLine>
               <TextLine ID="region_1641890274678_1641l43"
                         BASELINE="1148,3290 1258,3284 1369,3280 1479,3274 1590,3271 1701,3268 1811,3266 1922,3264 2032,3262 2143,3262 2254,3260 2364,3260 2475,3260 2585,3258 2696,3257 2807,3256 2917,3254 3028,3252 3138,3248 3249,3244 3360,3240"
                         HEIGHT="108"
                         WIDTH="2245"
                         VPOS="3191"
                         HPOS="1130">
                  <String ID="string_region_1641890274678_1641l43"
                          HEIGHT="108"
                          WIDTH="2245"
                          VPOS="3191"
                          HPOS="1130"
                          CONTENT="dat ick voort selt, noch iets uijt de lotterije van costij hebbe geeregen"/>
               </TextLine>
               <TextLine ID="region_1641890274678_1641l44"
                         BASELINE="1138,3368 1245,3364 1353,3360 1461,3356 1568,3352 1676,3350 1784,3348 1891,3346 1999,3344 2107,3342 2215,3342 2322,3340 2430,3340 2538,3340 2645,3338 2753,3338 2861,3338 2968,3338 3076,3338 3184,3338 3292,3338"
                         HEIGHT="124"
                         WIDTH="2188"
                         VPOS="3260"
                         HPOS="1120">
                  <String ID="string_region_1641890274678_1641l44"
                          HEIGHT="124"
                          WIDTH="2188"
                          VPOS="3260"
                          HPOS="1120"
                          CONTENT="dat die van haerlem mij nu oock geenstijch was soo soude hope"/>
               </TextLine>
               <TextLine ID="region_1641890274678_1641l45"
                         BASELINE="1150,3442 1259,3440 1368,3438 1477,3435 1586,3434 1695,3432 1804,3430 1913,3428 2022,3426 2131,3425 2241,3424 2350,3424 2459,3422 2568,3422 2677,3422 2786,3423 2895,3424 3004,3425 3113,3426 3222,3428 3332,3430"
                         HEIGHT="120"
                         WIDTH="2214"
                         VPOS="3362"
                         HPOS="1133">
                  <String ID="string_region_1641890274678_1641l45"
                          HEIGHT="120"
                          WIDTH="2214"
                          VPOS="3362"
                          HPOS="1133"
                          CONTENT="hebbe gerembourseert te woorde ick twijffele niet oft ul examineert"/>
               </TextLine>
               <TextLine ID="region_1641890274678_1641l46"
                         BASELINE="1144,3534 1252,3528 1360,3522 1468,3518 1576,3514 1684,3512 1792,3510 1900,3508 2008,3508 2116,3506 2224,3506 2332,3508 2440,3508 2548,3508 2656,3508 2764,3510 2872,3510 2980,3508 3088,3508 3196,3507 3304,3506"
                         HEIGHT="108"
                         WIDTH="2193"
                         VPOS="3425"
                         HPOS="1127">
                  <String ID="string_region_1641890274678_1641l46"
                          HEIGHT="108"
                          WIDTH="2193"
                          VPOS="3425"
                          HPOS="1127"
                          CONTENT="de billietten en soo iets tot mijn voordeel voor valt ul sal"/>
               </TextLine>
               <TextLine ID="region_1641890274678_1641l47"
                         BASELINE="1136,3622 1247,3613 1358,3606 1470,3602 1581,3599 1693,3596 1804,3594 1915,3594 2027,3594 2138,3594 2250,3596 2361,3596 2472,3598 2584,3598 2695,3600 2807,3600 2918,3600 3029,3598 3141,3596 3252,3593 3364,3590"
                         HEIGHT="128"
                         WIDTH="2257"
                         VPOS="3509"
                         HPOS="1122">
                  <String ID="string_region_1641890274678_1641l47"
                          HEIGHT="128"
                          WIDTH="2257"
                          VPOS="3509"
                          HPOS="1122"
                          CONTENT="het mij mede laete weeten waerop mij verlaete men pretentie"/>
               </TextLine>
               <TextLine ID="region_1641890274678_1641l48"
                         BASELINE="1156,3696 1264,3692 1372,3690 1480,3687 1588,3684 1697,3682 1805,3680 1913,3680 2021,3678 2129,3676 2238,3676 2346,3676 2454,3676 2562,3676 2670,3676 2779,3676 2887,3678 2995,3678 3103,3680 3211,3682 3320,3684"
                         HEIGHT="109"
                         WIDTH="2193"
                         VPOS="3607"
                         HPOS="1142">
                  <String ID="string_region_1641890274678_1641l48"
                          HEIGHT="109"
                          WIDTH="2193"
                          VPOS="3607"
                          HPOS="1142"
                          CONTENT="hier 14 pr op voshol en van beveren van Cadix te comen"/>
               </TextLine>
               <TextLine ID="region_1641890274678_1641l49"
                         BASELINE="1138,3776 1241,3772 1344,3770 1447,3768 1550,3766 1654,3764 1757,3764 1860,3762 1963,3762 2066,3762 2170,3762 2273,3764 2376,3764 2479,3764 2582,3766 2686,3766 2789,3768 2892,3768 2995,3768 3098,3770 3202,3770"
                         HEIGHT="111"
                         WIDTH="2095"
                         VPOS="3709"
                         HPOS="1123">
                  <String ID="string_region_1641890274678_1641l49"
                          HEIGHT="111"
                          WIDTH="2095"
                          VPOS="3709"
                          HPOS="1123"
                          CONTENT="oock wort en tot 14 po op de vloet van nova hispane"/>
               </TextLine>
               <TextLine ID="region_1641890274678_1641l50"
                         BASELINE="1124,3860 1231,3856 1339,3852 1447,3849 1555,3846 1663,3846 1770,3844 1878,3844 1986,3844 2094,3846 2202,3846 2309,3848 2417,3848 2525,3850 2633,3850 2741,3852 2848,3852 2956,3854 3064,3854 3172,3854 3280,3852"
                         HEIGHT="116"
                         WIDTH="2186"
                         VPOS="3792"
                         HPOS="1110">
                  <String ID="string_region_1641890274678_1641l50"
                          HEIGHT="116"
                          WIDTH="2186"
                          VPOS="3792"
                          HPOS="1110"
                          CONTENT="gepresenteert waerinne alsoo noch niet ben geintrisseert ben"/>
               </TextLine>
               <TextLine ID="region_1641890274678_1641l51"
                         BASELINE="1150,3936 1259,3929 1369,3924 1478,3921 1588,3918 1697,3916 1807,3916 1916,3916 2026,3918 2135,3920 2245,3922 2354,3925 2464,3928 2573,3930 2683,3932 2792,3936 2902,3938 3011,3938 3121,3938 3230,3938 3340,3938"
                         HEIGHT="155"
                         WIDTH="2221"
                         VPOS="3855"
                         HPOS="1135">
                  <String ID="string_region_1641890274678_1641l51"
                          HEIGHT="155"
                          WIDTH="2221"
                          VPOS="3855"
                          HPOS="1135"
                          CONTENT="mij dunckt die prijsanimeert deralven par occasie ul spiculatie"/>
               </TextLine>
               <TextLine ID="region_1641890274678_1641l52"
                         BASELINE="1138,4016 1249,4012 1360,4010 1471,4008 1583,4008 1694,4008 1805,4008 1917,4010 2028,4010 2139,4012 2251,4014 2362,4016 2473,4018 2584,4018 2696,4020 2807,4022 2918,4022 3030,4022 3141,4022 3252,4022 3364,4020"
                         HEIGHT="107"
                         WIDTH="2257"
                         VPOS="3940"
                         HPOS="1123">
                  <String ID="string_region_1641890274678_1641l52"
                          HEIGHT="107"
                          WIDTH="2257"
                          VPOS="3940"
                          HPOS="1123"
                          CONTENT="geerne verstaen, geven de expeditie aen den ingesloten sal blijve"/>
               </TextLine>
               <TextLine ID="region_1641890274678_1641l53"
                         BASELINE="1152,4060 1258,4064 1364,4066 1470,4068 1577,4070 1683,4070 1789,4070 1896,4068 2002,4068 2108,4066 2215,4066 2321,4065 2427,4064 2533,4064 2640,4064 2746,4066 2852,4068 2959,4071 3065,4075 3171,4080 3278,4086"
                         HEIGHT="86"
                         WIDTH="2156"
                         VPOS="4027"
                         HPOS="1136">
                  <String ID="string_region_1641890274678_1641l53"
                          HEIGHT="86"
                          WIDTH="2156"
                          VPOS="4027"
                          HPOS="1136"
                          CONTENT="soo tot  30 oft onder preght cont comen dilayeert met eant &amp; £200 te gevas"/>
               </TextLine>
               <TextLine ID="region_1641890274678_1641l54"
                         BASELINE="2616,4094 2656,4100"
                         HEIGHT="85"
                         WIDTH="76"
                         VPOS="4059"
                         HPOS="2600">
                  <String ID="string_region_1641890274678_1641l54"
                          HEIGHT="85"
                          WIDTH="76"
                          VPOS="4059"
                          HPOS="2600"
                          CONTENT="d"/>
               </TextLine>
               <TextLine ID="region_1641890274678_1641l55"
                         BASELINE="2726,4114 2752,4116 2779,4118 2805,4118 2832,4117 2859,4115 2885,4114 2912,4113 2938,4112 2965,4110 2992,4112 3018,4113 3045,4117 3072,4122"
                         HEIGHT="111"
                         WIDTH="374"
                         VPOS="4058"
                         HPOS="2712">
                  <String ID="string_region_1641890274678_1641l55"
                          HEIGHT="111"
                          WIDTH="374"
                          VPOS="4058"
                          HPOS="2712"
                          CONTENT="23 brny"/>
               </TextLine>
               <TextLine ID="region_1641890274678_1641l56"
                         BASELINE="902,4154 959,4147 1017,4139 1074,4134 1132,4129 1190,4126 1247,4126 1305,4124 1362,4122 1420,4122 1478,4124 1535,4124 1593,4124 1650,4124 1708,4126 1766,4126 1823,4125 1881,4124 1938,4122 1996,4120 2054,4116"
                         HEIGHT="138"
                         WIDTH="1183"
                         VPOS="4056"
                         HPOS="885">
                  <String ID="string_region_1641890274678_1641l56"
                          HEIGHT="138"
                          WIDTH="1183"
                          VPOS="4056"
                          HPOS="885"
                          CONTENT="London Kent Depter naer ul geraede"/>
               </TextLine>
               <TextLine ID="region_1641890274678_1641l57"
                         BASELINE="1174,4236 1280,4234 1386,4232 1492,4232 1598,4232 1704,4232 1810,4234 1916,4236 2022,4237 2128,4239 2234,4242 2340,4244 2446,4246 2552,4248 2658,4250 2764,4252 2870,4254 2976,4256 3082,4256 3188,4256 3294,4256"
                         HEIGHT="188"
                         WIDTH="2150"
                         VPOS="4125"
                         HPOS="1160">
                  <String ID="string_region_1641890274678_1641l57"
                          HEIGHT="188"
                          WIDTH="2150"
                          VPOS="4125"
                          HPOS="1160"
                          CONTENT=" sence my last on the 18 cur recd. yo of 5d. with accompt"/>
               </TextLine>
               <TextLine ID="region_1641890274678_1641l58"
                         BASELINE="1144,4332 1252,4327 1360,4324 1468,4322 1576,4320 1684,4320 1792,4320 1900,4320 2008,4322 2116,4324 2225,4326 2333,4328 2441,4330 2549,4332 2657,4334 2765,4336 2873,4338 2981,4338 3089,4338 3197,4338 3306,4338"
                         HEIGHT="144"
                         WIDTH="2193"
                         VPOS="4245"
                         HPOS="1129">
                  <String ID="string_region_1641890274678_1641l58"
                          HEIGHT="144"
                          WIDTH="2193"
                          VPOS="4245"
                          HPOS="1129"
                          CONTENT="&amp; patt of n°:18 &amp; 19 aboard hugh finllson for Baistend, where"/>
               </TextLine>
               <TextLine ID="region_1641890274678_1641l59"
                         BASELINE="2314,4370 2350,4368 2386,4366"
                         HEIGHT="64"
                         WIDTH="108"
                         VPOS="4322"
                         HPOS="2296">
                  <String ID="string_region_1641890274678_1641l59"
                          HEIGHT="64"
                          WIDTH="108"
                          VPOS="4322"
                          HPOS="2296"
                          CONTENT="sill"/>
               </TextLine>
               <TextLine ID="region_1641890274678_1641l60"
                         BASELINE="1184,4418 1287,4414 1390,4412 1493,4410 1596,4408 1700,4408 1803,4408 1906,4408 2009,4410 2112,4410 2216,4412 2319,4412 2422,4414 2525,4416 2628,4418 2732,4418 2835,4420 2938,4420 3041,4420 3144,4420 3248,4420"
                         HEIGHT="92"
                         WIDTH="2098"
                         VPOS="4345"
                         HPOS="1167">
                  <String ID="string_region_1641890274678_1641l60"
                          HEIGHT="92"
                          WIDTH="2098"
                          VPOS="4345"
                          HPOS="1167"
                          CONTENT="the convoy is well arvived, hope yee f ter schiecke is there by"/>
               </TextLine>
            </TextBlock>
            <TextBlock ID="region_1641890284743_1644"
                       HEIGHT="4367"
                       WIDTH="2577"
                       VPOS="177"
                       HPOS="3394">
               <Shape>
                  <Polygon POINTS="3394,177 5971,177 5971,4544 3394,4544"/>
               </Shape>
               <TextLine ID="region_1641890284743_1644l1"
                         BASELINE="3518,272 3637,266 3757,262 3877,260 3997,257 4117,256 4237,256 4357,256 4477,256 4597,258 4717,260 4836,262 4956,264 5076,266 5196,268 5316,270 5436,272 5556,274 5676,276 5796,276 5916,276"
                         HEIGHT="93"
                         WIDTH="2429"
                         VPOS="243"
                         HPOS="3503">
                  <String ID="string_region_1641890284743_1644l1"
                          HEIGHT="93"
                          WIDTH="2429"
                          VPOS="243"
                          HPOS="3503"
                          CONTENT="I wonder you send acot one super fine cloth, though so much e"/>
               </TextLine>
               <TextLine ID="region_1641890284743_1644l2"
                         BASELINE="3530,376 3649,369 3768,362 3888,358 4007,356 4127,354 4246,352 4365,352 4485,352 4604,354 4724,356 4843,358 4962,359 5082,362 5201,364 5321,366 5440,366 5559,368 5679,368 5798,368 5918,368"
                         HEIGHT="185"
                         WIDTH="2416"
                         VPOS="256"
                         HPOS="3516">
                  <String ID="string_region_1641890284743_1644l2"
                          HEIGHT="185"
                          WIDTH="2416"
                          VPOS="256"
                          HPOS="3516"
                          CONTENT="comended you to send t0o a 3 p. bn each convoy, besides these"/>
               </TextLine>
               <TextLine ID="region_1641890284743_1644l3"
                         BASELINE="3522,490 3640,484 3758,477 3877,472 3995,468 4114,465 4232,462 4350,462 4469,460 4587,460 4706,462 4824,462 4942,462 5061,464 5179,464 5298,466 5416,466 5534,466 5653,466 5771,466 5890,464"
                         HEIGHT="209"
                         WIDTH="2398"
                         VPOS="340"
                         HPOS="3507">
                  <String ID="string_region_1641890284743_1644l3"
                          HEIGHT="209"
                          WIDTH="2398"
                          VPOS="340"
                          HPOS="3507"
                          CONTENT="packes wrapped with bayes, w is quite against my order, for "/>
               </TextLine>
               <TextLine ID="region_1641890284743_1644l4"
                         BASELINE="3520,610 3639,599 3758,588 3877,581 3996,575 4116,570 4235,568 4354,564 4473,564 4592,562 4712,564 4831,564 4950,566 5069,568 5188,570 5308,573 5427,576 5546,578 5665,580 5784,582 5904,584"
                         HEIGHT="200"
                         WIDTH="2416"
                         VPOS="461"
                         HPOS="3504">
                  <String ID="string_region_1641890284743_1644l4"
                          HEIGHT="200"
                          WIDTH="2416"
                          VPOS="461"
                          HPOS="3504"
                          CONTENT="I will have all packes wrapped with white cottons you send"/>
               </TextLine>
               <TextLine ID="region_1641890284743_1644l5"
                         BASELINE="4144,628 4184,628"
                         HEIGHT="89"
                         WIDTH="74"
                         VPOS="570"
                         HPOS="4127">
                  <String ID="string_region_1641890284743_1644l5"
                          HEIGHT="89"
                          WIDTH="74"
                          VPOS="570"
                          HPOS="4127"
                          CONTENT="h"/>
               </TextLine>
               <TextLine ID="region_1641890284743_1644l6"
                         BASELINE="3550,716 3668,708 3787,700 3906,694 4025,687 4144,682 4263,677 4382,674 4501,670 4620,668 4739,666 4857,666 4976,664 5095,664 5214,666 5333,666 5452,668 5571,670 5690,674 5809,676 5928,680"
                         HEIGHT="202"
                         WIDTH="2409"
                         VPOS="555"
                         HPOS="3533">
                  <String ID="string_region_1641890284743_1644l6"
                          HEIGHT="202"
                          WIDTH="2409"
                          VPOS="555"
                          HPOS="3533"
                          CONTENT="yallows draps 10 are hated here, minde my enptaction of"/>
               </TextLine>
               <TextLine ID="region_1641890284743_1644l7"
                         BASELINE="3506,832 3625,822 3744,814 3863,807 3982,800 4101,792 4220,788 4339,783 4458,778 4577,774 4697,772 4816,768 4935,766 5054,766 5173,766 5292,766 5411,766 5530,768 5649,770 5768,772 5888,776"
                         HEIGHT="168"
                         WIDTH="2416"
                         VPOS="671"
                         HPOS="3489">
                  <String ID="string_region_1641890284743_1644l7"
                          HEIGHT="168"
                          WIDTH="2416"
                          VPOS="671"
                          HPOS="3489"
                          CONTENT="28 may last n° 87 a &amp; 4 beeinge the best draps: proceed p com"/>
               </TextLine>
               <TextLine ID="region_1641890284743_1644l8"
                         BASELINE="3522,952 3638,938 3755,928 3872,919 3989,911 4106,904 4222,898 4339,892 4456,888 4573,885 4690,882 4806,880 4923,878 5040,876 5157,876 5274,874 5390,872 5507,871 5624,869 5741,866 5858,864"
                         HEIGHT="205"
                         WIDTH="2373"
                         VPOS="802"
                         HPOS="3502">
                  <String ID="string_region_1641890284743_1644l8"
                          HEIGHT="205"
                          WIDTH="2373"
                          VPOS="802"
                          HPOS="3502"
                          CONTENT="please my orders, en sp. clothes &amp; pack whites by the first"/>
               </TextLine>
               <TextLine ID="region_1641890284743_1644l9"
                         BASELINE="3516,1060 3635,1049 3755,1041 3875,1031 3994,1022 4114,1017 4234,1010 4353,1004 4473,1000 4593,996 4713,994 4832,992 4952,990 5072,988 5191,988 5311,988 5431,990 5550,992 5670,992 5790,996 5910,998"
                         HEIGHT="202"
                         WIDTH="2426"
                         VPOS="872"
                         HPOS="3500">
                  <String ID="string_region_1641890284743_1644l9"
                          HEIGHT="202"
                          WIDTH="2426"
                          VPOS="872"
                          HPOS="3500"
                          CONTENT="convoy, by  lett mee have 30 white flannells yard "/>
               </TextLine>
               <TextLine ID="region_1641890284743_1644l10"
                         BASELINE="3514,1174 3632,1165 3750,1156 3868,1147 3987,1138 4105,1131 4223,1124 4342,1117 4460,1112 4578,1108 4697,1104 4815,1100 4933,1098 5051,1098 5170,1098 5288,1100 5406,1102 5525,1108 5643,1114 5761,1120 5880,1128"
                         HEIGHT="188"
                         WIDTH="2398"
                         VPOS="1019"
                         HPOS="3496">
                  <String ID="string_region_1641890284743_1644l10"
                          HEIGHT="188"
                          WIDTH="2398"
                          VPOS="1019"
                          HPOS="3496"
                          CONTENT="broades of the lowest prises asshorted to 18  one of or"/>
               </TextLine>
               <TextLine ID="region_1641890284743_1644l11"
                         BASELINE="3504,1284 3624,1274 3744,1264 3865,1256 3985,1248 4106,1242 4226,1236 4346,1230 4467,1226 4587,1223 4708,1220 4828,1220 4948,1218 5069,1218 5189,1220 5310,1222 5430,1224 5550,1228 5671,1232 5791,1238 5912,1244"
                         HEIGHT="224"
                         WIDTH="2438"
                         VPOS="1101"
                         HPOS="3489">
                  <String ID="string_region_1641890284743_1644l11"
                          HEIGHT="224"
                          WIDTH="2438"
                          VPOS="1101"
                          HPOS="3489"
                          CONTENT="2 packes of white cottons ander 25 a 26 et a goad, exspecteinge "/>
               </TextLine>
               <TextLine ID="region_1641890284743_1644l12"
                         BASELINE="4428,1294 4463,1296 4498,1298 4533,1298 4568,1297 4604,1295 4639,1294 4674,1290 4709,1289 4744,1286 4780,1282 4815,1280 4850,1277 4885,1274 4920,1271 4956,1268 4991,1266 5026,1265 5061,1264 5096,1264 5132,1266"
                         HEIGHT="103"
                         WIDTH="741"
                         VPOS="1214"
                         HPOS="4408">
                  <String ID="string_region_1641890284743_1644l12"
                          HEIGHT="103"
                          WIDTH="741"
                          VPOS="1214"
                          HPOS="4408"
                          CONTENT="when you iudge"/>
               </TextLine>
               <TextLine ID="region_1641890284743_1644l13"
                         BASELINE="3628,1332 3662,1332 3696,1332"
                         HEIGHT="79"
                         WIDTH="98"
                         VPOS="1279"
                         HPOS="3612">
                  <String ID="string_region_1641890284743_1644l13"
                          HEIGHT="79"
                          WIDTH="98"
                          VPOS="1279"
                          HPOS="3612"
                          CONTENT="yd"/>
               </TextLine>
               <TextLine ID="region_1641890284743_1644l14"
                         BASELINE="3490,1394 3605,1388 3721,1381 3837,1376 3953,1370 4069,1364 4185,1360 4301,1355 4417,1350 4533,1346 4649,1342 4764,1339 4880,1336 4996,1334 5112,1332 5228,1332 5344,1332 5460,1334 5576,1336 5692,1339 5808,1342"
                         HEIGHT="195"
                         WIDTH="2350"
                         VPOS="1243"
                         HPOS="3472">
                  <String ID="string_region_1641890284743_1644l14"
                          HEIGHT="195"
                          WIDTH="2350"
                          VPOS="1243"
                          HPOS="3472"
                          CONTENT="our answen, &amp; advise, w  bul bo buy to send"/>
               </TextLine>
               <TextLine ID="region_1641890284743_1644l15"
                         BASELINE="4832,1396 4858,1399 4884,1400 4910,1400 4936,1399 4962,1397 4988,1396 5014,1393 5040,1392 5066,1390"
                         HEIGHT="105"
                         WIDTH="266"
                         VPOS="1312"
                         HPOS="4815">
                  <String ID="string_region_1641890284743_1644l15"
                          HEIGHT="105"
                          WIDTH="266"
                          VPOS="1312"
                          HPOS="4815"
                          CONTENT="boath"/>
               </TextLine>
               <TextLine ID="region_1641890284743_1644l16"
                         BASELINE="3512,1516 3631,1508 3750,1500 3869,1492 3989,1485 4108,1478 4227,1473 4347,1468 4466,1462 4585,1457 4705,1452 4824,1450 4943,1446 5062,1444 5182,1442 5301,1442 5420,1442 5540,1442 5659,1444 5778,1446 5898,1450"
                         HEIGHT="203"
                         WIDTH="2421"
                         VPOS="1350"
                         HPOS="3494">
                  <String ID="string_region_1641890284743_1644l16"
                          HEIGHT="203"
                          WIDTH="2421"
                          VPOS="1350"
                          HPOS="3494"
                          CONTENT="you my orders according ley,  in london &amp; in the north"/>
               </TextLine>
               <TextLine ID="region_1641890284743_1644l17"
                         BASELINE="3502,1626 3622,1618 3742,1612 3862,1604 3982,1596 4102,1590 4222,1584 4342,1577 4462,1572 4582,1568 4703,1564 4823,1560 4943,1557 5063,1556 5183,1554 5303,1554 5423,1556 5543,1558 5663,1562 5783,1566 5904,1572"
                         HEIGHT="220"
                         WIDTH="2434"
                         VPOS="1441"
                         HPOS="3485">
                  <String ID="string_region_1641890284743_1644l17"
                          HEIGHT="220"
                          WIDTH="2434"
                          VPOS="1441"
                          HPOS="3485"
                          CONTENT="for whence the convoy not yett arrived att rotter dan "/>
               </TextLine>
               <TextLine ID="region_1641890284743_1644l18"
                         BASELINE="3552,1588 3580,1582 3609,1579 3638,1577 3667,1574 3696,1572"
                         HEIGHT="118"
                         WIDTH="181"
                         VPOS="1490"
                         HPOS="3532">
                  <String ID="string_region_1641890284743_1644l18"
                          HEIGHT="118"
                          WIDTH="181"
                          VPOS="1490"
                          HPOS="3532"
                          CONTENT="fron"/>
               </TextLine>
               <TextLine ID="region_1641890284743_1644l19"
                         BASELINE="5250,1678 5282,1678 5315,1678 5348,1678 5380,1678 5413,1679 5446,1680 5478,1680 5511,1682 5544,1684 5577,1685 5609,1686 5642,1687 5675,1688 5707,1688 5740,1688 5773,1688 5805,1688 5838,1688 5871,1687 5904,1686"
                         HEIGHT="167"
                         WIDTH="685"
                         VPOS="1571"
                         HPOS="5235">
                  <String ID="string_region_1641890284743_1644l19"
                          HEIGHT="167"
                          WIDTH="685"
                          VPOS="1571"
                          HPOS="5235"
                          CONTENT="Adij 25 Junij 1696"/>
               </TextLine>
               <TextLine ID="region_1641890284743_1644l20"
                         BASELINE="3420,1744 3455,1737 3490,1732 3525,1726 3560,1722 3596,1718 3631,1715 3666,1712 3701,1710 3736,1709 3772,1706 3807,1706 3842,1706 3877,1704 3912,1704 3948,1704 3983,1704 4018,1704 4053,1704 4088,1704 4124,1704"
                         HEIGHT="165"
                         WIDTH="743"
                         VPOS="1600"
                         HPOS="3399">
                  <String ID="string_region_1641890284743_1644l20"
                          HEIGHT="165"
                          WIDTH="743"
                          VPOS="1600"
                          HPOS="3399"
                          CONTENT="brussel guill Waliavens"/>
               </TextLine>
               <TextLine ID="region_1641890284743_1644l21"
                         BASELINE="3496,1798 3617,1796 3738,1793 3859,1792 3980,1790 4102,1790 4223,1790 4344,1790 4465,1792 4586,1792 4708,1794 4829,1796 4950,1798 5071,1800 5192,1802 5314,1803 5435,1805 5556,1806 5677,1808 5798,1808 5920,1810"
                         HEIGHT="189"
                         WIDTH="2454"
                         VPOS="1672"
                         HPOS="3481">
                  <String ID="string_region_1641890284743_1644l21"
                          HEIGHT="189"
                          WIDTH="2454"
                          VPOS="1672"
                          HPOS="3481"
                          CONTENT="in antwort aen den ul van gisteren ben verwondert te sien ul presentatie"/>
               </TextLine>
               <TextLine ID="region_1641890284743_1644l22"
                         BASELINE="3500,1886 3621,1882 3742,1880 3863,1880 3984,1880 4106,1880 4227,1880 4348,1880 4469,1882 4590,1883 4712,1884 4833,1886 4954,1888 5075,1890 5196,1890 5318,1892 5439,1894 5560,1894 5681,1894 5802,1894 5924,1894"
                         HEIGHT="129"
                         WIDTH="2453"
                         VPOS="1800"
                         HPOS="3485">
                  <String ID="string_region_1641890284743_1644l22"
                          HEIGHT="129"
                          WIDTH="2453"
                          VPOS="1800"
                          HPOS="3485"
                          CONTENT="ul hebt mij versocht mij goet op het minste te stellen ick hebt het soo geaer"/>
               </TextLine>
               <TextLine ID="region_1641890284743_1644l23"
                         BASELINE="3478,1986 3597,1977 3716,1970 3835,1966 3954,1962 4074,1962 4193,1962 4312,1964 4431,1966 4550,1970 4670,1973 4789,1978 4908,1982 5027,1986 5146,1990 5266,1993 5385,1996 5504,1996 5623,1996 5742,1994 5862,1992"
                         HEIGHT="148"
                         WIDTH="2414"
                         VPOS="1900"
                         HPOS="3463">
                  <String ID="string_region_1641890284743_1644l23"
                          HEIGHT="148"
                          WIDTH="2414"
                          VPOS="1900"
                          HPOS="3463"
                          CONTENT="niet tegenstaende ul derst mij opde a 9 minder presenteeren patientie het"/>
               </TextLine>
               <TextLine ID="region_1641890284743_1644l24"
                         BASELINE="3488,2088 3608,2078 3729,2070 3850,2064 3970,2061 4091,2058 4212,2058 4332,2058 4453,2058 4574,2060 4695,2063 4815,2066 4936,2068 5057,2072 5177,2074 5298,2076 5419,2078 5539,2078 5660,2078 5781,2078 5902,2074"
                         HEIGHT="167"
                         WIDTH="2445"
                         VPOS="1964"
                         HPOS="3472">
                  <String ID="string_region_1641890284743_1644l24"
                          HEIGHT="167"
                          WIDTH="2445"
                          VPOS="1964"
                          HPOS="3472"
                          CONTENT="goet en is daerom niet te erger oock en is het anders niet te coop als hebbe"/>
               </TextLine>
               <TextLine ID="region_1641890284743_1644l25"
                         BASELINE="3488,2176 3607,2166 3727,2158 3847,2154 3967,2150 4087,2148 4207,2147 4327,2148 4447,2148 4567,2150 4687,2152 4806,2154 4926,2156 5046,2158 5166,2160 5286,2160 5406,2160 5526,2160 5646,2156 5766,2153 5886,2146"
                         HEIGHT="175"
                         WIDTH="2429"
                         VPOS="2054"
                         HPOS="3471">
                  <String ID="string_region_1641890284743_1644l25"
                          HEIGHT="175"
                          WIDTH="2429"
                          VPOS="2054"
                          HPOS="3471"
                          CONTENT="gechreven en soo het ul aenstaet sal de flannellen tot 16 stuijvers geven"/>
               </TextLine>
               <TextLine ID="region_1641890284743_1644l26"
                         BASELINE="3494,2268 3614,2260 3734,2255 3854,2250 3974,2248 4095,2246 4215,2244 4335,2244 4455,2246 4575,2246 4696,2249 4816,2252 4936,2254 5056,2256 5176,2258 5297,2261 5417,2262 5537,2264 5657,2264 5777,2264 5898,2264"
                         HEIGHT="160"
                         WIDTH="2436"
                         VPOS="2147"
                         HPOS="3479">
                  <String ID="string_region_1641890284743_1644l26"
                          HEIGHT="160"
                          WIDTH="2436"
                          VPOS="2147"
                          HPOS="3479"
                          CONTENT="en anders niet geven daer is een convoije gearriveert daermede verwachte"/>
               </TextLine>
               <TextLine ID="region_1641890284743_1644l27"
                         BASELINE="3498,2348 3616,2343 3734,2340 3852,2338 3970,2336 4088,2334 4206,2333 4324,2332 4442,2332 4560,2334 4679,2334 4797,2336 4915,2338 5033,2339 5151,2340 5269,2342 5387,2344 5505,2346 5623,2346 5741,2348 5860,2348"
                         HEIGHT="131"
                         WIDTH="2393"
                         VPOS="2273"
                         HPOS="3483">
                  <String ID="string_region_1641890284743_1644l27"
                          HEIGHT="131"
                          WIDTH="2393"
                          VPOS="2273"
                          HPOS="3483"
                          CONTENT="ick en partije caffie coulleere ende andere, dat sal int eijnde van dese ofte"/>
               </TextLine>
               <TextLine ID="region_1641890284743_1644l28"
                         BASELINE="3498,2434 3618,2430 3739,2428 3859,2426 3980,2425 4100,2424 4221,2424 4341,2422 4462,2422 4582,2422 4703,2422 4823,2422 4944,2424 5064,2424 5185,2424 5305,2426 5426,2426 5546,2428 5667,2428 5787,2430 5908,2432"
                         HEIGHT="123"
                         WIDTH="2441"
                         VPOS="2348"
                         HPOS="3482">
                  <String ID="string_region_1641890284743_1644l28"
                          HEIGHT="123"
                          WIDTH="2441"
                          VPOS="2348"
                          HPOS="3482"
                          CONTENT="het eerste van d'andere weecke hier wesen ick sal het ul laeten wesen, gelieft"/>
               </TextLine>
               <TextLine ID="region_1641890284743_1644l29"
                         BASELINE="3500,2530 3619,2527 3739,2524 3859,2522 3979,2521 4099,2520 4219,2520 4339,2520 4459,2520 4579,2520 4699,2520 4818,2522 4938,2522 5058,2524 5178,2524 5298,2526 5418,2526 5538,2528 5658,2528 5778,2528 5898,2530"
                         HEIGHT="107"
                         WIDTH="2428"
                         VPOS="2469"
                         HPOS="3484">
                  <String ID="string_region_1641890284743_1644l29"
                          HEIGHT="107"
                          WIDTH="2428"
                          VPOS="2469"
                          HPOS="3484"
                          CONTENT="dan een over comen, ick geloofdat wij dan wel sullen accordeeren om dat dat"/>
               </TextLine>
               <TextLine ID="region_1641890284743_1644l30"
                         BASELINE="3492,2618 3540,2616 3589,2614 3638,2612 3687,2610 3736,2610 3784,2610 3833,2610 3882,2610 3931,2612 3980,2612 4028,2614 4077,2616 4126,2616 4175,2618 4224,2618 4272,2619 4321,2620 4370,2620 4419,2620 4468,2620"
                         HEIGHT="171"
                         WIDTH="1007"
                         VPOS="2514"
                         HPOS="3477">
                  <String ID="string_region_1641890284743_1644l30"
                          HEIGHT="171"
                          WIDTH="1007"
                          VPOS="2514"
                          HPOS="3477"
                          CONTENT="goet is van den goeden coop"/>
               </TextLine>
               <TextLine ID="region_1641890284743_1644l31"
                         BASELINE="5518,2648 5545,2650 5573,2651 5601,2652 5629,2652 5656,2651 5684,2650 5712,2648 5740,2646"
                         HEIGHT="142"
                         WIDTH="255"
                         VPOS="2554"
                         HPOS="5502">
                  <String ID="string_region_1641890284743_1644l31"
                          HEIGHT="142"
                          WIDTH="255"
                          VPOS="2554"
                          HPOS="5502"
                          CONTENT="26 d."/>
               </TextLine>
               <TextLine ID="region_1641890284743_1644l32"
                         BASELINE="3422,2710 3462,2708 3502,2707 3542,2706 3583,2706 3623,2705 3663,2704 3704,2704 3744,2704 3784,2704 3825,2703 3865,2702 3905,2702 3945,2702 3986,2702 4026,2702 4066,2702 4107,2700 4147,2700 4187,2700 4228,2700"
                         HEIGHT="130"
                         WIDTH="838"
                         VPOS="2619"
                         HPOS="3406">
                  <String ID="string_region_1641890284743_1644l32"
                          HEIGHT="130"
                          WIDTH="838"
                          VPOS="2619"
                          HPOS="3406"
                          CONTENT="Mehellen Br. Cauwenbergh"/>
               </TextLine>
               <TextLine ID="region_1641890284743_1644l33"
                         BASELINE="3494,2768 3611,2766 3728,2766 3845,2765 3962,2766 4079,2766 4196,2766 4313,2768 4430,2768 4547,2770 4665,2770 4782,2770 4899,2770 5016,2770 5133,2770 5250,2770 5367,2768 5484,2766 5601,2762 5718,2758 5836,2752"
                         HEIGHT="167"
                         WIDTH="2374"
                         VPOS="2636"
                         HPOS="3478">
                  <String ID="string_region_1641890284743_1644l33"
                          HEIGHT="167"
                          WIDTH="2374"
                          VPOS="2636"
                          HPOS="3478"
                          CONTENT="econsidereert den uwe van 22 deser, dat h: hulma verstaet gegoeijtte"/>
               </TextLine>
               <TextLine ID="region_1641890284743_1644l34"
                         BASELINE="3486,2852 3606,2847 3727,2844 3848,2840 3969,2840 4090,2838 4211,2840 4332,2840 4453,2842 4574,2844 4695,2846 4815,2848 4936,2850 5057,2852 5178,2854 5299,2856 5420,2858 5541,2858 5662,2858 5783,2857 5904,2856"
                         HEIGHT="106"
                         WIDTH="2451"
                         VPOS="2799"
                         HPOS="3469">
                  <String ID="string_region_1641890284743_1644l34"
                          HEIGHT="106"
                          WIDTH="2451"
                          VPOS="2799"
                          HPOS="3469"
                          CONTENT="niet tegenstaende mijn versoeck van met ter minnen afstant te doen en hun te"/>
               </TextLine>
               <TextLine ID="region_1641890284743_1644l35"
                         BASELINE="3480,2938 3600,2932 3721,2926 3841,2922 3962,2920 4083,2920 4203,2920 4324,2922 4444,2924 4565,2926 4686,2929 4806,2932 4927,2936 5047,2940 5168,2942 5289,2945 5409,2946 5530,2948 5650,2948 5771,2946 5892,2944"
                         HEIGHT="120"
                         WIDTH="2445"
                         VPOS="2874"
                         HPOS="3463">
                  <String ID="string_region_1641890284743_1644l35"
                          HEIGHT="120"
                          WIDTH="2445"
                          VPOS="2874"
                          HPOS="3463"
                          CONTENT="geven een favorable admodictie, soo dan om geen noodeloose costen wedersijdt"/>
               </TextLine>
               <TextLine ID="region_1641890284743_1644l36"
                         BASELINE="3480,3020 3601,3012 3723,3006 3844,3002 3966,3000 4088,2998 4209,2998 4331,3000 4452,3002 4574,3004 4696,3008 4817,3010 4939,3014 5060,3017 5182,3020 5304,3024 5425,3026 5547,3027 5668,3028 5790,3026 5912,3024"
                         HEIGHT="114"
                         WIDTH="2467"
                         VPOS="2948"
                         HPOS="3463">
                  <String ID="string_region_1641890284743_1644l36"
                          HEIGHT="114"
                          WIDTH="2467"
                          VPOS="2948"
                          HPOS="3463"
                          CONTENT="te gedoegen sal de calendieringe hem int eijnde van dese weecke op int begn van"/>
               </TextLine>
               <TextLine ID="region_1641890284743_1644l37"
                         BASELINE="3496,3106 3613,3100 3731,3096 3849,3093 3967,3092 4085,3090 4202,3090 4320,3090 4438,3092 4556,3094 4674,3096 4791,3098 4909,3102 5027,3104 5145,3106 5263,3109 5380,3111 5498,3112 5616,3114 5734,3114 5852,3114"
                         HEIGHT="138"
                         WIDTH="2389"
                         VPOS="3000"
                         HPOS="3480">
                  <String ID="string_region_1641890284743_1644l37"
                          HEIGHT="138"
                          WIDTH="2389"
                          VPOS="3000"
                          HPOS="3480"
                          CONTENT="de naeste westelijck gentuiyeert woorde een deels alsoo sulck bij de wette"/>
               </TextLine>
               <TextLine ID="region_1641890284743_1644l38"
                         BASELINE="3482,3188 3600,3184 3719,3180 3837,3176 3956,3174 4074,3172 4193,3170 4311,3170 4430,3170 4548,3170 4667,3170 4785,3172 4904,3173 5022,3174 5141,3177 5259,3180 5378,3183 5496,3186 5615,3189 5733,3193 5852,3196"
                         HEIGHT="138"
                         WIDTH="2401"
                         VPOS="3109"
                         HPOS="3467">
                  <String ID="string_region_1641890284743_1644l38"
                          HEIGHT="138"
                          WIDTH="2401"
                          VPOS="3109"
                          HPOS="3467"
                          CONTENT="bestaende om desen oost oft gras met in niettie te brengen, daer sij niet af"/>
               </TextLine>
               <TextLine ID="region_1641890284743_1644l39"
                         BASELINE="3480,3264 3601,3260 3722,3256 3843,3252 3965,3250 4086,3247 4207,3244 4329,3243 4450,3242 4571,3242 4693,3242 4814,3242 4935,3244 5056,3246 5178,3248 5299,3252 5420,3256 5542,3261 5663,3267 5784,3274 5906,3280"
                         HEIGHT="96"
                         WIDTH="2457"
                         VPOS="3199"
                         HPOS="3465">
                  <String ID="string_region_1641890284743_1644l39"
                          HEIGHT="96"
                          WIDTH="2457"
                          VPOS="3199"
                          HPOS="3465"
                          CONTENT="comen profiteeren maer aenstons afstant moeten doen des te meer omdat"/>
               </TextLine>
               <TextLine ID="region_1641890284743_1644l40"
                         BASELINE="3470,3348 3591,3342 3712,3336 3833,3332 3954,3328 4075,3326 4196,3324 4317,3322 4438,3322 4559,3322 4681,3322 4802,3324 4923,3324 5044,3326 5165,3330 5286,3332 5407,3334 5528,3338 5649,3341 5770,3344 5892,3348"
                         HEIGHT="128"
                         WIDTH="2453"
                         VPOS="3245"
                         HPOS="3453">
                  <String ID="string_region_1641890284743_1644l40"
                          HEIGHT="128"
                          WIDTH="2453"
                          VPOS="3245"
                          HPOS="3453"
                          CONTENT="geen penningen sijn getelt, der alven en sende uwe geen procuratie tot de"/>
               </TextLine>
               <TextLine ID="region_1641890284743_1644l41"
                         BASELINE="3462,3436 3579,3427 3697,3418 3814,3410 3932,3406 4050,3402 4167,3400 4285,3398 4402,3398 4520,3398 4638,3398 4755,3400 4873,3401 4990,3402 5108,3404 5226,3407 5343,3408 5461,3410 5578,3412 5696,3412 5814,3412"
                         HEIGHT="144"
                         WIDTH="2383"
                         VPOS="3335"
                         HPOS="3447">
                  <String ID="string_region_1641890284743_1644l41"
                          HEIGHT="144"
                          WIDTH="2383"
                          VPOS="3335"
                          HPOS="3447"
                          CONTENT="goedenisse op dat mijn veerder bestaende vrinden niet en soude profiteeren"/>
               </TextLine>
               <TextLine ID="region_1641890284743_1644l42"
                         BASELINE="3448,3516 3570,3506 3693,3499 3815,3494 3938,3489 4061,3486 4183,3484 4306,3482 4428,3482 4551,3482 4674,3484 4796,3485 4919,3487 5041,3490 5164,3492 5287,3494 5409,3496 5532,3498 5654,3500 5777,3502 5900,3502"
                         HEIGHT="126"
                         WIDTH="2480"
                         VPOS="3422"
                         HPOS="3434">
                  <String ID="string_region_1641890284743_1644l42"
                          HEIGHT="126"
                          WIDTH="2480"
                          VPOS="3422"
                          HPOS="3434"
                          CONTENT="vande weerde van de bemden door calendieringe ende om aen de selve geenen"/>
               </TextLine>
               <TextLine ID="region_1641890284743_1644l43"
                         BASELINE="3486,3584 3606,3576 3727,3570 3848,3566 3969,3562 4090,3560 4210,3558 4331,3558 4452,3558 4573,3558 4694,3561 4814,3564 4935,3566 5056,3570 5177,3574 5298,3579 5418,3584 5539,3590 5660,3594 5781,3600 5902,3604"
                         HEIGHT="154"
                         WIDTH="2447"
                         VPOS="3500"
                         HPOS="3472">
                  <String ID="string_region_1641890284743_1644l43"
                          HEIGHT="154"
                          WIDTH="2447"
                          VPOS="3500"
                          HPOS="3472"
                          CONTENT="tijdt te geven sal den monbaer van mijne blanderen die calendieringe doen"/>
               </TextLine>
               <TextLine ID="region_1641890284743_1644l44"
                         BASELINE="3488,3648 3607,3647 3727,3646 3846,3644 3966,3642 4085,3642 4205,3640 4324,3640 4444,3638 4563,3638 4683,3638 4802,3640 4922,3642 5041,3644 5161,3647 5280,3652 5400,3657 5519,3664 5639,3671 5758,3682 5878,3692"
                         HEIGHT="119"
                         WIDTH="2424"
                         VPOS="3575"
                         HPOS="3471">
                  <String ID="string_region_1641890284743_1644l44"
                          HEIGHT="119"
                          WIDTH="2424"
                          VPOS="3575"
                          HPOS="3471"
                          CONTENT="ten behoeve van de selve waerm hebbe goet gedacht te consenteeren gelieft"/>
               </TextLine>
               <TextLine ID="region_1641890284743_1644l45"
                         BASELINE="3488,3732 3609,3730 3730,3730 3851,3728 3972,3728 4094,3726 4215,3726 4336,3726 4457,3724 4578,3724 4700,3726 4821,3726 4942,3727 5063,3730 5184,3732 5306,3736 5427,3740 5548,3744 5669,3750 5790,3757 5912,3766"
                         HEIGHT="131"
                         WIDTH="2457"
                         VPOS="3677"
                         HPOS="3472">
                  <String ID="string_region_1641890284743_1644l45"
                          HEIGHT="131"
                          WIDTH="2457"
                          VPOS="3677"
                          HPOS="3472"
                          CONTENT="den brief mons: sulma voor te lesen ende te sien oft iets met hem voorder"/>
               </TextLine>
               <TextLine ID="region_1641890284743_1644l46"
                         BASELINE="3476,3818 3596,3815 3717,3812 3838,3810 3959,3808 4080,3806 4201,3806 4322,3806 4443,3806 4564,3806 4685,3808 4805,3809 4926,3812 5047,3814 5168,3816 5289,3820 5410,3824 5531,3828 5652,3832 5773,3837 5894,3842"
                         HEIGHT="111"
                         WIDTH="2447"
                         VPOS="3777"
                         HPOS="3462">
                  <String ID="string_region_1641890284743_1644l46"
                          HEIGHT="111"
                          WIDTH="2447"
                          VPOS="3777"
                          HPOS="3462"
                          CONTENT="mets te doen is om de costen van verhef en andere te mijden hebbe de noodig"/>
               </TextLine>
               <TextLine ID="region_1641890284743_1644l47"
                         BASELINE="3476,3908 3598,3906 3720,3904 3842,3902 3964,3900 4086,3898 4208,3896 4330,3894 4452,3893 4574,3892 4697,3892 4819,3892 4941,3892 5063,3894 5185,3894 5307,3898 5429,3900 5551,3904 5673,3910 5795,3916 5918,3922"
                         HEIGHT="140"
                         WIDTH="2471"
                         VPOS="3819"
                         HPOS="3461">
                  <String ID="string_region_1641890284743_1644l47"
                          HEIGHT="140"
                          WIDTH="2471"
                          VPOS="3819"
                          HPOS="3461"
                          CONTENT="instructie daer toe van brussel ontfangen evenwel sal ick eerst ul antwor"/>
               </TextLine>
               <TextLine ID="region_1641890284743_1644l48"
                         BASELINE="3480,3994 3600,3991 3721,3988 3842,3986 3963,3984 4084,3984 4205,3982 4326,3982 4447,3982 4568,3982 4689,3982 4809,3982 4930,3984 5051,3986 5172,3988 5293,3990 5414,3992 5535,3994 5656,3998 5777,4002 5898,4006"
                         HEIGHT="125"
                         WIDTH="2447"
                         VPOS="3900"
                         HPOS="3466">
                  <String ID="string_region_1641890284743_1644l48"
                          HEIGHT="125"
                          WIDTH="2447"
                          VPOS="3900"
                          HPOS="3466"
                          CONTENT="te gemoet sien en uwen serieusen raet wat te doen oft laeten. want ick"/>
               </TextLine>
               <TextLine ID="region_1641890284743_1644l49"
                         BASELINE="3482,4070 3603,4067 3724,4066 3846,4064 3967,4064 4089,4064 4210,4065 4331,4066 4453,4068 4574,4070 4696,4072 4817,4073 4938,4076 5060,4077 5181,4078 5303,4080 5424,4082 5545,4082 5667,4082 5788,4082 5910,4080"
                         HEIGHT="101"
                         WIDTH="2457"
                         VPOS="4021"
                         HPOS="3468">
                  <String ID="string_region_1641890284743_1644l49"
                          HEIGHT="101"
                          WIDTH="2457"
                          VPOS="4021"
                          HPOS="3468"
                          CONTENT="sal den selven volgen om dat die weerde aen niemant beter als uwe bekent"/>
               </TextLine>
               <TextLine ID="region_1641890284743_1644l50"
                         BASELINE="3482,4154 3596,4148 3711,4144 3826,4142 3941,4140 4056,4140 4171,4141 4286,4142 4401,4144 4516,4146 4631,4150 4745,4152 4860,4156 4975,4160 5090,4162 5205,4165 5320,4168 5435,4170 5550,4171 5665,4172 5780,4172"
                         HEIGHT="113"
                         WIDTH="2331"
                         VPOS="4080"
                         HPOS="3465">
                  <String ID="string_region_1641890284743_1644l50"
                          HEIGHT="113"
                          WIDTH="2331"
                          VPOS="4080"
                          HPOS="3465"
                          CONTENT="is dit calendieren comt daeruijt omdat de vrinden doleeren dat onse"/>
               </TextLine>
               <TextLine ID="region_1641890284743_1644l51"
                         BASELINE="3460,4234 3581,4230 3702,4226 3823,4223 3945,4222 4066,4222 4187,4222 4309,4224 4430,4226 4551,4228 4673,4231 4794,4234 4915,4237 5036,4240 5158,4242 5279,4244 5400,4246 5522,4248 5643,4248 5764,4246 5886,4244"
                         HEIGHT="115"
                         WIDTH="2458"
                         VPOS="4182"
                         HPOS="3445">
                  <String ID="string_region_1641890284743_1644l51"
                          HEIGHT="115"
                          WIDTH="2458"
                          VPOS="4182"
                          HPOS="3445"
                          CONTENT="groet moeder die partije heeft belast met ƒ6000 vervolgens meer weert"/>
               </TextLine>
               <TextLine ID="region_1641890284743_1644l52"
                         BASELINE="3466,4318 3580,4310 3695,4304 3809,4300 3924,4296 4038,4295 4153,4294 4267,4296 4382,4298 4496,4300 4611,4303 4725,4307 4840,4310 4954,4315 5069,4318 5183,4322 5298,4326 5412,4330 5527,4332 5641,4333 5756,4334"
                         HEIGHT="112"
                         WIDTH="2322"
                         VPOS="4257"
                         HPOS="3452">
                  <String ID="string_region_1641890284743_1644l52"
                          HEIGHT="112"
                          WIDTH="2322"
                          VPOS="4257"
                          HPOS="3452"
                          CONTENT="wat en nu ten comten meer als £788:- hier van heb ick niet"/>
               </TextLine>
               <TextLine ID="region_1641890284743_1644l53"
                         BASELINE="3458,4400 3579,4390 3700,4382 3821,4377 3943,4374 4064,4372 4185,4372 4307,4372 4428,4374 4549,4378 4671,4380 4792,4384 4913,4388 5034,4392 5156,4394 5277,4398 5398,4400 5520,4400 5641,4400 5762,4400 5884,4396"
                         HEIGHT="181"
                         WIDTH="2458"
                         VPOS="4293"
                         HPOS="3443">
                  <String ID="string_region_1641890284743_1644l53"
                          HEIGHT="181"
                          WIDTH="2458"
                          VPOS="4293"
                          HPOS="3443"
                          CONTENT="geweeten maer door het sage van Th: helma geloof dat het op de heele"/>
               </TextLine>
               <TextLine ID="region_1641890284743_1644l54"
                         BASELINE="3460,4458 3541,4450 3622,4445 3703,4440 3785,4436 3866,4434 3947,4434 4029,4434 4110,4434 4191,4434 4273,4436 4354,4438 4435,4441 4516,4443 4598,4446 4679,4448 4760,4450 4842,4452 4923,4454 5004,4456 5086,4456"
                         HEIGHT="149"
                         WIDTH="1660"
                         VPOS="4364"
                         HPOS="3443">
                  <String ID="string_region_1641890284743_1644l54"
                          HEIGHT="149"
                          WIDTH="1660"
                          VPOS="4364"
                          HPOS="3443"
                          CONTENT="partije van de hecle ptj 10 ½ banderen was geschiefe"/>
               </TextLine>
            </TextBlock>
         </PrintSpace>
      </Page>
   </Layout>
</alto>
