8187 4658
2595 153 659 122 on 5 8ber 1696

873 151 890 134 Amsterdam geraerd rover

1116 180 2278 151 mons in Antwort aen den ul van 10 deses wat wegens d'avarij met

1130 299 2228 111 Josua wilkinson sal afgedaen sijn hebbe van ul te overnemen om

1150 376 2232 104 vervolgens neffens d'ocn costen te crediteeren, dat pack is noch niet hier

1135 437 2244 123 oock was die schipper heden te lollo gecomen het gene met dit werm

1128 520 2280 143 weder de kersijen wel sal beschadigen, gesien de notitie van 6 packen

1122 610 2232 166 kersijen die te coop benne, doch dat ul soude werck hebben om tot

2723 720 179 60 derselve

1142 691 2164 196 ƒ 33:10 te becomen, ick kenne de meeste mester die het maecken

1144 827 2244 122 en sal mij met 1pack der selve vergenoegen het sij N 190 ofte N252

1143 895 2211 126 der alven gelieft gelieft d'een oft d'ander pack met 40 staelen te

1134 1006 2230 104 coopen op het woort van den keaercooper dat het sijn kersijen van

1130 1079 2199 158 Abram tillij sonder dat het pack gehopent worde maer het selve

1144 1197 2201 124 errewaert terstont worde voorts gesonden gelijck het van engelant

1123 1235 2289 151 is gearriveert sonder te hopenen, soo het selve met de leste gearriveyrde

1125 1357 2143 140 scheepen van hul is aengecomen, soo can het par fransito

1136 1438 2143 125 voorts gesonden worden, om dat die pasport geen 6 weecken

1144 1514 2183 180 out en is, waer toe gelieft te contribucceren, wat mogelijck is

1147 1599 2269 173 echter wille het goet niet gehaladeert hebben, die van rotterdan

1137 1737 2247 117 doen al wat sij conen in soo danige geval, en meest alle de goeden

1143 1799 2082 110 comen trantito, wegens de coopprijs diende ick boven de

1161 1854 2245 175 ƒ33:10 niet te besteden want saleven wel daer wijnige reekering

1145 1954 2165 182 bij vinden, alsoo sulckx geschiet om de noodtsakelijckhijdt der

1145 2076 2116 149 alven doet wat mogelijck is om die tot ƒ33:10 te becomen

1144 2161 2146 126 als wanner par avontuer tot meeroet sal resolveeren,

1028 2258 2315 116 nocht ans onder ƒ34: niet te recht te conmencomen, soo laet

1143 2341 2253 152 den coop daerom niet achter, en soo N 190 ofte N 252 vercocht

1147 2483 2204 115 waere soo coopt No. 2032, doch hebbe liver N 190 ofte N 252

1148 2544 2204 142 omdat ick de marque van 2032 niet wel en kenme op ul advies

1151 2616 2150 128 van incoop sal ul remitteeren, en als s venendael icl eenich

1149 2708 2229 155 gelt sal hebben getelt gelieft het mij te laeten weeten. 6 ftanie

1144 2759 2204 168 oorloghscheepen van S. malo cruijssen voor ostende daer sij een

1166 2856 2222 150 van onse cruijssers hebben genomen, en hebben daer nu ontrent

1136 2957 2272 145 de 8 dagen daer geeruijst, tot wat dessejn is onbekent iets meuw

1178 3025 1440 172 voorvallende gelieft te laeten weten

899 3104 969 174 brussel Anthoni rousseau

2954 3156 89 95 15

1164 3143 2182 179 en responce a la chere vre dhies pour les S. seger goris mons.

1146 3281 2211 125 brockmans medit quil soit un homne fort habile du petit

1144 3363 2211 162 commencement maij du tresbone suitte, quila fait de bonne

1137 3460 2232 148 affaires et bien gaigner, quil luy fournire a tout iour un

1151 3546 2232 139 mille livre de grosse sur obligation et quil le connet fort bien

1152 3627 2164 163 et quil n'essimet pour un parsonne de tres bonne conduitte a

1130 3711 2210 176 governoe vous est debite pour ƒ600:- argent courant resui

1142 3822 2204 132 de monse walrevens, pour firer sus vre grace il ny a rien

1146 3887 2217 170 agaigner mais a pary on a queque fois d'occasion, il est vray

1167 4007 2207 135 que quelque fois on a  pr. maiscela arrive fort rarement

1144 4075 1527 131 et non ie ne scait pas faire estant la dessusi

1153 4163 2208 124 tellement que ie ne tirere pas sur vous pour vre compte, soont

1144 4239 2165 102 vre ordre positive  ie suis bien aise que vous parie mons

1157 4308 518 147 gilshoven. is suis

3437 155 730 146 brussel guili: walravens

3517 152 2475 197 niet tegenstaende dat ick 3 ds hebbe getrocken een duijsent guldern

3534 260 2388 176 soo remitteert gij mij noch guldens tot mijnen laste

4870 340 1031 172 dul seer bedancke, en hebbe ul

3530 361 961 152 met den ul van gisteren

4876 442 1032 169 eken diene tot confirmatie

3524 393 1112 219 diens volgens gelreditteert

4760 545 1246 157 betalinge doen ick wat ick voorsolen

3517 544 962 187 ofte quitantie, voor soo

4684 638 1298 160 eer at sich sekerlijck mach verlate

3519 642 1001 173 ben een ander niet doen s

3517 739 2409 154 en soo gij mij dat niet toeb et soo berdiene ick ul calendielinge

3527 834 2403 136 niet, en om ul te toonen  val ick ul calendiie ektimere soo

3536 956 2474 128 hebbe ick de 2 fijne lakens den aen mons. rijssels niet vercocht

3502 1002 2471 195 want ick ul brief ontfonght ter wijlen hij hier wal ende de lakens

3518 1154 2385 113 meende te koopen, maer hij is naer dermonde vertrocken en sal

3531 1210 2469 170 overmorgen weder hier wele soo wilt gij die noch hebben tot ƒ5:13

3533 1321 2472 179 ende dingeslotene oft eenige daer van ten prijse gelijck die staen

3518 1410 2413 171 commandeert al wat gij begeert maer aenden prijs can ick niet

3520 1537 2432 173 laeten afdingen, het seggen van sterck bins gelt is uijt omdat

3515 1629 2436 183 gij dat mij niet betrout, maer sij seker dat niemant int lant ul

3517 1731 2452 179 beter coop dienen can alles hoo gelt, ul kersijen verwachte ick

3522 1863 2396 173 morgen oft overmorgen hier, sijn ick niet gecomen ter wijlen

3518 1951 2470 182 ul antwort verwachtende blijve na groetenisse. N 260 ƒ 3:18 N 23:

3536 2031 2399 175 a 4:2 N 13 a 3:15 N182 a 4.4. N24  4:10 N 166 a 44 4 N 226

3535 2131 2411 145 a 4:15 N 147 a 4:10 N 190 a 3:12 jt  N 260 a 68:8:3

3513 2256 2382 152 a 7:9 a 8:5 a 9:- a 8:4. a 9:6. a 9:a  dit is voor de letterijte

3427 2307 643 126 mechelen gilis hulma

5444 2346 234 124 10 d.

3520 2343 2394 240 heden hebben wij advies becomen van brussel at u procureur op de rol

3517 2454 2417 166 heeft voorts gegaen ende oncosten veroorsacke niett tegenstaende op dat

3530 2574 2372 152 mijn cousijn door sijn procureur tot brussen aen ul kennisse gegeven

3515 2670 2482 176 heeft dat de sake bij gelijdt was en alsoo volge het accort ieder sijne costen

3522 2728 2312 208 moet betaelen, soo wat sedert gepasseert is gaek voor ul reeckenige

3534 2846 2387 127 ben verwondert te verstaen dat ul procureur t brussel in de saecke ul

3524 2915 2446 189 bekent wegens de calendiringe voorts gaet niet tegetaende hem aengelijdk is

3532 3037 2229 115 het accomodement. het week goet gedaght hebbe te adversenle

3550 3112 2379 110 verwond. seijnde dat ul dat alleenes en heeft getemeert, waer me

3557 3189 2193 157 is hul cenegen dieust can doe gelieft te coaden dil blijve

3429 3254 845 170 brussel francois  onsillion

5431 3253 299 149 16 ditto

3521 3315 2437 162 en responce aux cheres vres du 13 & 14 courant, le salmerinchx, est alles

3523 3458 2428 148 aux champs pour se divertir a la chasse depuis lam au lieu de diendre

3523 3534 2380 211 tellement quil faut attendre son retour avecq pate ou donner des

3533 3641 2389 150 autres ordres, pour le present la veuve remmenants  la reputation de

3527 3699 2468 194 la meilleure teinture, en escrivant la presente la re du S. voloner met

3514 3774 2376 191 faut dire quil sera de retour au soir et que le couel est en cherij

3518 3860 2474 226 quil foudra donner d'avantage pour la teinture, am ne vois pas dapper

3509 3936 2466 231 =ance quand les flannelles seront temtes, ie vous prie charger desautres

3528 4046 2449 211 avec les commissions, car ce teinturier est trop che a son hiunneur

3533 4121 1649 205 en attendant vre positive ordre ie mediray
