8068 4592
1171 162 2139 95 waert dat ick mijn gemoet condegemster stellen

1192 210 2201 155 went  voot de loterie gemende blijf

1214 276 2160 110 u bevolen, biyprovisie ick hore de best

1170 378 734 120 ante lidde

2128 364 1260 174 gben, e niets voor ost

1170 477 1900 146 ter is goets bidee daer loste letten de

1204 573 1796 150 n geslotene vor gack geveld

2588 641 809 168 Adij pm xber A 1695

921 660 884 183 Amsterdam gedaert, rover

1189 688 2185 177 op 28 pass was aen ul mijnen laesten sedert geen van ul, oock geen

1189 853 2169 106 ander occasie van schrijven deser als tot couvert vanden ingesloten

1197 912 2191 138 den welcken promten voort ganck gelieft te geven, soo het convoij

1202 971 2182 129 van londen niet en is gearriveers sal het met dese wint niet over

1189 1053 2166 169 geraecken, godt wil het salvo gelijden Jan bart is naert noorden

1179 1128 2203 145 het welck den risico voor de oorstersche 3 mosrovische bloet geloove de

1177 1231 2213 124 monteeren, de francen hebben ontrent cadix al eenige prijsen genome

1187 1324 2170 118 en vreese sij in de middelansche see sij mede al wat quaet sullen

1187 1396 2209 139 doen het gene onse rekeninge van asfurantie wel soude verachteren

1179 1453 2197 143 men teeckent hier soo goeden coop dat ick bedencke dat werck

1188 1539 2186 152 te staeken. worter costij niet weekelijckx wort uijtgegeven een

1190 1625 2182 159 prijs van assurantie sulckx sijnde soude wel begeere mij die

1175 1719 2200 140 vervolgens toegesonden wierden. middele tijdts iets hier tot ul dij

1191 1806 1672 141 voorvallende gelieft te commandeeren die blijve.

2994 1820 114 126 d

904 1863 765 193 brussel francois Jacops

1194 1879 2187 180 duwe van 27 & 26 passato ontfangen & sedert de 2 geverfde flannellen

1180 1984 2188 127 die ick op ul rekeninge hebbe afgeschreven ul schijndt niet wel te vreeder

1188 2098 2118 140 te sijn om dat ick hebbe geschreven dat ick tegen t'eijnde van de

1171 2145 2205 133 naeste maent van eenich gelt sal disponeeren, icl hebt mij daer

1166 2219 2210 132 reden toegegeven hier lest in packhuijs sijnde in presentie van

1185 2306 2192 132 den berijder neskens, presenteerende die flannellen confant te betael

1181 2391 2203 133 en dat ick van die weerde soude disponeeren mijnder geliefte, en omdat

1170 2467 2207 169 ick daer soo haestich niet mede was, heb ick geschreven dat ick vo

1190 2550 2197 139 eenigh gelt soude disponeeren, ick bidde recollecteert uwe memonie

1194 2664 2169 126 eens 3 twijffele niet oft ul sal ondervinden geen reden te hebben

1184 2728 2203 141 van mij daer over te reprosceeren, en het geens ins en is gescht

1178 2820 2166 145 uyt clijn gesach voor u crediet, want met alleenelijck dat is tot

1178 2915 2179 105 is dienst maer al wat in mijn packhuijs en tot soo langen tijd

1193 3000 2182 98 als ul self soude willen besprecken, waer mede naer groetenis

2733 3067 649 161 adij PMonBustb

890 3078 705 160 London Keret 10

1191 3143 2179 179 mj last your was on 21 past to which en former me refere

1193 3264 2184 157 hopes to have ny ordes compleates by the first ostend convoy, ad

1179 3358 2176 167 well for the spanish cloathes, & scolchisters, bayes et. of dis

1183 3486 2185 122 comes in time, coul dwnich you to have some swans sirds coite

1179 3549 2197 163 bayes as wel ovrader of the greenstregkens as other where

1169 3659 2198 169 de both a 6 a 10 il might come by the celchester bayes, as

1189 3730 2170 180 best you can senden, nou have yours of 12 past, you are

1169 3861 2210 144 debfor for the packin pres, & I exspect for the ropes ohi

1161 3969 2209 121 dy iare ioord £400 wieght, is a good quantity, & not one end

1167 4028 2205 160 but can sevve you for the vis oft alsyges formevly I did

1173 4142 2198 182 good £5ofor shalf the quantity what y nouw toil doe, tead

1163 4260 2206 169 he anderstont & sill to knouw , of ost to verwite you

5831 165 127 82 168

4968 164 791 130 Adij pm xber A. 1695

3511 163 817 150 paten the rest accoumyt

3375 276 160 146 russel

3541 261 439 129 peeter valsijn

3529 257 2414 200 ick sien bijden uls van 21 pass. dat ul alles naer ul behaegen met worden met te

3536 386 2448 164 verueren het geene in de tegenwordige gelegenthijdt tusschen ul & mij voor soo clijne

3553 504 2424 144 partije niet eens te passe en comt, het ware imners nu meer dan tijdt desen

3542 554 2313 128 laesten gemaeckten wisselbrief promt te voldoen, het selve can ul vinden

3541 680 2418 116 uist de provenue van de laest gecochte goederen, niet twijffelende oft ul hebt hier

3532 758 2400 83 al meer goederen gecocht van Monsr rodaers, en der alven den winckel wel

3523 833 2384 92 voorsien, en niet buijten imploiye ofte winste sijdt daerom daer om heb ick ul

3519 866 2445 148 obligatie gelaeten in ander van Mons. Anthonij Rousseau & verwachte

3524 987 2408 118 dat ul aen hem contenent sal doen niet iet woorden oft breeder schrijven

3534 1042 2418 126 want dat dient mij niet, maer met gelt, versoeckende ul in ine genereus te

3530 1117 2424 130 willen soonen gelijck ick van mijnen kant in ul regarde noodt heb geman

3482 1222 2482 114 sekeert, daerom betaelt hem al wast het in 2 a 3 a 4 rijsen, ende al waeret

3537 1258 2366 179 oock maer £101-: en seffens, en gemerckt ul hier over geen excusie

3519 1374 2439 162 comt maecken soo verwachte sonder fout ul dit sal volbrengen & blijv

3395 1432 690 150 ussel guilt wolravens

3477 1470 2458 158 omdat het te veel stijdt tegen mijn gemoet aen ul begeeren te voldoen

3507 1596 2439 104 daerom heb ick ul brief van 26 passato niet eerder beantwort, ick hebbe

3515 1650 2399 128 op 28 Julij lest wel geschreven van satiffactie te geven ofte ul buyten

3523 1760 2393 133 schade te houwen, en dat wil noch doen, maer gij barrebiert mij te hart

3512 1847 2406 101 ende daerom gij ten minsten noch ƒ 150:- geven, dan omdat het ul

3519 1914 2446 150 soo begeert, soo heb ick heden mijn volle quitantie aen mons Anthonij

3521 1976 2433 173 gesonden van een hondert drijen veertich guldens, en sal daer mede mijn

3525 2064 2419 154 rekeninge met ul sluyten, miets conditie dat ul in consientie verobli

3503 2184 2363 138 geert blijve de resteeren de ƒ 7: met occasie te vergoeden, de kersijen

3512 2248 2409 136 worden hier nu vercocht van ƒ40 tot 42 courant gelt ick ben godt

3504 2373 2403 141 tot van alle engelsche goederen seer wel voorsien tot ul dienst& blijve.

3375 2423 865 128 brussel Anthonij Rousseau

3458 2464 2468 159 Mons. i'ay la chere vostre du 28 passée le monsr vrlljn ma prie de les

3538 2590 2402 110 ses san obligation encore quelque temps en vous mem, mais, ie creind

3647 2647 117 58 onl

3529 2625 2383 182 que aure i'en de loqne des paroles, si iont f143 a cherge le monsr

3505 2769 2364 138 malravens, qu'il payera promtement, vous salyent ie medirez

5173 2844 651 157 ady 2: xbrro 1695

3372 2815 660 172 rugge Raphael coots

3506 2929 2414 165 hebbe uwe brieven van 16: 18 & 25 passato ontfangen, de goederen de 2 drace

3508 3045 2360 160 ture gesonden paeren sijn eerst en voor al hier geweest, t'gene aenge

3499 3151 2415 142 naem is, en in doncosten oock profijtich, tot londen begonomen weder

3499 3252 2417 125 eenigh goet te laeden, soo een convoij van daer arviveert, gelieft het

3501 3328 2437 154 selve cito te laeten weten, ick hebbe de rek van oncosten naergesien

3497 3416 2391 148 en ul daervooren gecrediteert, al hoewel delast blijve niet betaeden

3489 3496 2394 152 vraght van Pack N° 78 aen Jacob Janssens nu is mijn versoeck

3510 3585 2356 148 dat ul gelieft in antwoort desers mijne rek. court & senden, en het

3493 3701 2360 181 flot netto op my trecken, mij crediterende voor ƒ 397:16 die ick

3495 3790 2359 153 ul hier ingesloten remittere om bj Andries de Buck betaelinge te

3494 3888 2399 128 vinden 21 febr. Inaest, tis wat tegens de courroisie iemant soo lanck

3499 3976 2371 134 in disboise tehouden, meeer in datgevoelen, dat t u geens ints incomo

3487 4100 2439 112 deert, soo hebbe de vrijheyt genomen: dit aen u te romnteren &ddon

3489 4166 2317 128 als vooren mijne tek caure te sluyten en rest het saldo nitto te

3506 4272 2341 125 trecken, om dat ick dese maendt mijne boecken moet sluyten waer

3489 4354 1083 132 mede naer groetenisse blijve
