8099 4575
2638 151 598 131 6:gbr 1695

794 155 1064 198 brussel guill Walravens

1055 211 2259 214 volgens ue ordre van 4 deser hebbe noch op ue getrocken ƒ 325:-

1044 377 2290 126 comt gelt dewelcke bidde aen mons rousseau gelieft ue betaen

1062 434 2215 155 bedanckende ue voor soo goede sorge onse convoijen sijn godt lof

1030 512 2269 179 gearriveert soo wel van hul als londen met de selve verwaghte

1048 619 2207 127 ick veele verse goederen soo die liier sal ue laete wn

2791 700 206 103 6d

785 718 973 162 Brussel Anthony rousseau

1029 747 2303 206 en responce a la chere vre dhier cy ioint ie vous renvoije lassignaion

1055 875 2229 138 sur le S van elsen qui mescrit quil payera ainsi que iespore

1038 947 2267 208 Ee succes, lun iour ou lautre comme aussi pour celle des segen

1043 1061 2128 162 le quel ie vous prie de solliciter encor une fors p occasion, ie

1041 1131 2248 175 vous envoye encor une autre sur guilt walraren qui me sent

1040 1251 2162 175 de vouloir payer encor ƒ 325 cour la mettre sur le S

1036 1309 2190 167 busschop sera vous renvoge demain, ie scay quie cet

1052 1447 2193 151 difficil a cresent avec mes auiis de brusse cependant de

1052 1518 1374 172 vous recommand le patience & suis

2737 1499 283 184 6 d

792 1640 1028 191 Brussel wonhier van elst

1060 1684 2131 196 in antwort aenden ul van 4 deser, bedancke u dat ul

1047 1801 2253 172 de drij hondert guldens n selgelt aen mons n Resstan

1049 1885 2210 189 sal betalen, het briefen dat ick hem heb gesonde is qintantie

1062 1962 2248 200 dach tot ul vander satisfatie sal ventuusseau dan

1074 2047 2238 183 oock ani gelesten die ul hebbe n e seijn, dat ul geen bayenen

1020 2127 2196 242 frs had, syn myn vvanden iet, en hebbe niet

1041 2212 2189 194 eerlijk geldae want ick beter als andere de

1055 2298 2254 224 oersnen sonse commayen sijn aenm. san van lijl

2484 2396 265 65 dese vee

1049 2415 2200 146 als londen, en ul veweght seenscome penij

1059 2488 2238 212 kerrijs van beste soatesdie ick sal geve ae ƒ34. stuck

1065 2565 2237 180 wnt gelt, oock verwagtt ick fisenden, swaen

1047 2649 2171 180 e andere baijn lakens &d. daerre thesse thebbe

1104 2754 2034 176 tesent nock bij mij 6 bays 30  4 a 328

1043 2844 2223 170 6 af van 44: 45 en 46 en venen van 3gbt soo ul

1062 2940 2190 151 reselveesteeg daer van gelieft e

1064 3075 2054 117 Gsulden want gelt engell geaght

1049 3129 2087 200 s deit leberlijk dinds ueaem

800 3234 945 208 gent francois herrebout

1048 3223 2252 229 ick heb u brieven van 7 & 11 october niet beantwort foute van

1064 3359 2162 155 ccasie, de rekeninge van oncostien bedraght veel gelt tegen

1061 3463 2269 179 mijne verwachtige, ick en hebbe geen occasie ul dat se remitte

1064 3537 2274 160 soo cont gij dan op mij trecken ons convoij is tot brugge gearrin

1069 3632 2254 135 met het selve verwachte ick eenige packen die alles tolvrij sp

1069 3752 2251 145 maer den toeback moet tol betaelen, ingeslotene de noodig

1073 3847 2221 129 tolbrieven ende soo haest N 91 en 92 u ter handt comt 10o

1070 3926 2144 142 sent mij die te waegen als mede MN2 op particulier

1077 4000 2194 163 moet selten, en geen tijdt versant worden, gevende advies

1069 4073 631 178 wat passeert blijve

5845 161 87 110 33

4958 162 695 146 Adij 7 sber Ao 1695

3328 157 748 147 brugge Andries de, buck

3358 221 2611 203 volgens dat ick op 3 deser aen ul heb geschreven sijn de twee carmosijne lakens

3496 349 2463 157 iouss: ul moeder wel geworden, doch sij en heeft van ul geen ordre gehadt

5037 425 246 81 eteeckent

3512 437 2411 168 en der alven het mede gaende briefken niet geaccepteert, oversulckx gelieft

3502 519 2455 193 naer het selve te accepteeren, ende haer als trecker dat laeten onder feeckenen

3512 615 2223 128 en iets anders tot ul dienst voorvallende commanderen die blijve.

3316 660 474 182 brugge Coots

3514 783 2335 149 5 deser was aen ul mijnen laesten sedertsadvies van londen van Jan

3359 793 125 149 N

4962 852 184 70 jjnge

3507 840 2375 191 du maistre dat den selven voor mijnheest gelaeden int schip van

3488 947 2405 185 Jan groonsted 1 packen DMN2 inhoudende 12 gemengelde frisetten

3492 1048 2424 130 doch om dat het connossement naer het vertreck van d' andere schepen is

3502 1157 2440 133 geteekent soo twijffele oft hij mede oock sal sijn gearriveert het welcke

3494 1182 2297 189 versoeke aenstonts gelieft te laeten weten om par naesten postdagh

3492 1322 2453 130 vervolgens te antworden want soo het niet mede gearriveert ware

3492 1387 2459 186 begeene het voor mijne rekeninge niet, ende gearriveert eijnde gelieft

3496 1449 2440 239 het sonder tijdt veelies op spoedichste naer gent te senden par bargie

3487 1543 2437 197 ofte wagens adroituer, want alle mijne haest is voor ditte N. 2:93

3488 1634 2459 242 & 91 wat passeert verlange te verstaen en naer groetenisse blijve

3330 1728 1142 170 mecheten mijn h: couwenbergh

3486 1800 2369 215 ick hebbe vers den uwen van 29 passato heb ick versiemt te antworden

3481 1906 2478 237 en van niet bedencken, hoe, daer en tusschen, hope het selve geen preiudictie

3484 2012 2430 165 sal wesen om dat ick eens en voor al tijdt mijnen intrest van mijne

3483 2118 2405 127 bemden heb gerecommandeert, op gedraegen, ende gebeden in alles soo

3479 2172 2450 199 te doen, en te laeten als voor eijgen, dat ander mael repetere, ick hadde

3483 2270 2343 182 gemeent datter af seer veel boomen te coop waeren, en gelijck uwe

3487 2344 2429 181 ter plaetse is weet wat beet daer aen dependent is doet daer in naergen

3491 2483 2435 141 eygen geraeden, nu het out dier is soude men leggen de boomen wel

3492 2529 2443 200 behoorden te gellen, wegens mons befeber hebbe geweest dat wegens dat

3485 2661 2464 154 het huijs costi de saecke soo claer niet was, soo dat tot mijn leetnesen

3500 2702 2436 214 voorsien dat mijn swaergeringe met hem niet wel sal te recht geraeken

3487 2835 2229 137 den man is van goede wille maer het schort hem aen het beste

3331 2896 1038 186 Rotterdam Abraham de bra

3491 3017 2426 210 bij den uwen van 3 deser geerne gesien het arrivent van het convoij van

3494 3113 2449 190 hul met het selve vean is voor mij gelaeden volgens de 3 noedegaend

3480 3203 2391 177 connosementen eerst int schip van thomas scamen 1 pack N 68

3480 3290 2417 180 inhoudende 12 nootsche lakens te verclaren voor 42½ dosijnkens van

3495 3369 2417 184 ieder a 18, en de 2 ½ witte baeijen ieder van a 65 samen wert ƒ 1400:-

3491 3460 2436 167 int schip van paphael sonderen 1 pack N 70 aen te geven voor ƒ22½ witte

3315 3445 2615 273 baeijen ieder van a 65 weert ƒ 975:- int schip van Josua willinson

3491 3604 2396 215 een pack N73 aen te geven voor 32 witte bayen ieder van a 65

3479 3679 2458 227 samen weert ƒ 850:- de expeditie die is ul gerecommandeert als mede

3477 3757 2016 211 aen deingeslotene met advies van wat passeert blijve.

3322 3832 781 167 leijden hendrick hermanse

3478 3904 2391 229 den uwen van 4 deser ontfangen, sien de laeckens daer bij vermelt citto

3468 4020 2460 195 te gemoet, en en can u niet genoch recommonderen dat mijn goet wel

3473 4104 2408 173 berijdt wort principaelijck de carmosijnen, oock wel geverft worden

3479 4199 2431 152 het shoonste en bruijnste couleur datter gemaeckt wort, en een stuijver

3468 4245 2389 188 oft 2 niet aensien want laet het laecken soo costelijck sijn als het

3494 4369 2362 118 wilt, soo het niet naer advenant wel geverst en berijdtie, soo
