8187 4671
2704 157 667 111 Adij 22 sber 1696

869 169 1314 144 brussel mons. benaert vanden cooster

1133 216 2269 153 ick verhope ul wel is tuijsgecomen en het leste goet tot contentemen

1124 350 2236 107 sult hebben ontfangen de baeijen sullen dese weecke roof sijn hope

1122 432 2276 93 met de kersijen somen te senden het goet op 9 April lestaen

1147 520 2254 100 vercocht bedraght courant gelt ƒ 893: 8 ¼ is in wisselgelt ƒ 824:

1147 580 2162 167 waer op ul 29 bugusti ƒ400 heeft betaelt soo resteert van die

1125 665 2153 177 partije ƒ424:14 wisselgelde, waer voore een alsingnetie ten

1124 754 2284 145 rousseau hebbe gesonden, versoeckende aen hem het selve soo gelieft

1149 857 2249 134 te betaelen waer op mij verlaete ter wijlen naer groetenissel blijve

2997 925 212 95 22d

884 932 896 138 brussel hristiaen segers

1153 969 2171 183 ick hadde geneert dat ul sanderdagh ten mintten sout hebben

1136 1104 2186 104 hier gebleven ende bij mij hebben comen eeten gelijck ick hadde

1126 1149 2255 165 versocht dan patientie, ick hope het alles haest soo sal voorten

1126 1267 2208 114 dat men drij mael meer goet sal hebben als men soude comen

1124 1360 2073 147 vertieren, ick hebbe heden een bewijs op ul gelonden aen

1134 1451 2243 147 mons Anthoni rousseau van 3 a 400 wisselgelde het gene

1140 1511 2187 183 aen hem gelieft te betaelen nemt quitantie van het gene ul

1132 1625 2242 128 hem sal hebben betaelt het sal ul vaerdeeren in reckeeninge met

2917 1723 232 123 22 d.

879 1700 842 187 brussel henrij rijssels

1178 1749 2167 195 desen alleen tot advies ende versoeck dat gij gelieft voorts

1135 1886 2156 144 betaelen £25:-1 vlaems wisselgelde aen mons Antoni

1149 1959 2196 175 grousseau hierop mij verlaetende sult verobligeeren die blijve

3007 2052 255 137 22di

878 2023 1005 166 brussel seger vanderborght

1136 2085 2245 173 hope ul het lesfe gesondene geperste lakens tot contentement

3023 2226 253 68 anders

1141 2243 2237 131 sult hebben ontfangen tis mij leet dat ick ul en mijn vrnden

1147 2317 2138 108 tot geene bestere satisfactie can dienen tis mijn ongeluck

1142 2391 2188 124 dat mijn goet in engelant leijdt dat ick hier soo noodich

1159 2493 2163 120 hebbe doch men moet patientie hebben met den willeder

1143 2548 2172 153 heeren comt het ul gelegen iets voor mij te betaelen

1151 2659 2211 165 soo gelieft aen mons. rousseau 5 ofte 6 hondert guldens te

1127 2771 2247 143 geven oft minder alswal oock maer binnen 8 a 15 daegen naer

1151 2840 2099 155 dat ul sal gelieven, neeet quitantie van betaelinge en

1146 2900 1943 176 commandeert liberlijck in alle occasie die blijve.

3121 2979 74 114 e

892 2960 772 170 London mess. kent

1165 3028 2196 190 sence mij last of the 18 court recd of 2d the rotterdam ships are

1154 3182 2149 80 not yett over neither can this cassorley winde bring them over

1160 3242 2172 118 de 6 french men of warr, on our coast take all what comes,.

1165 3333 2147 137 the convoij from Amsterdam for hull is in texell expecting

1143 3440 2264 126 order to saile, hope this winde shall carrie them over, devide my

1159 3551 2223 103 risico them, one pack of kersies one of baijes & N 27 with the

1163 3580 2217 163 first convoij & if the Amsterdam sailes first a pack more, do as

1172 3661 2231 139 best you can not. to limite so positive to do some preiudice there

1149 3770 2144 142 in to mij self, because you are on the place & can take best

1153 3856 2224 126 measures & not to omitt on ensurance upon a pinch af. I have

1164 3961 2147 133 said before I am sorrie I mitt so about the greens geet them

1161 4037 2160 129 reddij as best you can, for I feare our convoij shall not come

1146 4141 2158 131 so soone theij are still att ostend & dare not go outt the

1154 4219 2147 154 french beeng dayly in sight as. S. Coots writes bij letter of

1168 4310 2205 115 yeasterday, good help us, for wee can do nothing. Smith g. are

1148 4397 2150 85 could procure a good convoij for rotterdam & ostend the 2

3534 145 2431 125 dutch men of wars can not secure them ships, they shall be taken 20

3534 199 2437 150 if they meet. these 6 ships if ijou can send some swanskins & colchester

3549 271 2428 168 baije l & frisel for rotterdam though butt one pack with these 3 sorts

3545 387 1209 143 I long to know what passels iel

5244 384 714 198 Adij 25 sber 1696

3470 458 893 142 Amsterdam geraerd rover

3530 572 2439 104 op 22 deser wal aen ul mijnen lesten, sedert geene van ul deralven

3529 650 2396 122 contormeere, wat ick als dan hebbe gelijdt, en verwachte morgen te

3522 736 2424 111 verstaen den incoop van het pack N 252 sal sijn geschiet, het gene

3534 807 2405 123 mij veel aengenamen soude wesen, dan dat het selve pack vercocht was

3528 879 2427 130 ende een ander sout hebben ingecocht te meer omdat ick het werck van

3526 988 2473 116 Abram rilley soo estimeere sechter geen kersijen van p rilleij conende

3529 1027 2495 140 aentreffen, soo coop ten beste mogelijck is het beste goet, en dat het s

3544 1150 2362 99 selve morgen worde voorts gesonden, waerop mij verlaeten, soude

3535 1241 2450 106 wijders geerne laeten assureeren van londen op brugge alsmede van

3536 1327 2439 120 sal op costij en rotterdam gelieft te noteeren tot wat prijs te becomen

3538 1405 2449 91 is daer benedens waervoore ul deseredre soude willen staen want and

3525 1457 2171 154 niets wil laeten teeckenen a governo naer groetenisse blijve.

3469 1526 669 151 bugge raphael Coots

5424 1553 259 138 26 d.

3471 1568 2499 211 het vervolgh van ul advies van 21 & 24 deser is mij aengenaem des te

3528 1733 2462 126 meer om dat het convoij naer londen hope is vertrocken, vertrouwende het

3524 1823 2452 110 selve op 1 dagh & nacht sal sijn over gerackt al hoe wel den wint sedert

3531 1904 2477 180 contrarie is geworden biddende te continueeren mij t'informeeren wat

3549 2014 2447 139 passeert en principaelijck te laeten weten van wat detensie ons convoij

3545 2106 2441 135 bestaet, de francen seght men, hebben onder de oostersche vloet onder tessel

3531 2178 2385 147 veel prijs gehaelt, godt wel onse scheepen een spoedige en behoude retour

3532 2266 2441 182 geven, als wanner ul mij tijdelijck mijnen intrest sal adviseeren, ul trato

3464 2361 2068 170 p wart promt voldoen ter wijlen naer groetenisse blijve.

3467 2419 930 123 pauwels Dh. audenaer de

5477 2428 283 165 26 d.

3537 2468 2480 213 door veele beletselen hebbe ick den tijdt niet gehaet den ul van 4 deser

3537 2619 2442 125 eerder te beantworden, ick hebbe dan endelijck gesprocken de geintresseerde

3524 2701 2428 128 van de 72 gemeet lants gesitueert in den polder van terdinandiel en is

3534 2790 2391 133 de relolutie de selve te vercoopen doch voorleden sondagh is hier een

3541 2895 2386 112 vergaederinge geweest van de generaele gelanden vanden selven polder

3539 2947 2443 141 alwahr geresolveert is het bedijcken tot welcke eijnde naer den haege

3552 3067 2460 136 is geexpedieert om oetroije te becomen, naer het obtineeren der selve sal

3540 3126 2427 147 ick ul het lant ten prijse stellen ick hope dat dh staeten een soo

3557 3219 2308 148 favorable conditie sullen consenteeren dat de landen daer door een

3540 3335 2482 137 reedelijcken prijs sullen weert wesen, waer af ul tijdelijck kennisse sal geven

3475 3395 936 137 nechelen J Cauwenbergh

5567 3420 260 112 26 di

3551 3426 2420 210 blijve ul danckbaer voor ul advies van 8 deser: al hoe wel sedert engels

3545 3580 2455 101 goet genoch hebbe vercocht, soo danich dat er bij naer geen meer in mijn

3539 3675 2480 132 packhuijs en is, soo isser evenwel niet een superfijn laken gemoveert ende

3544 3743 2455 152 daer onder het modecouleur door ul genoteert blijven liggen, omdat men

3559 3839 2456 160 niet en vraght oft draght met den winter als eijen en andere grove goeder

3552 3907 2450 140 deralven derve ul niet langer uijtstellen om ul dienst doen, en sal het

3550 3998 2440 125 selve laken hopenen, affnijden het gene ul gelieft te hebben al hoe wel

3566 4103 2415 133 sulck mij leven noot hebbe gedaen dus gelieft mij te laeten weten hoe

3553 4165 2453 168 veel a ul gelieft te hebben, en hoe ick ul sal toesenden, noteerende dat

3573 4276 2376 140 het ontrents 2½ a bret is, waernne ick ul can dienst doen bidde mij

3513 4298 1858 168 bliberlijck te commendeeren die naer groetenisse blijve
