8101 4601
1150 176 2218 124 il vous prie de examener ma sur ditte lettre et sil soit qui

2264 216 235 80 marque

1150 270 2213 131 erreur plus, que ceux qui vous m'aves paravent de m'adveste

1121 316 2246 168 a chose que ie ne trouve pas le salde, autrement que £1430:

1150 445 2174 105 la vostre de 17 court m'est rendu cest aprs midy avec la

1127 476 2253 176 parugue, dont la fasso est passable, mais lese ceveus trop clan

1142 572 2232 153 ce qu'il nest pas si propre en ma faice, la teste est fort bid

1134 648 2231 161 me lesse veux tropdoux et ie ne crois pas que les bovceles tiend

1129 775 2228 102 longh temps, car la frisure, nest pas fort et les plus longes

1148 866 2232 132 cheveus nontrien, il est certain, que chez mons ne la partan

1137 907 2237 155 pour moj, car il ne pas pamblabe car luij de mons. gansancher

1136 1004 2160 176 et mons. grens le premier ne l'ent que donnez deux

2440 1095 207 70 ni en il

1141 1109 2141 114 pistols, et y sont moeque avec luy, can y ont parler de moy

1126 1199 2211 115 dantel faison, me qu'il faire puis qu'il n'a pas voulei envoije

1846 1267 98 64 nme

1135 1303 2193 121 sans reprendre, il faut fort tenir, et lay satisfaire, et cela

1139 1367 2157 125 fait pour un fois pour avoir un icy, il ne faudra pas

1146 1468 2136 107 donner deux pistol, outre elle nest pas gannier par denier

1140 1533 2161 162 fir la teste comppe porte icy, et come m gansancker

1146 1636 2200 122 metit aussi davoir recommander au peruquier pour moij

1150 1737 2155 110 is suis marri que ie vous est donne cette paine et ie vous

1149 1790 2200 140 prient de satisfaire monst gilson comme pour vous mem

1146 1877 2154 142 et desi dire que pour se monnier que ie ne suis pas

1130 1981 2129 116 difficile qui ie donneraij un ecus pour la voir veu et

1137 2065 2218 113 retournera franck en cas quil me veut faire la parielle

1147 2148 2200 163 de S. gansancker et quil soit de memne couleur de garmite

1133 2245 2169 152 et qui ie donnere le memne priex et sil ne veut pas en

1139 2327 2135 168 ne payent nous serons des amis au pararen, si ount

1126 2403 2213 190 4 assingnes comme au pies de cette, iespere quil trouveront

1147 2520 2176 172 satisfactions monsr kints maijnt fait remises, paijere

1146 2626 1253 159 comptea monsr Lockeel ie suis

2563 2661 783 194 Adij 19 Janu Ao 1696

855 2689 916 178 brussel govert ververs

1123 2766 2245 214 ick wenshe ul een geluck salich nieuwe iaer met ul teele farie

1131 2929 2229 181 en verhope ul al te samen gesonthijdt, en dat godt door sijn

1132 3004 2231 188 meenichvuldige beneditie ul sal doen erleven in gesonthijdt en

1123 3079 2249 228 welvaeren door het weelk weder soo sijn alle onse versche goederen

1134 3198 2196 208 nu hier aengecomen soo van brugge als hollandt, heeft ul

1125 3275 2233 188 iets noodich ben present seer wel voorsien, en wensche wel

1134 3365 2219 220 dat mijne commens hap u soo aengenaem was als het gelt dat

1130 3457 2236 218 ick van ul in handen hebbe, waer van wondere noch niet

1122 3557 2220 191 hebt gedisponeert niet tegenstaende doet daer in als u gelieft

853 3626 1217 151 gent Couraerd de moormester

2830 3693 335 85 20 ditto

1128 3672 2179 182 morgen vrogh vertreckt van hier naer costij een pack gemerckt

1133 3770 2211 147 N.C.N1 inhouden 5 inlansche geverfde akens, waer over maer

1117 3879 2169 119 de noodige certificatien, gelieft de selve te bewaeren voor ordre

1123 3947 2130 145 van de wed: Anthonij cousse tot cortrijck d'oncosten op haere

1138 4058 1554 116 rekeninge ter wijlen naer groetenisse blijve.

5800 191 140 125 448

4729 185 960 137 Adij 21 Jan A° 1696

3376 177 739 162 namus philippe Lurond

3509 273 2362 156 lay resu les cheres vostres du 16 & 17 court la premiere portent remise

3497 353 2465 125 de ƒ720:- argent de change a la charge sur piere oudaert par luij accepte

3495 457 2442 194 depuis et dont la pajemant est inmutablement, vous est credite et selle

3501 559 2328 129 vous de quitante, suivent vostre, iay vous envoije auiordhuy par

3501 644 2455 181 engelbert du donne un pack EL continent deux draps blanges d'engle

3480 757 2392 121 terre Ek you ne marck fort larges mellieur l'ordinair a £24:10

3499 846 2448 133 la niece argent de change £49:- et vous plara me crediter pour cette

3508 904 2354 161 partie puis que ie ne doute pas me qui seront fort a contentement

3502 1048 2332 138 vostrs graces me mandet des eschantillions de bove draps escharla

3483 1106 2403 187 de ƒ3:10 a ƒ4:- ƒ4:5 il ny a pont semblable, car la tenture du

3486 1211 2366 189 bon escharla cout quarent deux pater par a et fonder dix patar

3495 1333 2441 151 vous pourves iuger que drap confuret, pouvoir avoir 2 a 30 patars

3492 1415 2384 149 les moindres confait sont de ƒ5:- aƒ5:10 et dont, ie ne suive pas

3510 1505 2332 160 a present, mais bien de superfines, si soltre quelque chose a vostre

3508 1568 1379 159 servies commande librement ie suis

3367 1639 601 174 brussel peeter Lion

5393 1619 227 178 21 d

3495 1732 2421 176 in antwort aen den uwen van 17 deser sult gelieven st vallijn

3494 1837 2451 195 aen te sprecken en met ter minnen af te vragen betaelinge van

3500 1928 2372 207 £44:5:3 wisselgelde de welcke hij mij schuldich is ingevolge den

3505 2025 2434 207 wisselbrief door mos rousseau ter handt gestelt, ende aen hem

3499 2107 2435 219 seggen dat ick ul hier nevens sende de noodige procuratie om hem in

3492 2189 2393 214 cas van wijgeninge wottelijck daer toe te pramen met presentatie

3495 2300 2393 190 dat ick hem sal overleveren de drij lappen ofte begoete stucken

3485 2393 2268 157 lakens die ick te hande hebbe doet als voor eijgen die blijve.

3389 2464 914 155 Amsterdam geraerd rover

5367 2504 187 122 21 d

3494 2559 2362 181 19 deser was aen ul mijnen laesten miets de spaens post behandt wore

3495 2685 2351 185 den uwen vanden datam, sende tot het aencomen van de engesche

3492 2761 2388 208 brieven heden a 530:6 veel gevers en geen treckers gewweest en

3477 2850 2394 195 gelooven tot 31 soude hebbe comen trecken, der alven soo mijne

3498 2935 2439 231 geremitteerde ste£ 200 niet en hebt ingetrocken soo gelieft die tot

3494 3087 2394 184 naerder ordre te bewaeren want mijne intentie was maer gelijck

3490 3160 2356 182 ick hebbe geschreven met vallende wissel in te trecken om op hope

3496 3248 2383 186 die selve prijs noch leeger te connen afgeven, het ter wijlen het

3489 3347 2445 189 weder aent moniteren is soo sullen wij best wat inhouden waerover

3491 3447 2441 182 ul mijn intrest recommandere met advies wat passeert soo de brieven

3499 3514 2450 261 van dijnstdagh van londen weder de cours monteerende is soo sel

3492 3592 2389 255 het weder op 32 st loopen voor montant voor mij aengelijdt

3494 3670 833 163 in de lotterije sal uwe

5461 3769 99 109 1e

3369 3707 483 181 brussel rousseau

5315 3822 195 104 21d

3501 3833 2371 257 le tisme du hierne courant esfaita vostre graces maderniere avec les

3486 3952 2393 243 assingnes il mentione, et pr depuis sans vostres: iaparle les amis

3482 4055 2355 190 qui mon fait le son service de mons. gilsons et il est preupre

3482 4172 2458 215 comme vous aves marque ce pour quoij iay vous envoye inclusse

3488 4254 2414 209 les quelle luy donneray ie vous trouve convenible me credi ons

3482 4359 2382 147 present a lettres sur londres a 286 8, non obstante on a fait
