7916 4582
1085 107 2278 131 temeen 32 84 een niet ie, soo de rest niet beter uijwalt salde

1105 166 2121 198 slecht af comen, wat passeert verlange te verstaen en blijve.

2538 251 826 164 adij 25 augusti A 1695

815 273 1076 168 brussel Anthoni Rousseau

1098 383 2249 118 sedert mijnen van gisteren den uwen vanden selven datum, ontfan

1079 440 2189 173 in gevolgene welke sende u.l ingeslotene ƒ540: in brief

1075 561 2287 103 van peter van cranenborgh ten laste giovanni piatti in venetie

1079 651 2272 123 ducaten 234: en 19 a 92 den prijs is wat hoogh, maer om geampr

1092 717 2213 114 moet men patientie hebben, den brief ten laste bombandt is

1082 779 2274 132 betaelt voor de rest is sal u ordres volgen tot het gene gij mij

1096 872 966 145 van doen hebt die blijve

2707 914 360 167 25, ditto

832 962 661 167 brussel Rousseau

1078 991 2258 204 ick heb u desen achternoen gesonden met de poft ducaten 23

1992 1118 275 78 in venetia

1088 1135 2254 130 a 92 ten laste giovani pialti in den eersten brief, ingesloote den

1084 1210 1859 150 tweeden om u te bedienen daer sij toe noodich sijn

2753 1266 345 136 25 ditto

827 1281 879 183 brussel govaert ververs

1085 1306 2223 208 int antwort aenden ul van gisteren ick bidde u stelt u mij

1090 1431 2252 164 gerust en ick sal niet alleenelijck 2 a 3 maenden patientie hebbe

1093 1500 2239 141 maer 2a2 iaer en soo lanck als u gelieft ende blijde sijn soo

1095 1606 2180 143 de occasie sal presenteeren ul andere dienst te doen self

1089 1671 2275 169 soo ul iet noodich hadde in wat voorval het soude mogen

1075 1790 2278 126 wesen disponeert van mij ende van mijn huijs tot u diens

1095 1868 414 126 die blijve

2790 1864 338 158 25 ditto

832 1908 938 200 brussel hendrick de smet

1085 1961 2267 200 Mons: ick hebbe reden om aen u veel te schrijven over het drij

1090 2116 2225 115 ongeval ul en andere vrinden met het bombarderen van

1111 2186 2214 153 brussel overcomen doch wij moeten ons submitteeren aen

1078 2279 2257 121 den wille de heeren en dencken om een beter ick hebbe 2 differ

1093 2365 2201 154 van mijn volck in, en naer het bombarderen naer brusfel

1102 2473 2216 148 gesonden om u en andere mijn dienst te presenteren, doch

1089 2561 2183 148 sij sijn bijde sonder iemandt aen te treffen weder gekeert

1087 2623 2269 159 en alsoo ick van ul niet hebbe vernomen soo bidde mij deelach

1096 2724 2177 149 te maecken hoe het met u gelegen is en met andere van

1104 2822 2216 144 mijn vrinden ul bekent, ick hope gij hebt al de goederen

1106 2892 2228 159 gesalveert het welck seer blije sal sijn te verstaen en dat

1073 2958 2267 195 gij met u familie noch sijdt in goede gesonthijdt, daer en tusse

1095 3050 2180 177 is men hier noch al bevreest, en soo lanck het casteel van

1099 3100 2254 197 namen noch niet over en is, is brussel noch niet buyten perijcke

1095 3260 2183 132 in wat gevalle het soude mogen wesen heb ick plaetse in

1100 3312 2223 137 mijn huys tot u dienst, ofte noch een leedich self laet het

1085 3424 2258 142 oft een nodt de plaets doch niet aencomen, en geeft mij een

1108 3500 1551 171 letter antwort die met verlange blijve

2704 3571 360 135 25 ditto

831 3590 1221 175 brussel de weduwe vander borght

1108 3644 2216 172 het ongeval ul en alle mijn vrinden overgecomen is mij

1080 3765 2148 137 op het uyterste leedt, en ick bidde u wilt u selve doch

1082 3833 2275 163 vergenoegen met den wille des heere, en maeticht u droff

1093 3910 2183 156 met het overdencken dat godt meest straft die hij meest

1104 4009 2232 129 bemindt die hij dan daer naer voor de verduldichijdt drij

1090 4095 2231 125 dobbel weder geeft midderlijck tijdt heb ick gewenst dat ick

1101 4186 2201 122 hadt comen dienst doen hebbe in eenen van mijn velck en

1101 4250 2185 128 naer het bambarderen noch eenen naer brussel gesonden

1101 4349 2116 121 doch sij hebben niemandt comen vinden, hechter

3531 168 2424 121 hope ick, dat ul en mont: segers u goederen sult hebben gesalveert de

3521 207 2458 159 schade van u huijs en is noch so groot niet want daer de fondamenten

3541 294 2445 154 staen is halft een ander gestelt doch soo lanck het casteer van namen

3541 378 2442 134 niet over en is, is ul niet bijten perijckel waer in ick u kan dienen

3527 465 2420 107 bidde u commandeert liberlijck, mijn huys is tot u dienst het sij off

3515 545 2419 121 ul noch een voordere vluchten wilden dat ick hope godt int cort sal

3524 616 2336 168 verhoeden, het sij int op bouwen van een huijs off wat het soude

3517 693 2337 155 mogen wesen commandeert liberlijck ick sal altijdt toonende

3521 826 2003 145 genegentijdt die ick hebbe om u dienst te doen blijve

5292 906 418 142 26 ug

3383 902 658 191 ent hene bar

3581 1005 2374 159 iinns den brief die ick gest u heb ge en de order

3507 1127 2436 163 p bode lenaer is antwoort aen den ue van selven de te

3503 1246 2346 177 soo doet alle mogelijkede voor om oock goede paspert

3529 1361 2426 117 voor Joos stevens te hebben, ick geloove heden en morgen noch

3519 1474 2457 127 meer packen sult becomen, en soo lanck alser geeneen is voor

3477 1570 2497 136 de fransen laet alles seleex gaen behalven N 79 en 81. laet

3517 1656 2392 150 die te wagen comen, sijn de 2 packen N 77 en 82 int packhuys noch

3503 1776 2420 117 laets 5 daer tot dat jors stevens gaet vertrecken ofter noch tet

3487 1835 2452 188 swaerigheyt voor wel, het moet sich nu in 3 a 4 dagen

3493 1932 2350 176 gaen gpenbaren, daerom enspe, den stevens met

3499 2076 2368 144 alle spoet want dagelijx salder gaaet van brugge

3509 2160 1803 160 noch comen en advisere wat past

3377 2271 838 159 rugebe Raphael Coots

3494 2323 2297 202 in antwoort aen due van u, 22 & 24 deser, hebbe by provisie 2 packen

3490 2436 2401 151 N72 & 86 wel ontfangen, dandere sien alle tschepe te gemoet, synde

3497 2529 2433 163 N 78 ,7 & 8 noch by de stof packen geraeckest „ 75, 77 & 82 liggen tot gent

3513 2601 2294 174 waght ende tot vollaedinge van een tweede schip, tewelck niet voor

3507 2673 2417 157 naeste sondagh geloove sal vertrecken, soo dat hope ue gisteren & heden

3510 2793 2305 131 e bargie ofte raepelinck noch andere packen sult hebben versonden

3467 2865 2406 139 dat ue op tuytterste wort gerecommandeert, soo dobbelen noch costj

3507 2925 2334 163 was, wenste wel hij de packen N79 & 81 medebroghte om dat ick

3501 3031 2436 160 dandere alle tschepe laese voortgaen, & alsoo het voorschreven tweed

3506 3141 2398 119 schip tot sondach sal blijven liggen, soo isser noch iedts geselt laet het

3501 3194 2366 174 p bargie voorts gaen om die occasie waer te nemen vergeet niet het

3500 3304 2429 152 packie 1 MN1 aen boort clement de munch & dander swaer goede

3502 3369 640 170 addressure bly

5177 3382 329 197 27 ditto

3361 3468 658 154 bredael lauerijck ka

3501 3523 2362 207 int antwort aen den uwen van 24, laet de couleur no1 wesen, en

3492 3680 2464 131 mackt voor eerst een drap de brie in plaets van no42 oft 43 en mackt

3497 3756 2059 151 een rattien voor eene preuve naeste weke sal gelt senden

5274 3838 328 147 27 ditto

3365 3828 766 167 rugge Raphael Coots

3483 3896 2441 176 gisteren was aen ul mijnen lesten, sedert den uwen van den

3497 4040 2427 133 selver dato ontfangen, den welcken contrarieert den uwen van 24

3496 4104 2406 144 waer bij ul seght den voorman dobbelaer is naer ostende gereden

3475 4199 2358 119 comt morgen alhier met wie noch 2 packen die gelost sijn

3477 4277 2383 129 aen ul sal senden, en bij den uwen van gisteren datter maer
