8159 4623
2697 143 713 115 Adij 28 meert Ao 1699

980 135 2450 202 brugge Coots wij sijn 28 meert sijnde het voorschreven coppije van

1238 204 2185 200 van 14, waerop ick sien ul geen reflectie hebt genomen, ende

1205 330 2221 156 d'occasie vant het convoije van londen hebt laeten voor bij gede

1217 425 2187 176 niet tegenstaende dat laurijs moentiens uwe den vraght brief

1222 495 2153 185 heeft gebrocht, ia self daer over tot ostende geen ordre gestelt

1215 623 2214 165 om dat sr bruno mons met brief van 25 deser mij adviseer

1215 662 2186 209 ditto moentiens, daer te sijn, ende vraght mijne ordre wat

1208 793 2167 173 met ditto packen te doen, ick hebbe reden mij hier over te

1227 880 2190 154 beclogen, principaelijck om het verlies van d'expeditie waerdoen

1217 958 2187 169 die packen nu hadden tot londen geweest ende waer over ick

1238 1087 2068 153 met reden van den eijgenaer sal beris worden a gover 20.

948 1136 821 139 sende bruno mons

2873 1192 265 132 28 d

1139 1228 2268 203 in antwort aen duwe van 22 & 25 deser ick en twijffele

1225 1329 2172 185 niet oft het convoije van costij naer cadix is voort veranderen

1202 1408 2148 218 vanden wint tot in de spaense see gearriveert godt wilke

1206 1522 2201 167 behouden rijse verleeggen, en voor de francen die van toulonmd

1231 1647 2111 163 comen bewaeren, schipper laurijs moentiens was bij ul

1212 1719 2185 178 gearriveert mij leet sijnde dat hj soo 10 darsn onder wegt

1221 1832 2144 151 is geeweest, en daer door versupu het convij op

1220 1941 2175 101 london hy hadde iy belcost mijn vnt het

1187 2021 2149 153 venick costij soude wwes 71.. dat gepasserrt sijne

1187 2094 2229 182 gelieft de 2 caln B. N1:2 te doen lossen en vortaeete

1218 2185 2146 145 cenvoy naer londen te bevaen, moet  2 dist

1212 2277 2166 175 schepen geleede lverden on den usico te verddelen

1192 2384 2156 149 e aen in souruiel blevort geeouen mert ward

1183 2478 2226 155 N1 met 90 stuen lijk wert ƒ 850 N 2 met 8overt

1176 2567 2218 164 ƒ 800: tweffele niet oft de cke loots sal vue

1197 2667 2122 214 des wegen het wedell voor  hebben

1160 2747 2238 252 p en alsooo ick uien weln wrt t daer

1144 2863 2250 222 of vallen soo geleeft die ten vesten te' advis

1170 2941 2219 218 al oft de selve alreede gelaen wan deraet

1186 3076 2204 139 is ƒ 4:10 p stuck aen maentiens en op london noet

1214 3156 1770 160 di p t1 seeest bedonge verdfagoven

2897 3230 344 140 28 d

929 3245 930 196 brussel Andries Aertssens

1198 3327 2182 194 volgens den uwen van 26 deser hebbe ick ul heden par beertschip

1197 3470 2214 161 toegesonden het root laken waer van ul mij het stael hebt, gesonden

1193 3548 463 139 sijnde N 531

1833 3563 639 146 21 ¼ a 28¼

2634 3607 193 102 a 50

3216 3600 180 117 71:8:

2411 3620 351 169 af 8 p.

3098 3686 301 97 „:5:9:

1178 3692 2233 260 onder de partije wat geen beter, en om de waerhijdt te seggen ick maij

3209 3770 186 121 6371

1178 3809 2212 201 op dit niet stoffen maer wat wil men doen tis in engelandt noch

1167 3937 2220 156 erger want dit laken soude daer wel sessich stuijvers gelden, tis may

1181 3992 2242 181 een als stuck moet ul meerder hebben gelieft tijdelijck te commandere

1182 4094 2194 161 ick heb geen beter comen vinden oock can het niet beter coop

1179 4202 2240 175 geven isser iets anders waern ul can dienst doen, spaen goet hebt

1172 4317 2075 152 ick van de oude marten genoch en blijve naer groetenisse.

4905 151 1096 137 Adij 29 meert A° 1696:15

3418 156 859 172 brussel Joannes Jonaers

3546 248 2438 186 ul brief van 21 deser, heeft mons:. de csijn den bode mij desen niddagh

3538 315 2375 182 eerst behandicht ende hebbe aenden delven volgens ul ordre u laken

3542 413 2435 167 N622 medegegeven ende daer op geen ander adves al allenelijck een

3544 508 2452 207 s met root crijdt gestelt, wegens de 2 baeijen van voorleden jaere valt

3531 619 2445 179 geen replique, want hebbe daer soo goede memorie van en ben soo

3525 693 2439 221 gerust in oft het heden geschiet waer en staet het oock genochsaem

3539 863 2466 132 op mijnen cladback, en iets anders middele tijdt voorvallende, commandert

3427 911 800 143 Cortrijck mons. Cauksee

5437 955 240 109 31 d

3520 1014 2473 158 sedert mijnen lesten geen van ul, mons. van heurck heeft ul 30 ½ 2 segell

3522 1064 2471 204 vergaedeert, heeft ul die van doen laet citto weeten heeft ul die niet vandoen

3535 1160 2515 238 soo remitteert sonder uijtstel het gelt van d'eerste, want ick blijve niet mant

3532 1251 2416 202 iets schuldich voor mij eijgen veel mn wel ick aen iemant schuldich

3530 1338 2466 249 blijven voor een ander, dar alsen gelieft sicht volgens te reguleren blijve

3422 1403 751 137 brussel hendrick de smet

5484 1500 189 102 31 d

3531 1488 2389 203 in antwort aen den ul van gisteren hebbe u heden met het beurtschip

3537 1577 2473 216 toegesonden een ½ stuck wit flanel waer van d'ander elst gesonde hebbe aen

3518 1680 2385 219 peeter cares, sijnde het geheel stuck N 239.. 33 .. 70½ a 15 . ƒ52:17

3530 1742 882 183 het laken N. 611 draght

5592 1857 380 80 ƒ7118:16-

4562 1850 601 201 bedraght samen

5546 1912 440 151 ƒ 171:13½

3505 1867 2478 267 waervoor heden een bewijs hebbe gesonden aen rousseau te betae

3530 2017 2379 227 len in court gelt biddende het selve vervolgens te versheeren, cases

3513 2098 2380 198 hadde ul lakens noch niet ontfangen, als hij mij sal vraegen sal

3526 2206 2470 196 ick hem packcleederen geven het flanel is seer goeden coop want gelden

3451 2273 2543 237 ppesent meer in engelandt wille ul al doen wat mogelijck is blijve

3417 2339 859 182 brussel guill Walravens

5427 2444 230 122 31 d.

3502 2428 2475 264 ick sien u brief van 29 deser maer ick hadde liever ul self gesien

3504 2565 2398 192 want dat gij mij vraght is nu niet wel doenelijck en dat met den

3492 2632 2502 240 vasten dagelijckx goet vercoopt en dat d'een hier in packhuijs is &

3507 2784 2457 159 s d'ander vercocht gelijck mij dese weeke al is geschiet en als men

3498 2859 2467 210 de liede staelen heeft gesonden en het goet middele tijdt vercocht dan

3508 2981 2442 175 worden sij gedisopligeert oock soo hebbe soo groote quantitijdt van

3511 3066 2472 175 ven lakens dat mij den tijdt niet toelaet staelen te senden van 3

3419 3166 2543 144 me alle die ick wel soude dwillen dat gij saght als mede van noorsse

3415 3260 2550 183 iopgrijsen, wegens kersijen is nu geen tijdt te sprecken want die sijn dier

3416 3352 55 54 nou

3424 3313 2533 193 wielgelijck alle witte goederen sijn, en is best tot in de somer te wachten

3417 3451 2491 150 uom daer van provisie op te doen doch de laeckens die ick hebbe sijn

3421 3501 163 76 diesteelen

3419 3538 2546 151 ndenich van den goeden coop en can ick ul daer mede dienst doen het sa

3416 3579 139 119 u

3542 3629 2398 99 nu aengenaem sijn naer groetenisse blijve. sende ul evenwel e3 stal

3462 3706 2484 118 11 backen N8 is hopen N: en 4 gesloten, isser ickk dat ul aenstaet de 3. 1 oprijsen dee

3433 3719 2531 164 brussel Anthonij rousseau staender bij doch sal alles iets mindergeven de sijne 6 stuijvers

3507 3807 2458 132 et reponce a la vre de 29 court les lettres sur brusseles ce presentent quesqu

3506 3880 2465 120 fois a perrij quand on veut donnes ses fraises de cortage de 10st parf 100

3496 3992 2457 128 comme cette incloset remise de ƒ 400 de change a 2 jours pas casse

3503 4071 2434 134 our sacob lespin de fait de adviaen davit, pour vre compte les mess. de

3500 4134 2465 137 la banque ont un lettre de£ 380:- escan 10 avril si vous trouve vre

3500 4208 2418 155 compte de dispancer les 10 passars par £ soo sans ma cortagie ie vous

3516 4272 1082 141 pourres servir toudant pour soit

4558 4293 102 101 so

4640 4310 1282 116 sidint un assigne pour mon compe

3578 4367 1632 93 171:13¼ courant en charge hendricé de smet pour

5310 4382 638 91 quelse je vous sc

3482 4375 2448 107 ƒ4618:3 de change l'attandre de disponer de vostre remise sur londres ne fait
