8084 4671
5916 108 116 140 1d

3560 179 2462 147 assorted from 8 so 10ƒ and whereas I have ordered y. single dosens to bee in cull to f

3881 240 94 59 th

3540 244 2497 165 patt. of 25 Aprill, and that assortim. beinge to different, sond inclosed Patt. to have

3555 376 2474 121 y northrens asserted accordingley, 10 pray lett bee observed, and notice bee made

3522 448 2467 110 and added to y memorandum, sooseinge no opportunitie of a convoy from Londen

3525 584 2509 118 for Rott, you beinge upon y place can take y beast mensures of shippeinge

3521 607 2517 186 butt lett no goods bee shipped till convoy nre sontes, principalley y sp clothes

3535 736 2462 172 an d advise from time to time what passes, to take my measutes accordingley

4275 800 401 165 of 9 a 10 ƒt

3526 854 532 138 whilst I rest

4263 892 426 151 oƒ 9 a 10 ƒ

3451 1014 648 183 thomas potter

4596 1063 94 130 th

5491 1098 478 161 20 maij 1697

3507 1097 2507 214 mij last to you was on the 16 courant, sence non from you so referre

3485 1227 2506 168 you to the same & de sire, that the orders give you bee well performed &

3500 1314 2447 151 where al I ordered 12 single dosens in each pack e that I mught have some

3495 1455 2469 123 dosens of each sorts, to the inclosed patt. & notice, so pray observed this

3501 1502 2459 174 dirrection & led each pack bee of 14 a 16 demij piecesp because I mought

3501 1602 2461 177 have them colleurs to N°: 8„ 10 & 18 it possible they are to bee had, I have

3513 1674 2446 193 receaved these coulleurs innorchesent clothes fromme kent & 1 passeared theiy

4940 1804 119 70 diel

3510 1777 2471 174 sell best, not will standing of a convoij present for hollant, loose not

3500 1875 2535 206 time no forward, what is readdy, do each pack should not bee, so exxcty

3501 1957 2501 188 exsorted al I order butt sudge, ij ou have time enough of with m. Johnson

3508 2060 2523 183 mought informe you & you please to delay buyinge of cloth of white ware

3489 2110 1837 212 accordingley, itt beinge the needfull att present from

3349 2176 935 167 Rotterdam Jaques Meyers

5456 2225 354 162 20 ditto

3493 2253 2502 222 ick en hadde niet getwijffelt ofte ick soude mijn pack No. 2 volgens den ul

3478 2416 2442 166 van 10 deses voor nu hebben ontfangen, doch alsoo ick dedeert van ul

3484 2479 2531 211 niets hebbe vernomen, can niet bedencken waer aen die expeditie tardien

3486 2565 2512 181 dat morgen versoecke te wete, ul hadde de cognossementen aen R. rover

3489 2652 2526 154 tot comst wedergesonden, het gene wel ik wenste weijders wel te weten

3465 2738 2551 196 oft eenich convoij naer hull staetgegeven te worden ter wijlen d'expeditie

3475 2842 1978 135 gen d'ingeslotene recommande blijve naer groetenisse.

3338 2880 787 133 Brussel Ansondrousseau

5563 2877 244 128 20 d.

3489 2946 2382 139 iay les vre des 16 & 17 & 18 court en suitte a la premiere, payer les traittes is

3475 3059 2541 151 mentions pour la lettre sur Ensellion vous sa tiendrez si vous plait a sonretou

3492 3109 2466 140 vous estant debite pour laetignation sur le S. walravens ƒ48 3 pour

3493 3182 2505 207 ƒ484 pandant que ie procureres le necaissaire pour les deux remise sijment

5889 3227 95 64 ons

3332 3229 749 122 gent ffrancois herrebout

5538 3311 323 121 22 ditto

3469 3281 2478 187 volgens den ul van 20 deser hebbe ick het pack No. 2 wel ontfangen sien dandere

3460 3402 2534 188 3 te schepe tegemoet in hope dat Jan toebast voor sinnen hier noch sal losten

3357 3443 971 162 ingesloten mijn tolbrief

5586 3534 346 116 23 ditto

3340 3529 737 146 Leeds. thomas pottes

4122 3571 91 98 th

3483 3570 2509 189 sence mij last of 20: courant non from you so have little to sais, bett refere

3466 3718 2433 110 you to the same, and formers & senves this principaley for couvert to the

3456 3783 2464 131 inclosed remises videlicet st £100:- on henrij schnson in london of 22

3458 3843 2518 183 court 2 uso & £ 75:- at ¼ uso, on Jan marsens in London procure

3466 3952 2414 152 the needfull & advise mee from time to time what passes to take mij

3483 4018 1615 144 measures accordingleey for winter provisions
