8112 4625
2233 175 937 129 Adij 20 october Ao 1695

726 170 985 172 Amsterd: Geraert Rover

975 254 2305 156 toute van ocasie den uwen van 7 deser niet eerder beantwort om

992 353 2287 142 met de laeste post van londen de wissel tot ƒ 28:10 was gemonteert

987 428 2284 161 ende costi tot  28:1 a 2 wiert gedaen soo hhep het hier op eenendagh

990 531 2299 113 van st 27:10 tot 28:5 en soo als heden noch is. soo de coninek vertrocke

994 608 2253 130 is sal hij seer corte rijse gemackt hebben, wat messures het parlement

984 722 2284 136 over het gesnoijt gelt sal nemen sal den tijdt haest openbaeren, de mij

998 754 2290 190 van de banck sijn politivelijck van eentement dat de wissel merckelid

976 844 2297 200 sal monteeren het Rotterd: convoij was tot hull t seyt rede en wist

981 943 2317 172 daer vant het Amst: noch niet, welcke oorsaecke is dat mijn goederen

990 1016 2275 187 op Rotterdam sijn geloeden, ende alleen een pack N73 met dest

996 1114 2251 158 naer costi staet afte comen, waervan par naesten breeden. ick ben

998 1236 2192 131 andermael versocht van mijn vrint andre sison van Ath ul

982 1320 2274 154 moelijck te vallen sijn correspondent eens te willen aensprecken

982 1387 2238 194 over sijn affairen tot groningen, alsoo hij seght die vrintnu

988 1522 2306 108 al de orriginele pamptere in handen heeft, & aen hem geen antwor

978 1583 2308 156 oft wete geeft hoe de saecke gelegen is, waer door van ongerustrij

997 1656 2272 173 hij weder al naer costi wilt, bidde hem eens aen te sprecken en

1013 1756 2272 165 mij sijn antwort te laeten voortscomen, hed gevende aen d'ingeslo

999 1833 1224 145 voortganck sal verobligen die blijve

2582 1851 417 150 Adij 20d

741 1906 865 177 mechelen mons, fijed herver

1009 1963 2222 139 in antwort aenden ul van gisteren ick can dat laken No 84 niet

1022 2050 2238 130 minder als ƒ7:- geven en tot dien prijs hier genochsaem vercoopen

1018 2170 2207 144 sijnde een sopreckt hollandts lets, en alsoo ick mijn goet in mijn

1009 2205 2170 192 packhuijs vercoope, heb ick mijn leven het nietmant anders tuys

994 2335 2255 137 gesonden op hun besien, daerom belieft het ul positivelijck te hebben

995 2411 2231 123 ick sal ul geerne senden ick ben wel gerust dat het u wel bevallen

1003 2495 2142 173 sal, schoonder heb ick geen, als dat van ƒ8: en dat is al vercocht

1009 2550 2221 184 de carmosijnen en mogen geen grooter lleijfter hebben, het sgeene dat

1009 2650 2234 166 door de pers wort gecauseert sende de harte, ende heete parsse bedift

1010 2742 772 159 het couleur die blijve

2502 2851 115 77 21

723 2840 887 196 Brugge Raphael Coots

1049 2936 474 80 volgens t den usven

1025 2868 2231 188 in antwort aen duwe van 14 en 16 deses, terw is ul gecreditteert

1008 2997 2260 126 voor d'oncosten op het pack tijcken geresen en versoecken het het selve

1017 3065 2212 140 par eerste occasie voorts wort gesonden, bidde mij te laeten weten

997 3131 2204 140 ost iacobs van herentals oft het schip van Jacob van herentals see

1014 3256 2278 117 heeft gehouden dan oft het wederom tot ostende is ingecomen, vernem

1965 3279 459 78 sullen atsomen

999 3284 2301 162 oock geerne, ofte onse schepens van londen met den grooten convoier

1013 3361 2238 169 alleen dan ofte daer meer eenige andere schepen van detencie, daer

1016 3453 2278 159 sullen bij wesen om vervolgens mij hier te reguleren in assurantie

1013 3581 2237 132 sijnde bij profisie geintresseert bij twijman, adriaen de raes Jan

1000 3619 2288 172 poppe, en Jan marlou, als par naesten breeder, ter wijlen uantwer

1015 3723 691 151 te gemoet sien blijve

2532 3727 540 151 Adij 22 ditto

723 3813 415 178 bredael ka

1025 3809 2158 183 in antwort aen den ul van 19 deser ick mijnde u heden gelt te

1037 3937 2203 150 stieren, maer ick can nergere stuijvers becomen, en alle ducatons

1016 4009 2200 129 is het verlies te groot schrijft mij, wat den engelsche quinnen

1008 4101 2246 126 te bredael gaen en sal sonder fout de naeste weeke deen oft

1007 4179 2289 130 dander senden gij schrijft wel van dit en dat en bij provisie het goet

1015 4272 2274 134 blijft onderdchandsedert ons leste rekeningh maer het couleur tot lejder

1028 4349 498 123 en anders niet

5870 185 49 55 10

3294 102 809 203 gent 2 reaepe 1

5008 176 731 90 Adij 22 octob re A 1695

3488 240 2447 113 ick heb volgens ul ordre van 16 deser vercocht aen mons Andries de buck

3497 306 2395 114 ul soone 2 swerte lakens, ende de selve heden per wagens aen gesonden

3489 368 2453 105 bedraende ƒ 397:16 waer voore hij een briefken heeft geteekeht tot brugge

3483 424 2419 156 te betaelen tot ul laeste, ick sal ul het selve de naeste weeck toesenden

3480 500 2453 164 om acceptatie, iis daer iets tot ul dienst int particulier commandeert libertlije

3446 606 522 128 ick die blijve

5097 626 283 137 24 sber

3267 678 686 233 london du maisre me

3462 705 2482 180 Mons: le 20 courant estoit aeir grace maderniere estant pour conders a le compte

3466 837 2462 144 devent de vre allum, depuis rien de vous, ce qu'il causera la p le plus corute

3477 922 2358 156 seulement pour vous dire, qui j'ay vendu la rest de vre tobac pour argent

3497 1047 2370 143 content a un mons., aussi tost, qu'il sera delure, vous aurez le compte de

3471 1107 1205 149 vente, puisque ie vous salue et suis

5086 1150 331 170 24 ditto

3289 1168 712 170 Londen Samuel blewith

4267 1216 174 97 alls h

3462 1280 2345 141 ot on the 20: an. sended you ofij onr pack of tijkes as also advised that had

3475 1361 2439 146 draw ne on you tto valeur in mij bill of 19ƒ d. of £104:19:6 en paijable

3487 1465 2441 98 to Mons: walter & willem kent, with bij these I confirm & haveinge sence

3480 1529 2453 123 red. the bill of loding from bridges do send itt to you here inclosed beeng

3471 1623 2456 115 aboard peeter blanchaett, whith pray god send well to arrivee he shale de past

3466 1707 2450 145 p fast convoij whith will beat have arrivall of them from londen whith

3494 1806 1818 126 wel hourelcy exspest & is the noetfull att pressent from

5135 1860 200 118 24d

3295 1856 649 165 rotterdambram de bra

3480 1893 2394 199 op het convoij van wel sal arriveeren versoeke de ingeslotene cito te

3487 2017 1091 165 laeten voorts gaen die blijve.

5169 2076 166 115 29d

3316 2076 532 178 mth Andre Lison

3483 2126 2373 191 la vostre de 11 courant me strandu par vostre cousin et en suite i'ay

3493 2268 2374 129 eseri a mon amis a Amst: les quel a parler mons: iacob venendael

3483 2342 2438 157 vostre amis qui dit qme sont correspondent a groningen a este malade

3488 2393 2444 178 a longh temps et que cet la raison que vous navez rien a prie desur

3477 2511 2358 102 il a promi deposcer a la faire et de vous en donné parte oux premier

3484 2577 2401 129 agoverno ie me tonnez que vos amis ne viennent accheter de novelles

3462 2687 2450 126 marchandises aux livers, ie suis for bien de foute sortes et etandt

3439 2749 446 139 de necessoire

5091 2797 308 120 27 ditto

3305 2778 1014 186 Amsterdam geraert Rover

3439 2837 2497 193 mijn heer & cosijn. alsoo sedert den uwen van 21 deser wij geen engelsche

3469 2966 2459 148 hebben becommen, soo blijft de wissel hier in een doen, en tot 8 28 brieven

3473 3075 2456 156 genoch en geen gelt, iek en twijffele niet oft den coninck heeft corte reisse

3477 3143 2478 147 gemaekt, en dat het hem in engelant naer wensch gaen sal, verhopen

3450 3231 2493 138 =nde, dat d'engelsche sullen beter regarde nemen op hnne navigatien

3475 3348 2468 141 als mede die van costi het gene immers soo gemackelijck can geschieden

3487 3417 2354 155 oft anders die 6 sware copers de francen sullen nauwelijckx een

3476 3513 2450 173 schip laeten passeren, en ten lesten soo stout worden dat sij die noch

3479 3610 2460 168 wel binnen gaets sullen weghaelen, nem nempt hier in twijffel

3472 3720 2462 142 ost het waer u van het nemen van die drij oft indichsche retoursch

3488 3793 2440 156 open, dat het maer eene tijdinge vant hot en is. al uwe bij occasie

3479 3881 2324 156 iacob venendael comt te rescrontreeren, versoecke hem gelieft de

3492 3980 2458 131 bekende saecke altemets te recommanderen, soo lanck de ooste wint

3481 4107 2392 109 duert en sijnde shepen van hul niet te verwachten, godt

4623 4155 278 76 engelsche

3481 4197 2327 125 sende de selve salvo. wat geldens guineen presentelijck cossi

3490 4237 2293 146 mij rekeningh vindende, soude wel eenige senden, versocke den

3480 4363 2394 115 in geslotenen promt wert voorts gesonden om datter brieven in

3484 4436 2219 73 sijn die vijf toecomende vervallen, blijve naer groetenisse
