7866 4598
2682 160 616 150 18 Juny  169

763 168 1003 194 gnt de weduwed de buck

948 271 2341 163 hebbe heden van leijden ontfangen 2 uyttermaeten schoone supersyn

974 364 2092 151 lakens 5 carmosijn & een blouw volgens de bovenstaende staelen

946 439 2242 168 sehoonden t fijnder goet can niet gemaeckt worden soons deselve

965 531 1544 171 gelieft ofte eendaer van command die bly

989 622 584 154 N 184 ƒ7:5

2569 655 345 164 20„ ditto

1055 699 581 158 N. 188...5:12

678 770 910 209 Rotterd: abraham de bra

968 781 2321 199 tis mij aengenaem bij den uwen van 17 deser te sien het arrivem

968 893 2219 170 van het convoij en schepen van londen, en dat ian snouw en

974 988 2316 131 wouter corthals al voor de stadt waeren, sulckx dat ick verhope dee

964 1047 2302 174 selve voor gisteren aent lossen sijn geraeckt, ende heden mijne 2

965 1135 2340 162 packen herwaerts versonden, biddende andermael de uyterste expedit

962 1243 2293 106 waer te nemen, en soo haest maer de een, ofte dander pack cont

974 1306 2293 110 becomen die te expediere sonder naer bij de te wachten, miets den

972 1380 2261 111 wint nu goet is connen haest hier wesen versockende adres aen

1077 1421 2171 127 in geslotene geexcamineert hebbende den hollanschen terriest

2731 1501 89 100 e

2847 1497 396 92 che wolle en op

986 1495 1758 115 staet onder andere lakenen in de wolle geverft als mede die van st

1001 1538 2260 115 te spaensche maniere gemackt sijn het stuck lanck 44 a 45 a: alnolengelsche lakens

976 1600 1736 82 worden present op de spaensche maniere gemackt soo wel de dosijnkens

1630 1646 965 77 & andere daer om soo daerin een

709 1623 2594 184 amsterd: geraert Rov waerichijdt soude vermoeden, soo soude het pack no 70 moeten aengegen

973 1713 2310 119 in antwort aen duwe van 16 en 19 deser de wissel op londen was

980 1802 2305 134 casti buyten vermoeden tot 28.9 a 10 en op gedrongen, hier was voorg

981 1841 2241 127 weck veel naer costi afgegeven om op londen te inploijeren

944 1948 2357 116 het welck dat monteren wel eenisins conde veroorsacken, nu comt den

965 1985 2270 162 cours met brieven 14 erwaerts mede tot ƒ 28:10 wat daer uyt

979 2071 2299 136 volgen sal leert den tijdt blijvende mijn intrest aen u als

975 2182 2251 100 voor eijgen gerecommandeert. het convoij tot hul was seijl

989 2220 2309 148 rede ende souden vertrecken met den eersten goeden wint den wl

992 2284 2299 162 present en sedert gisteren wel heeft gewaeyt soo dat ick hope hun

977 2364 2264 145 behoude arrivement van uwe int cort te vernemen bealven

989 2501 2222 72 de gementioneerde packen is voor mij noch gelaeden aen boort

996 2539 2309 139 willen lapper in gevolge het mede gaende connossement 1 pack

995 2605 2324 178 stl N°12 inhoudende 32½ witte Engelsche baeijen ider van 652

1001 2677 2216 160 samen wert ƒ850 N°19 met 50 carsijen gelijck het pack N°6

976 2762 2198 209 soo uwe op ontfanck deser geen tijdinge en hebt van hun

994 2845 2310 160 arrivement sult gelieven te laeten assureren op de 2 voorschret

972 2922 2287 178 N°12 en 19 aen boort voorschreven willem lapper £200

989 3019 2271 159 vlaems met convoij a 2 ½ percento uyterlijck 2 ¼ hopende a

983 3108 2185 168 2½ sult te recht geraecken daer stont noch een pack N°45

985 3197 2323 168 afgelaeden te worden doch twijffele oft dit in tijdt al tot hul

983 3264 2336 208 sal sijn gecomen, wat deswegens en inde wissel voorders voorw

973 3376 2305 172 gelieft te adviseren, de 4 gecommitteerde van de banck van

984 3454 2335 144 engelandt sijn voorleden saterdagh hier gearriveert, brengen

1001 3531 2307 177 veel silver en contanten mede, ofte sij nu in de wissel eenig

989 3621 2319 167 veranderinge sullen connen couseren moet den tijdt leeren

998 3704 2302 153 de penningen die ick naer londen sende, doen ick daer inploijere

996 3794 2329 151 en miets ick dagelijckx die noodich hebbe soecke het voordeel vand

991 3864 2316 143 wissel soo veel het mogelijck is en schoon het meerder quam

1000 3979 2310 123 te vallen, sal ick mij dan weder van die occasie bedienen, is

1005 4031 2286 134 het saken dat u.l mijn advance hebt afgegeven voor de ƒ225

1020 4105 2277 167 banck gelt voor mij inde lotterije van amelfort ingegeven

876 4228 560 142 is u gecrediteert

4268 134 565 172 Antwarp 28

4179 182 1294 218 to imorder att leeds to be bought p

4198 306 782 194 2 jngle dizens toN1

4897 401 95 87 12

4208 450 237 138 24t

4228 522 205 139 2 t0

4220 633 212 89 2to

5067 601 516 155 6 da yeard raw

4239 644 769 201 8 dozens of about 3

4456 744 701 156 2 Jonil1delen te N

4466 859 200 108 2tb

5161 854 117 141 3

4545 930 119 89 10

4461 958 99 121 2

4517 1023 152 108 60

4495 1091 193 98 2t0

4511 1164 187 94 2b0

4517 1218 211 103 2 to

4535 1288 193 91 2 to

4487 1309 1130 226 16 of about 4  a yeard rans

3336 1453 77 111 7

4659 1412 1005 162 beenge 24 single dozens cacht

4475 1516 1121 169 to be toilletted & to be sent up to

4499 1583 1199 192 london to be shipped there, for ostend

3376 1651 183 175 94

4459 1669 1209 185 & att the same time to imorder the

4395 1755 1270 215 same quantitie to be bought & to be

4354 1839 1332 209 sent to hull for the first convoy fr

4358 1928 1368 220 holland, that is 24 single dizens for

4359 2036 1372 193 londen & 24 for hull & what cullour

4125 2122 1560 204 is not to be faund readdy to dake N2 a 3 in

3308 2175 66 169 m

4144 2214 1525 220 steed for the darck gray is the best demanded
