8200 4740
2655 187 702 137 Adij 26 gber 1696

909 193 712 164 brugge raphael Coots

1138 230 2272 149 in antwort aenden ul van 21 deser de brieven van 16 van londen

1117 371 2230 135 seggen dat de admiralitijdt een luffisant convoij hadde toegestaen

1117 450 2217 139 voor de scheepen van ostende het welcke soude bestaen van

1092 553 2285 121 4 oorloogh scheepen om te vertrecken soo haest den wint soude

1110 628 2294 121 dienen daer en tusschen sal ons convoij daer sal sijn gearriveert

1113 723 2250 114 waerdoor geloove dat de engelse die geloste sullen intrecken

1125 836 2241 133 dan ick hebbe aen mess. kent de sacke soo swaer gemackt dat

1127 902 2254 113 hij 2 oft 2 scheepen tot adlittentie sal bij becomen, want daer

1111 1000 2260 130 lighter ontrent de 30 aen de baeij inde noort hier is iemant die

1126 1099 2208 138 schrijven heeft vanduclerelen en gewaerschaent wort dat eenije

1110 1192 2263 120 capers op ons londons convoij passen het wel ons niet wijnch

1124 1274 2282 158 verlegen maekt ick ben van ul gevoelen dat de scheepen voor

1135 1392 2192 153 heden saterdagh sijn uijt geentest en nu op het afcomen

1126 1494 2231 143 godt wil te bewaeren ick bidde doet wat mogelijck is om mij

1123 1584 2181 129 kennisse van wat passeert en in cas van arrivemente

1126 1643 2207 142 dujterste expeditie waer te nemen omdat het laison soo verre

1119 1757 2189 143 verloopen is alle daegen toe waeter te wachten psijnde

1115 1841 2221 170 het meste verleegen voor de packen N41 oft 47 30 & 51

1107 1922 2142 111 38 voor de laken packen sende voorders wel gepresseert

1123 2019 2214 96 voor N° 42: 44 & 49 en 46, der alven bidde te trachtende

1125 2092 2211 123 voorschreven de 8 a 9 packen voor alles voorts te helpen

1121 2194 2272 94 omdat die goederen exttaordinair hier noodich sijn, met verlan

1113 2273 1711 162 verlangen te gemoet seen wat passeert blijve.

2899 2297 302 188 26 d.

871 2341 1073 159 rotterdam Abrande Bra

1136 2399 2223 207 sedert mijnen van 22 deser heeft dh. vermeulen aen pij

1115 2547 2242 122 gelijdt ul aen hem heeft gechreven dat gij onse orders tout

1099 2644 2285 132 volbrengen het welck wel is maer ben verwondert dat alreede

1117 2741 2215 137 noch geen packen waeren versonden, ul gelieft te weeten dat

1102 2805 2302 185 die hier eerst sijn goet aende mert brenght sijn beste reeekeringe

1119 2891 2175 154 sal vinden, daerom en magh ense onse voorgaende ordre

1101 3003 2244 197 geen sins preiudiceeren, ofte redenen geven van eenige packen

1110 3109 2229 165 op te houden, maer ter contrarie sent voortsal wat het

1119 3182 2248 192 maes 1 seffens naer de gelegentijdt van sake ick ben het alder

2066 3276 118 74 Maek

1129 3270 2245 188 mette veslegen voor het N 25: 26 & 27 aen de rest schult

1118 3358 2293 192 het mij soo val niet maer macht dat die voortscomen cost mat

1132 3454 2286 187 het cost als mede N 22 oft 24 wants vande selve is bij provisie

1122 3560 2136 179 genochsaem, al hoe wel de kersijen beter derven can alsde

1103 3652 2209 173 voor schreven 3 packen soo seet niet aen wat doenelijck tot

1103 3736 2235 165 dexpeditie der selve sonder eenich tijdt versuijm, en consigneert

1101 3851 2160 156 die aen mij doch soo het gebeurde dat ul all eenige van mijne

1133 3941 2194 162 packen bij eenige van die van £h: vermeulen hadde gelaeden

1119 3996 2158 151 meer als 2oft 3 exeedeerende consigneert die aen vermeulen

1126 4127 2150 103 gevende mij advies van wat ul doet, want ick niet wille ul

1128 4199 2189 138 laeten volsaen aen een ander segge aen vermolen alleen te

1118 4269 2248 112 schrijven, even wol wel ick niet dat mijne 7 packen in een schip

1131 4355 2242 121 gehefadeert worden, dat ick hebbe geschreven van samen te senden is

1135 4441 2174 72 voor sulcken packen als gevoogelijck can geschieden sonder op houden

3569 210 2430 84 van d'andere waerop het particulierlijck omdat de goederen hier soo hogh

3575 239 2452 166 noodich sijn wachtende morgen ul antwort van wat sal sijn gepasseert

3483 318 802 115 msterdam gesaerd rover

5323 345 651 136 adij 26 gber 1696

3583 353 2360 195 bij dulve van 29 & 23 deser geerne gesien wat in de tussel op londen

3573 460 2410 158 costij ul voor gevallen, waerin bidde gelieft te continueeren bij de minste

3568 571 2463 148 veranderinge, omdat ick voor uijtgaende van dit iaer noch al iet derrewaert

3576 641 2420 127 hebbe te geven, men heeft heden tot 35 85 en gedaen doch wenich alsoo

3567 684 2469 177 niet mant tot die hooge prijs geenne resolvere ick hope de verwachte brieven

3557 770 2413 195 van londen wat daelinge sullen causeeren in het op gebraght schip tot

3562 901 2376 114 denckercken van de hulle vloet ben ick godt lof niet geintresseert

3561 970 2459 124 mijnen visico sijnde tot rotterdam behouden aengecomen, soo het convoij

3559 1064 2441 178 uijt tessel naer hel noch niet is vertrocken, soo mache ick geen staet

3537 1124 2477 188 voor den eijlganck die goederen over te leygen, ick hebbe al watrisico

3545 1217 2475 209 van londen op brugge, ons convoij sijnde naer engelant vertrocken bestaende

3553 1319 2403 164 uijt 5 wel bemande cheepen te weten 1 van 98 is van 26: 2 van

3564 1391 2330 205 12:   van 10 stucken in somma onse heele vlaemse see maght

3546 1481 2452 160 ick ben daer al wat diep bij geintresseert en is hier tot 4 ½ & 5p. daer

3553 1616 2461 178 om geteeckent en soude costij daer wat laeten verseeckeren & 3 a 3 ½ pro

3544 1716 2488 139 ½ pr 6 provisie & 1 delerdere wint niet uyt om die commissee van hier

3554 1781 2462 146 te versenden men spreckt hier veel, dat de lotterije van enckhuijsen haest

3550 1867 2425 161 compleet is als mede die van olck maer & parmerende & wortonder

3560 1996 2437 126 somige gepreponeert s companie te maeken om een remathabele sonme

3539 2103 2468 121 in te leggen deralven bidde mij met gelegenthijdt kennisse te geven hoe

3561 2178 2446 130 het met dese 3 lotterije staet want wij willen wat haladeeren oftons

3540 2295 2463 180 ergers een fortune wilde dienen, & mets de voorschreven het profi

3519 2372 2456 182 =tableste sijn soo om het minste rabat dat sij aftrecken alsom

3502 2471 2503 179 de minste nieten die daer vallen ter wijlen in alle occasie naer groet. blijv

3467 2550 824 161 brugge raphael Coots

5396 2588 269 117 28 d.

3534 2635 2466 242 sedert mijnen 26 deser geen van ul en ter wijlen ick verhopte dat

3531 2761 2472 225 ons convoij van londen op weck was, wort dns van daer gedviseert

3545 2848 2338 196 dat den h. grave van bergijck sij selven alleen daer van wilt

3551 2932 2460 246 bedienen, sonder te gedoegen dat eenige coop vaerdije scheepen mag

3533 3057 2417 193 mede comen, het gene aen onse negotie niet wijnich preiudiueert

3549 3148 2453 192 de vrinden sullen trachten engels convoij te becomen doch mij

3545 3240 2399 205 dunckt dat dat wat spaede bij comt widdele tijdt seen niet veel

3542 3334 2467 210 apparentie die goederen voor kerblemisse hier te hebben, geleeft

3543 3425 2478 253 mij deelachtich te maeken van wat passeert sijnde noch gelaeden

3544 3533 2468 216 int schipt van Adriaen de rack A N55 met 6 quatten groene lakens

3543 3632 2398 208 bas wit kersije waer van nota gelieft te maecken ter wijlen blijve

3472 3691 885 137 russel Anthons rousseau

5586 3804 328 102 28 ditto

3547 3795 2446 210 en responce a les cheres vres de 20: 21 & 26 courant vous est debite pouy

3542 3854 2474 229 les ƒ100:- reccu du mesagier deAth, des: 2 de change receu pour le s 4 quitan

3534 3939 2386 203 £80:- payé vre assignation lordre du l S: le dum & £200:- paye

3515 4008 2466 194 S. dunsvalt pour vre lettre de patt. 1000 sur paulo bomberda il esta

3517 4123 2432 159 Amsterdam & antendu icy tout le iour j'ay laisse la letre a la maison

3508 4225 2408 192 a chose quil vient quelque fois en ville il ne rest quil peu de temps vous

3525 4263 1348 168 avek advis de suuvie, paisque ie suis
