7879 4606
879 115 2298 125 et n°53 a sereni0 g u at es langie op geit ick  lever

841 221 2412 140 No63 te wagen sijnde om de laken packen int generael verlegen boven

866 281 810 157 al voor no 64: 67: 68

2785 323 340 141 30 maij

573 339 1057 164 rotterdam abranm de bra

876 382 2364 191 in antwort aenden u.l van 27 deser seer tegen onse verwachting

883 516 2351 117 en tegen gewoonte hebben die van costi de voijagi van hul coot

875 584 2329 153 gemackt, vant mijn vrinden de montr kent die mij dienen

2301 672 275 70 als dan is

869 674 1513 150 schrijven 20 deser uyt londen, dat sij

2437 684 794 152 geen tjdinge hadden

870 800 2273 100 van het arrivement van de schop het convoije van costi tot sul

869 853 2373 129 oft sulcke nau een eacusie is en dat sij van mijn packen niet hebben

876 906 2351 139 doen laeden oft wat daer van 1s en can ick niet tedencken omdat

880 980 2323 149 u.l seght van mijn merck te vinden maer de nomsters niet

872 1053 2360 127 nochtans sijne mijne packen de eerste van al tot hul geweest, en

869 1179 2302 111 ben nochal in hope dat u.l eenige der selve sal gevonden hebben

883 1236 2301 112 waer naer seer verlange anders soude ick wel mallerens sijn soo

867 1316 2289 97 gedient te worden, oversulcke bidde morgen mij het gepasseert

875 1395 2376 135 te laten weten, als mede wanneereen convoije naer londen vertreckt

870 1456 2323 191 omdat een van mijne vrinden soude geerne medegaen, biddende

859 1536 1635 152 den ingeslotene gelieft voorts ganck te geven.

2732 1586 227 150 30d

594 1620 1063 194 amsterdam geeraert rovers

859 1712 2233 146 in antwort aen duwe van 26 en 28 deser ter wijlen uwe

850 1837 2326 120 de gecochte wollen met mijne geremitteerde £360 niet can betaelen

853 1936 2385 138 soo remitteere u.l ingeslotene £325: ten laet de wed. a fonterini 4 spniak.

2538 2002 120 88 voor

866 2047 2193 139 de rekeninge foute van tijdt noch niet naergesien de £100 st

858 2125 2377 143 soo uwe mij remitteert ten laste abraham naan a 30  5 ½ ae uwe

883 2188 2347 131 ten dancke gecreditteert, en sal van de voorschreve £360 peravontuer

845 2255 2348 150 door een den secunde, anders disponeren, der halven gelieft die brief

2905 2374 272 78 van costi

874 2326 2364 194 voor mijn ordre te bewaeren. tot hul waren 3 sa convoijers gearrive

867 2446 2373 140 ieder met 36 stucken waer mede voor mij eenige packen verwachte

860 2515 2351 160 godt geve sij een soo corte rijse mogen doen als die van rotterdam

867 2605 2225 150 de welcke int gaen en comen geen 3 weken en hebbe doende

861 2693 2374 166 geweest. hun arrivement verneme geerne, en wat wijders in de

870 2755 715 137 wissel sal voorvallen

2771 3169 237 142 30 d

597 3154 1137 182 london walter en willem kent

877 3228 2261 180 sence mij last toy ou ontfe 23 cout receaued yonos ƒ3 & 10d

887 3365 2330 126 have much worch to understand your expressions of the latter about ship

865 3433 2354 167 pinge att hull for Rott & that you hoard nothing yett of that convoy

877 3554 2306 102 & that there will be butt vere few ships y you will take in cloth

872 3638 2330 102 because they can not get men & what signifies all this the men that

862 3687 2351 141 brought the ships from rott to hull can bring them to Rott a gaine

881 3769 2298 121 the goods must not be shipped in english may be in dustch vessels hadv

877 3873 2354 126 you no notice of that convoj, how come so manney of your packs of your

860 3966 2378 105 mark of to arrive with them & not one of my numbers though my

853 4025 2336 150 stackes have been of the first att hull t'is of if you strided to

858 4127 2323 112 d'estroy my wharchouse, thatt convoy arrived att Rott 24 cur &

850 4220 2366 91 others shall have their goods & I nothing, I doe all I can to have my

853 4269 2364 154 goods timeley bought & you bhincke not to observe anney appritinitie

3489 186 2456 90 of shippinge though you had no order in particular tiss in gennerale

3474 264 2384 83 to losse no opportunitie of good convoyes & can a better be then 3 a 4

3469 323 2468 113 man of warr & when ever you magine a scrupule gett ensped what you

3483 402 2428 138 feare may be questioned & you so doeing for the best I'll alwayes allow

3473 487 2472 154 the ensusance rather then to loose good opportunitie of convoy & hon

3469 582 2400 122 wee can have no advise of beeng shipped I have I beleave writt 100

3467 700 2442 129 times & more not to venter above  £200:- in one bottem or 2 packes

3481 764 2413 152 one of bayes & one of kestes & nover a pack of cloth by another butt

3467 870 2490 112 alwayes cloth by itt self & 2 packes of white ware & yett you now sereple

3460 965 2412 102 & in Colthurst you did not so I say again 2 packes of white ware im

3451 1046 2459 118 one bottem & one pack of cloth in an other att hull,  to have omitted this

3460 1145 2461 114 convoij & if you ship butt 3 packes for Amst what will, become of the

3453 1245 2428 134 rest, therefore ship all what remaine for Amst, for god knowes

3452 1310 2446 148 when an other convoy should present & by that time must have more

3451 1432 2487 151 goods, I have much writting with you about that shipping & you forgett

3471 1501 2406 142 what is past & I am looser ly ist itt makee mee warde of the trade &

3453 1609 2468 118 this veces mee more then tis worth, what signifres 5 packes in aconvoy

3449 1682 2415 150 all my studre is to hate wish all opportunitie something b lott this

3453 1787 2434 139 before all times as I so often repeated the convoj from london is arrived

3452 1877 2391 155 att ostend proceed buyinge the rest of the spar clothes  ship with

3447 1992 2477 129 first for Amst or Rott as writt before principally of the clothes orderes

3469 2114 2431 90 12 curt I shall pay the £12 att 30 p I wish you had drawen £1200:-

3477 2149 2357 156 att that prize when ever you meet soo anhazard draw on mee much or

3468 2271 2471 132 litble inclosed £100:- on Abraham nathan procure the needfull gett

3462 2324 2437 143 the rest of my goods att hull by time & ship as best you can non

3467 2419 2432 143 they have so good convoy & sumer wheather so litt le feare loose nes

3471 2499 2336 187 op portunisie att london to sond a pack of spans clothes for holland

3455 2579 2465 182 provide the reds cottons flannels pack whithe  for the first convoy

3451 2675 636 209 for ostend I rest

5578 2799 244 121 iusy

3271 2793 908 179 London richard Southell

3466 2842 2323 228 In answer to your of 3 & 7 cur the convoy & ship from londen

3457 2974 2451 121 arrived att ostend, you have credit for the 3 packs sent there will

3456 3027 2478 169 buutt amonghst the spans cloths I cespeddeiore modish, att lales

3439 3131 2503 194 some of the as cullours & no so manney graye yett lett tle wanting

3452 3245 2406 171 ull be bought, though of 6 pence a yeard more then ordred & buy

3458 3323 2469 182 no more grayes for by your patt these look to broad mixt I exspee

3447 3407 2358 194 ted att least 5 pack whites EE yeall mach soo lett them be for

3451 3484 2474 167 the first convoy the flannels as alsoo the cottons for all which

3453 3624 2434 175 I suppox pou have now 5 weecke time. & hope that interim you

3461 3661 2438 210 markitts will be stored to your content & that you shall finde the

3460 3759 2443 161 same in thed nord yett convoy bange there now could wish part

3441 3844 2445 210 there of come there with therein pray doe all you can for there is

3462 3936 2460 202 3 men of warr for Amst & god be knowes when other convoy shill

3453 4018 2472 220 present inclosed remitt you £130:- drre 4 june in the Govonen

3444 4112 2466 164 of the banck in Engeland procure the needfrull & advise what pase

3440 4208 2208 204 for when shall have receawe your goods shell order more
