8182 4578
922 117 911 130 gent francois herrebout

2641 135 736 138 Adij 9 meert A° 169

1177 169 2203 151 in antwort aenden uwen van 7 deses ulles geconsidreert soo laet

1169 264 2218 185 de baelen galnoeten adroituer errewaerts comen par eerste beurtschip

908 285 754 203 brugge raphael Coots

1171 415 2203 185 sedert mijnen lesten van 29 past geen van ul herrebour schrijft dat

1167 475 2158 195 ul aen hem 8 baelen galnoten  at soude sende het gene ick

1162 567 2219 180 dencke ul niet sal hebben gedaen want dat sou te hoogh te gelt corpn

1153 682 2165 157 laet die costij liggen tot datter een occasie voor valt adroituer

1167 771 2163 117 te laeden ter tijlen ick hope, element de minck de sijne self sal

1156 862 2222 170 hier brengen s. mons tot ostende heeft mij comissie volbraght ende

1148 968 2231 148 voor d'oncosten van 13:9 wisselgelt ul mij gedebiteert soo hebbe

1171 1037 2159 156 ick dan diens volgens u gecreditteert, ick hebbe hier 2 packen naer

1169 1137 2197 140 londen te senden wat apparentie isser van convoijer om de selve

1162 1242 2086 180 vervolgens te expedieren ul antwort te gemoet sien blijve.

907 1247 776 181 brussel stechanus kints

3043 1362 156 111 9d

1159 1351 2174 191 naer wenschinge van eenen salige vasten dient desen om ul te

1156 1464 2196 143 adviseeren dat ick present seer wel voorsien ben van alle sorten van

1142 1578 2180 171 goederen soo superfijne als gemijne en principaelijck superfijn

1163 1652 2179 202 hollandt goet blouw sweert & carmosijn van de qualitijten

1154 1741 2168 189 gelijck ul op 17 sber lest hebt gehadt oock een extraordinair

1147 1849 2195 180 courieurs drap de berrij biddende mij te commanderen waer

1162 1985 2186 155 in ick u can dienen, de 3 lakens 17 sber lest aen geleveert

1163 2053 783 162 bedraegen court gelt

3024 2139 293 100 946:18:

1152 2146 681 134 voor 2 quitantie

2674 2148 672 171 ƒ 304„804:-

1154 2232 1080 152 18 d war remise op ondermanck

2680 2256 224 118 „900

1287 2303 1683 169 par 1 assingnatie op du chene 25 deser te ontfan„ 109:12

2734 2374 593 117 813:12„ 1813812

2619 2446 690 141 resteert ƒ133:6

1155 2447 2190 231 versoeckende de voorschreven rest van een hondert dtijendertich

1152 2604 2220 172 te betaelen Aen mons. Anthonij rousseau mij sal vrintschap gelie

3064 2719 92 108 do

867 2632 1126 188 brussel francois vanden heck

1138 2729 2130 201 wensche ul eenen saligen vasten en overvloedige neeringe ick

1144 2850 2233 164 hebbe heden op ul getroecken £ 20:- wisselgelde te betaelen Aen

1137 2934 2235 164 mons. Anthonij rousseau, dut versoecke gelieft hem het selve voldoen

1135 3023 2239 188 can het morgen niet geschieden soo laet het denaeste weke wesen

1152 3139 2093 149 en iets anders tot ul dienst gelieft te commandeeren die blijve.

3041 3224 155 130 do

888 3199 674 137 brussel henrij rijssels

2987 3248 84 135 9

1147 3253 2223 192 tis mij leet dat ick ul hier lest sijnde geen dienst hebt connen doen

1125 3393 2236 135 der alven verhope in betere occasie, hebbe heden op ul getroecken

1141 3461 2158 194 dersich ponden vlaems wisselgelde die ick versoecke gelieft te

1138 3577 2248 150 betaelen Aen mons. Anthonij rousseau en ul sal verobligerendies

880 3602 896 154 brussel Andries Aertssens

3036 3698 151 91 919

1135 3664 2220 227 wensche ul eenen saligen vasten en overvloodige benedictie ick

1130 3808 2216 171 hebbe veele versche goederen soo superfijne als gemijne van enge

1121 3923 2227 153 gecregen, het soude mij aengenaem sijn waert laken ick ul dienst

1126 3952 2247 204 conde doen overcomende gelieft mij te comen besoecken, oft iets noodit

1132 4050 2229 186 hebbende schriftelijck te commandeeren ick hebbe heden op ul vijstich

1139 4127 2219 192 ponden wisselgelde getroecken die ick versoecke gelieft te betaelen

1127 4202 998 164 aen mons Anthonij Rousseau

5845 169 142 124 130

4871 157 919 137 Adj 2 dMnn 1696

3406 145 631 186 brussel francus Jacobs

3525 241 2348 126 tis mij leet dat ick ul met mijne witte grijse lakens niet hebbe connen

3516 318 2437 128 dienien, ick ben met de selve nochtans genoch verlegen om dat hier soo

3523 418 2405 132 geen occasie voor valt om die te vercoopen, mijn hert was goet genoch

3515 505 2477 113 ul hier sijnde die te laeten, maer tis oock niet aengenaem dat men sijn

3513 554 2420 173 goet sonder profijdt soude levere, principaelijck daer het soo veel sints is

3520 705 2460 120 op geslogen en dese vanden voorgaenden goeden coop noch sijn, daeromne

3507 742 2433 189 can ul tot de selve occasie vinden ofte maecken soo is mijn versoeck dat

3516 866 2449 151 ul die gelieft te ontbieden en sal door eenen suren appel bijten, ick trecke

3511 951 2390 178 heden op ul een sondert ponden vlaems wisselgelde te betaelen op een u so

3491 1027 2411 171 Aen mons. Anthonij rousseau het gene hope niet qualijck sult nemen

3509 1140 2458 178 maer mot acceptatie verheeren, biddende mij te commandeeren in wat occasie

3507 1240 1666 175 het soude mogen wesen tot ul dienst die blijve.

3413 1253 801 174 brussel Anthonij Rousseau

5410 1284 124 170 9

3512 1337 2418 184 iaij les vre du 6:7 & 8 court il est bien que meerbeeck a paye, le plom ce

3510 1464 2429 193 vend iny 20 t cento ie pajeray vre traitte de £566:13:4 a faveur de

3513 1545 2451 161 mons. peerboom, si iount, ces traittes comme au piez de cette ie spere quils

3495 1657 2369 185 trouveront payement oij acceptation, vous les recommandent i vre

3497 1728 888 166 discrete cevilite ie suis

3673 1785 1155 186 sur Jan Jonaers £54:9:4

3672 1890 1136 141 sur henrij rijssels . „ 30:-:-

3666 1991 1703 157 sur Andries Aertsens „50:-:- de caeicuy

3642 2058 1183 170 sur francois vanden heek„ 20:-:-

3643 2125 1046 177 sur Francois Jacobs a uso „ 100:-

3644 2241 1656 161 sur stephanus kints „20:10:2 ƒ 133:6 court

5175 2396 423 145 9 mens

3414 2354 1190 210 Brussel e wenter van dhr

3479 2539 1572 145 aem gerams aert con

3391 2619 732 141 brugge raphael Coots

5359 2627 251 142 10 d

3435 2649 2472 271 sedert mijnen van gisteren den uwen van den selven dato ontfangen

3492 2818 2453 193 en voor d'oncosten op de 5 packen ul gecrediteert, wegens de galnooten

3485 2892 2438 204 hebbe geen abues ick sende ul ingeslotende cognossementen betaelt de

3485 2969 2429 189 schippers vervolgens want het is door de maistre self van verandeert

3468 3093 2494 197 Jan win die de alepsche baelen gebrockt heeft als sijnde clijnder al d'ander

3487 3172 2436 159 moet maer ƒ3:- pas bael par vraght hebben en niet voorder als

3495 3264 2410 191 tot brugge gebrocht worde, soo is het onnoodich die sale naer londen

3492 3358 2389 208 te renvoijeren der alven betaelt hn naer behooren en ter wijlen de

3486 3459 2460 181 munck sijne tiene naer gent gevoert heeft en daer heeft moeten wesen

3494 3560 2457 193 en met hem soo sijdt geaccordeert soo gelieft op sijn retour d'oncoste rekenin

3466 3648 2470 181 ge te maecken en mij toe te senden hebbe u trato van £100 verheert

3483 3716 1910 222 doch uwe seght niet met wat avance die hebt getroecken

3395 3819 633 154 Brussel Peerre Lion

5479 3827 154 166 40

5267 3897 178 100 ƒ12

3493 3853 2417 245 in antwoordt aen uwen van 10 deser, terwijlen de saecke van vallyn soo gestelt

3479 3972 2431 158 is soolaet dat werck berusten sent mij sijn lillet wederen, en can ul don

3484 4123 2432 152 costen van hem niet becomen, soo can ul die met gelegent heyt

3475 4174 2392 219 by mij weten ontfangen agouverno naer gooet enis

3473 4289 274 162 blye
