7586 4615
1058 443 2048 166 checomioet cullour which I must want in

1088 556 2052 173 fine of 15 a 16 p whoever inelosed some to be

1077 652 2009 168 bonght & added by formar orders, wee kane no

1104 776 2162 152 news from the hull convoy for Rott Ihope

1096 860 2076 185 they are in some good herbrow in Engeland

1113 970 2125 186 chose from Rott are vere onfortunate in the

1093 1088 1941 188 de convoyes from hull & wee with them

1094 1199 2070 213 inclosed bill of ƒ 198:18:2 a 99 ½ en on

1109 1338 2130 193 thomas bouwens p rocure acceptance & returne

1089 1489 843 181 mee I wishe you

2863 1624 342 148 8 Janu

1031 1637 975 202 onden Richard Southell

1067 1707 2168 232 In answer to yours of 9 gber & 4 past, you have credit

1075 1844 2187 194 for the cost & charges of the 2 packes N1 & 2 arrived

1043 1947 2131 180 from hull att Amstm, you xbeinge my old friend I

1055 2058 2090 164 must tell you, that in sendinge lanney accompts you

1799 2156 187 83 them

1063 2164 2155 162 should the make up in a purticular paper & be

1062 2254 2193 184 alwayes punctuall to send compleats accompts as well

1073 2356 2122 192 of goods from london as hull & not dilaye till you

1076 2409 2195 212 have the charges from thenee because Iyon ought

1079 2560 2125 174 to know what charges rise there as well as r

1075 2673 2133 145 kent & others as also that wee paye not one

1040 2790 2196 152 ferthinge more for port of letters though 2, 3

1044 2850 2137 232 4 a 3 invoyces were n meluded. I amsorry these

1036 2952 2185 241 goods lye froven att ansst, so that they can not

1052 3044 2199 193 serve my turne this season yett those of Rott

1079 3181 2195 195 not so happey for wee have no accompt where they

1061 3279 2101 202 bee. I hape you have sold my tykes by this time

1069 3361 2166 219 if not spray make an end bhere of att prise curs

1079 3470 2201 194 insuringe the debts as formarley proposed, & for

1086 3631 2183 148 my remboursement you may send mee when you please

1102 3703 2157 158 5 pack whites E E yeallow marke when you mest

1068 3774 2162 193 them ure good, white, without bleu streepes, for

1056 3898 2239 171 they can not serve mee except they be fit for religions

1048 4025 339 144 habits

3607 345 417 131 dn t

4657 399 691 183 1695 b jauw

3335 435 771 233 Amst geloer

3348 546 859 211 mijn heeude Cosyn

3344 590 2112 283 cedert den en van 32 passato hebt het vrisen soo

3355 672 2247 255 aengehoudent dan geene hope is om ons van onde goederen

3352 776 2112 266 dit gesoen bedienen soo blijft de soorge van die wel

3373 889 2133 230 te conseren in bevolen tot dat het open water

3382 961 2178 246 wesen t biddende daer op te letten dat ick van het

3396 1080 2216 216 recht n fransito niet vervalle omdat soomighe

3392 1141 2034 258 vrinden oordesen daer in hebben gemankeert

3393 1270 2215 238 versonde ooyders in antwort deser een oncost rekenig

3369 1362 2261 246 over ne drij packen te willen maken ende aen my

3354 1461 2133 248 die toesenden benetfens mijne rekeninge corant

3345 1579 2233 209 omdat halordinano met het eijnt van het gepassert

3368 1678 2163 270 Jaer sijne bocken slujte ende ballansere ende om ue

3360 1778 2299 231 insende van de voorschreven reke niet te verinderen

3339 1892 2274 236 soo racht die van de onkosten te naesten bij mogelijck

3360 1983 2301 223 en nt het min oft meer sal komen te hoelen sal ve

3327 2100 2293 204 in denaeste reke. mogen redreeeren als mede wegens

3348 2199 2151 209 dat an eurmain op dat ick niet moet wachten. de

3343 2285 2267 224 ingelotene versoehe cito voortsganck te geven. wij sijn

3329 2364 2363 240 verggen voor het convoey van hus op rossterdam hope

3327 2478 2281 241 3:8 in engelant in goede aven sijn als mede de schepen

3352 2599 1060 258 va spanien verwacht

5074 2592 297 215 Ant

3310 2731 815 244 Corryt wed. causse

3372 2845 2268 220 naerdat ick met mijnen lesten brief aen u liden stalen hebbe

3365 2905 2254 298 elonden van hollansche bluve lakens hebbe ick van ulide

3362 3034 2193 262 geene antworde, becomen sedert is godt tot het out jaer

3373 3068 2339 319 gleyndight ende het mon begonnen het wi ick pliden beneffens

3328 3203 2418 309 uiden geele famisie seer voortsgoedigh ende gelickigh wersche

3337 3309 2418 266 met alle sorten van benedictie ende contentement vermits

3339 3396 2408 278 ick llaerelijckx gewoon ben mijne bocken te sluyten soo

3344 3520 2362 261 bende ick ingessoten alden rekeninge corant begont 3o

3349 3587 2403 296 suni leet leden als wanneer ick ulide hier reke. corant

5645 3771 136 77 9b

3349 3664 2443 302 te samen hebbe gesonden waer van alde mij als dan schulde

3349 3828 2425 255 bleef £69:7:10 ende nu is ure mij schuldigh t413:88:5

3351 3902 2401 303 vot wissel gelde het n vervolgens gelieft te noteren

3315 4005 2469 295 ende wanneer iets voor valt wanneer ick u liden kan

3348 4091 2437 298 dinst doen soeke pliden commande sal in alle occasie tract

3350 4287 918 162 liden wel te dienen
