7579 4618
3328 279 2314 184 seders dat ick het gelijck hebbe gebedt ven ie wen bief

3396 458 2317 142 voorschreven hebbe ick destelanger gewacht te antworden

3404 547 2235 129 op hope van iu te vernemen wat eliden met 3 fransen

3394 629 2174 130 soude hebben geesectuert wegens de packte van mijne

3399 719 2296 133 bemden ende vermits dat werck wat verve verlopt te meer

3398 820 2271 148 alsoo sijne ure nu is geexperert soo bidde met hem over het

3380 868 2214 176 gepasseerde een eijnde te maken en midderlertijt op luytteren

3366 959 2356 171 wat best te doen in het versueren der ben den tegens den aenstae

3359 1053 2336 178 inden tijt biddende ue andermael mijn intrest als eygen waerte

3370 1143 1826 137 nemen ende met £ fransen een eijnde te maken

3342 1248 762 214 bredael Caurej ka

5239 1315 335 164 dbass

3474 1382 2133 192 ue brieven wel ontfangen & hend her meertse heef

3398 1516 2090 116 oock de 2 lakens ontfangen, soo moet ue nu sien

3401 1592 2197 170 door te wercken op dat met open waeter naer leyt

3418 1686 2099 180 gesonde worde seynde ue niet flor ƒ70: waer

3375 1778 2229 215 van den ontfanck de naese weeke gelieft te adviser

5159 1935 190 182 8d

3339 1926 578 208 brussel smmet

3348 2056 2226 161 Dbijue van 6 deser heden onitf. bedancke uen voor in

3358 2197 2207 141 t oede wensche casfatn ewensche a tselve reprokelijk

3348 2255 2211 143 Brussen en Januen & V. ick heb my geheel packhuys

3348 2384 2046 139 door st maer niet een laken gevenden fijn off

3231 2435 2350 200 ggen eyn nem. stael gelijk, soo dat suk descrayf

3360 2558 2255 156 n daer in onde candin, jmt den verst liggen alle

3339 2629 2175 170 meest alleons goed. tot brugge en in hollant lest

3350 2780 2178 124 tearriveert bevron ick soude ue mijeslote in

3347 2821 2314 177 reb courant by decwelle y mi sculdich blijft £902:9:9

3302 2926 2273 178 issel geede twijfele niet oft ue taldaccord bevinden

3326 3026 2267 185 enpnt glloove niet het mine jaer e oock eerinden

3318 3089 2322 186 als geeft soo hepe int cort de casse soo over vloedich sull

3307 3267 2296 124 hebben dat ul van een ierkelijk some sal mogen

3258 3337 2008 164 disfaene, develk verlangete vestaen en blijvee

3248 3425 1284 150 Brussel wed Vanderbercht

5340 3624 50 47 l

3320 3553 2338 196 ck heb op 12 aug 1693 aen mons vander borghtt v

3306 3674 2314 155 nes terhant gestelt, en hebbenwj aldan gesloten dat aen

3286 3768 2288 169 2 mij tee goet quam ƒ902:15 ¾ it gelt, iugevolge ul ue bij

3265 3877 2243 147 de imgefleterfe aewijsen daer biy gevoeght geneeseden

3287 3971 2358 167 gelevert en betaelt is soo blijft icn nu p rest sculdech ƒ996: b

3218 4096 2385 122 't gene niet en trijfeen oft ul sal soo daccord vndle

3224 4177 2370 151 tgedenckt mij wel dat ick diere had sae veel ponden als met

3391 4249 655 119 valdes te lever
