7627 4604
2494 155 601 185 28 feb 1695

505 187 935 177 Leyden geerd Bromans

757 243 2410 186 den ue van 11 deser op syn tyde ontfangen & t sedert van die

750 402 2460 133 swerte lakens noch niets vernomen oock wist den voerman aert van

737 476 2426 180 gorp voorleden weecke, daer niets van te seggen over sulckx moet ue

742 570 2485 176 informeren waeraendat haepert & in toecomende goede sorge dragen

760 692 2400 127 van prompte expeditie met het opengaende weder sal het nu tyt

761 784 2419 126 worden om d'ander goet gereet te maecken & de mij toete seynde gelijck

752 887 2359 108 voor desen geschreven maer ickk staen verstelt dat ie seght de loyen

759 987 2466 95 vande lakens afgedaen te hebben dat magh ooch niet geschieven

757 1030 2475 126 want ssonder dat men hier de looden can teonen, can men het voor gaen

755 1137 2425 112 hollants goet vercoopen, wie heeft ue dat in t hooft gesteken, de

785 1221 2459 117 looden vande lakens te doen, datt is immers seer qualyck gedaen ick hebbe

757 1330 2457 125 ue geseyt dat ue het loot vande lenghde soude omvouwen dat meu dat

764 1394 2407 148 niet en siet dat is maer voorde officieren van s Coninchx comptoir

769 1486 2370 161 om dat sij geene calculatie soude macken bij de longhde wat t stuck

776 1546 2448 186 weirt is, sy moeten alle de lakens segelen, snyt daerom een ejntien

759 1659 2412 125 vandeleyst in tmidden van stuck & laet dat 4 uy thangen om

772 1753 2354 143 bequamelijck een loot aen teslaen, maer dunckt dat ick mey

756 1821 2470 187 genoegh gaplieere & ue dat genoegh behoorde te verstaen adviseert

762 1902 736 125 wat passeert blijve

521 1980 1057 181 Londen Wall & will kent

2743 1999 258 159 28d

771 2058 2462 180 sence my last of 21 cur recd yours of 8 ditto, with bills of loadiss

794 2234 2438 111 of 5 packs shipped, which I wish were safe att ostend, & I would

761 2285 2459 179 not venter so much in one bottom, onles you have a good kufficient

789 2395 2359 113 english convoy for our of ostend is not to goover so soone,

777 2505 2408 161 & there is severall french capers out & areso bold to take your

772 2566 2475 156 ships att margett rout, so pray becare full & procure good convoy

777 2705 2413 139 I hope you shall gett the 2 packes N2 8 4 att hull aboard

797 2752 2400 133 & some kersies for mee, there is att Amst  N107 wants a

781 2877 2401 143 Mmaster, pray if so lett mee have itt what ever itt be bayes

759 2954 2411 169 kersies or cull cloth when my orderd hre compleated insend

780 3060 2398 131 to desist a little till you advise mee that markett are well

767 3112 2416 188 supplyed with fresh goods, for I suppose manney good are

783 3253 2371 113 made & for want of beeng not milled & dressed can not come

805 3334 2350 111 to markett so as sone so as you shall advise mee, that I may

781 3446 2335 104 buy good cheap shall send you large comittions as well in

797 3514 2396 140 london as itt leeds, therefore advise from time to time what

797 3582 2416 178 passes, inclosed p 400:- a55½ en st £ 92:10:-op samues

806 3704 2403 140 Thepeard in london due 10 march, your stile this day procur

799 3758 771 154 the needfull I rests

2949 3814 153 96 mo

2923 3855 324 127 meirt

549 3813 1381 206 leuven Adriaen Everaerts

800 3903 2370 195 in gevolgen den ue van 25 pas, seynde ick ue heden ge bode

808 3994 2279 194 allemis het superfijn flouw lakn  de 2 modecoleuren

814 4090 2245 169 als by de onderstaende facture het blouw laken is een

794 4168 2340 215 3600 & dat can ick soo goeden coop niet geren, maer alsoo

793 4256 2343 191 ick beter wille doen in ue absentie daee ofte ue selfs bij wees

807 4366 2331 134 soo hebbe ick dat gestelt het aldernamste alles in

3455 170 2438 100 hooghgelt te betaelen tgene veele differeert aen wat men

3455 242 2416 119 voor desen gelackt ick hope het sal tot ue contentemen

3451 356 2394 72 wesen, hier hebben desen winter geene baeyen ofte kersyn

3455 380 2457 162 geweest, oock is daer inde winckels niets te crygen, hebbe by 4

3464 477 2369 132 de principaels te alleenelijck eenen lay van @ 16 gevonde

3445 584 2463 117 die maer heel gemeyn is & willen daer voor 14 st delle

3456 656 2535 166 hebbe ue gelieft daerme de patientie te hebben tot dat ons goed

3454 766 2337 189 uyt hollant arriveert, wegens ue voorgaende schult bedraeght

3491 848 2462 202 ƒ 202:13 synde voor het blouw laken op 2 glet laest

3457 944 2505 173 ue gesonden ick hebbe geene occasie op ue te trecken soo can

3473 1018 2475 213 ue mij dat met den bode seynden naer onder gewoonte iedts anders

3454 1158 2005 185 tot ue dintt voorvallende gelieft te commanderen

5448 1352 515 156 3 meirt 1695

3251 1314 1061 230 LLonden richard Southell

3451 1440 2403 228 In answer to yours of 12 past I am sorrj I did not order you

3446 1593 2525 189 positiveley to buy more kersies for mee, which might have come

3440 1726 2453 170 by the present convoy att hull for Rott now that beenge

3461 1773 2465 209 to late shall be towards may next, when jiudge that all shorts

3441 1891 2528 218 of goods will be plaintie of which I shall exspect timely your

3450 2009 2522 145 advice intendinge to inorder 100 p, with apartie of white bayes

3472 2135 2510 135 in the meane whill exspect from you the pack whites EE palloaw

3475 2203 2428 191 march by the first convoy for ostend & when your markett is

3476 2285 2466 215 well supplyed with white flannels & devoushire baeyes, buy for

3453 2387 2522 194 mee, 24 flannels of the broadest short sort, from 14 to 20 pence

3472 2517 2439 166 a yeard, most about 15 a 16, & few of 18 a 20, ad there by

3471 2621 2470 204 4 swanskins white bayes oft the best that are to be had, &

3475 2727 2442 187 2 f fine redlist devonshire bayes fine & white for all this

3479 2802 2501 231 ware is to be sold white & their whiteness & fining spinninge

3462 2928 2372 262 puttt them af, itt beinge for a twall because I want

3481 3031 2320 246 yearly houndreds flannels, I am of your opinion & thes

3490 3143 2478 188 certaine, that little goods are made or drest by reason of the

3468 3248 2442 198 extremity of the weither, & therefore I will rather th delaye

3475 3366 2508 204 the longer, till marketts are well supplyed of such goods, & when

3481 3469 2467 201 itt shall be time to buy white cottons advice mee that I might

3489 3575 2458 196 order accordingley, what packs so ever I order lett them bee wrap

3479 3671 2440 172 =ped with a white cotton of 20 a 21 pence the goad, & this

3476 3758 2429 187 order to be onee & for all, if a convoy is t comes from london

3491 3853 2467 233 for ostend by this, & 2 a 3 wecks, as easeley itt can happen

3488 3960 2432 196 with militia of th or the like, as now there is one arrived, &

3489 4070 2351 186 that you can meet 20 a 25 white kersies in london that

3501 4157 2426 167 are vere good & broad 30 yeards lett ne buy them for mee

3491 4261 2410 189 though you must bestou 1  a 18 pence a 2s dearer then

4540 4331 1279 136 le lacke would be so of a convoy
