8214 4637
2549 160 757 127 Adij 12 Julij 1686

912 159 637 135 brussel Ansillion

1166 198 2183 157 en responce a la chers vre du 9 courant ie ne pas de draps a vre

1157 309 2230 122 eschantillion ni de fin ns de gros en d'autre occasion commande lebrem

2859 378 277 118 13 ditto

876 361 830 171 perl, will van hove

1165 453 2159 120 sende heden ul par wagens de 2 lakens die ul hier sijnde de voor

1147 575 2196 104 gaende hebt gecocht verhopende deselve tot ul contentement sullen

1142 623 2168 110 wesen en iets anders voor vallende commandeert liberlijck die naer

1142 723 2133 119 groeteise gelyck ben doende aen jenff de nwdner maer

1189 779 383 124 blijve

2859 778 306 128 13 ditto

876 823 1351 196 mechelen Th: gelis van couvenbergh

1165 906 2089 197 den ul van gisteren ontfangen beneffens de notariale acte daer bij

1151 1023 2214 121 vermelt de welcke en noodige procuratie van Dh. Elias noch heden

1155 1106 2140 164 naer brussel meende te senden, ick hebbe daer seer goede kernisse

1162 1233 2151 137 en al wat gerequireert wort tot de vernoederinge sal genochtaem

1157 1301 2152 139 besorght worden: doch ick hebbe goet gedacht als vooren desen ul

1156 1411 2114 124 noch eens te schrijven, sijnde mijne propositie, te wete dat ul

1133 1474 2174 165 gelijck uijt ul eijgen mottiet dh. hilma eens wilde gaen sprecken

1163 1590 2189 126 hem seggende dat ick ul hebt laeten weeten dat ick die goedenisse mij

1155 1657 2195 107 hebt laeten voortsgaen, omdat de monbaer van mijne knderen

1152 1753 2233 138 die partije wilt behouden het cost oock wat het wil, en alsoo de min

1144 1863 2077 89 nutie van de vernaederinge is gedaen om heinne moeijte niet

1169 1926 2139 147 ongeloont te laeten, dat se die bemden dit iaer soude genieten

1166 2024 2105 149 en daer voore geen andere hier betaelen, als de costen alreede

1142 2107 2130 166 geschiet, ende de lasten die dit sijn gevallen, oft soude comen te

1147 2185 2124 152 vallen, soo daenichlijck, dat ick niet anders soude profiteeren als

1167 2302 2127 101 de 10 pattacons, die ick hebbe ontfangen voor dit coopende iaer

1167 2373 2189 125 en dat daer mede de lake in staet sae blijven gelijck van tevooren

1151 2450 2232 153 ende sij hun alsoo vergenoegen: soo uwe soo dit approbeert, soo gelieft

1165 2548 2171 124 het te effectueert als ull u eijgen selve geinclineert tot dh. hulma

1160 2644 2115 122 uijt mij approbatie die ick ul als dan sal toesenden, doch vint ul

1173 2708 2115 162 sulckx niet geraeden, soo laet mij citto weete, op dat geen voorder

1159 2774 2105 168 tijdt versuyint en worde, ick susponeeren de origineele brieven

1153 2867 2155 165 aen souff hul ma gegeven in ul handen sijn, ul antwort hierop

1166 2942 1262 178 op spoedichste verwachtende blijve.

2894 2987 287 170 13 ditto

887 3039 974 146 Cortrijck soult de wed: Caussee

1159 3097 2189 155 in flangen tijdt heer niet gehadt van ul comnande het schijnt ul mij

1149 3191 2174 127 teenemael verget, het geene wel anders wensche, niet tegenstaende ick

1155 3270 2136 134 verseekere ul dat ick altijdt even promt sal sijn tot ul dienst. mijn

1168 3334 2155 162 ouste soon een seer iongelinck van 15 iaeren soude ick geerne de

1155 3438 2161 109 trance tael laeten leeren, sijnde een student die te bamis inde

1150 3507 2177 117 de sehoole gaer alwaer niet als lattijn wors gedriteert, ende de

1161 3580 2168 121 rechte tijdt is om sonder incomooditijdt het feansleerende de studie

1141 3643 2221 162 te voordere soo is dat ick van ul versoeeke gensormeert te sijn ofte ul

1150 3731 2231 158 geen goede occasie weet om het sij in een conviet te woonen ofteremant

1152 3802 2227 161 anders eerlijck mans huijs daer ick de costen geerne wel wil betaelen

1144 3901 2226 122 en op wat manier daer een parmissie is te becomen, en alsoo mij hus

1163 4002 2155 127 seer veel is aengelegen soo bidde mij hier in behulsaem te sijn soo

1168 4088 2199 158 veel moegelijck it en ul advies te laeten toecomen par eersten, waerep

1163 4161 1404 149 mij verlaete en naer groetenisse blijve

5209 183 754 143 13 2aly 16969

3416 169 875 152 Brussel Anthony Rousseau

5649 256 243 108 ƒ1

3499 249 2469 188 Mons. i'ay les cheres vres de 20 & i1 court, la premiere portant l'extracet de

3520 419 2386 93 ner compte vercfie sur le vre, mais ie vois que les mots de provision  pas

3518 458 2449 155 l'inflivence come nous les avons accorde l'aince passie ae

3497 535 2425 162 autre a u. ie n'ay pas a present de mots francois assez solides, pour vous

3504 637 2450 139 asseurer serreusement de l'inclination & respect que iay pour vre correspon

4631 714 132 80 en

3509 753 2400 153 dance, que ie ne veux pas contradire a'aucune chose que vous me comanderez

3494 810 2427 137 en ie regard, n'ayant pas eu de temps, i'ay rectifieray les erreurs au prom.

3495 897 2426 164 procurerez le nccessaire nour vre remise de £40: a 29:2 sur Jen bapte

3484 975 1347 206 van praet, ie suis de bont, mon coeure

5112 999 709 194 13 July 1696

3404 1123 2524 243 u geschreven aen Jacob Cornelissen vercanteren om huekenr j tatwe

5277 1238 262 184 Ritto

3505 1295 483 140 Aen t Backe

3508 1401 610 200 Rtt Weelravons

3402 1470 123 152 liste

3486 1474 2461 188 Morns. in antwoordt aen uwen van 11 deser ick sende ingesloten uwe

5654 1585 209 74 est

3497 1630 2440 152 en. waer by ul schuldigh beyft ƒ 268:1 cour, en als ick soude corten

3498 1691 2440 204 a laeckns en 2 a flannellen ƒ 5:10 soo soude ul noch schuldigh sijn

3524 1786 2411 225 ƒ262:11 dwelck op ul trecken sal soo ul begeirt tot voldoeninge van alles

3479 1878 2411 208 maer ick versekere ul dat ick mijn tenen met niemant hebbe ick ge

5167 1973 412 76 en pretentil

3508 1976 2389 215 houden oft te doen gehadt, die soo veel centradictien, maeckt, ick gene

3498 2090 2426 202 ul mijn geet bij naer om niet, ten niinstn voor een teenredelyeke

3498 2189 2448 202 cleyne koinst, & dat alleenelyck om ue calandieginge comie content gelt

3482 2311 2457 171 ul moet weten, dat ick noch mieer calanten hebbe die coatant betaeln

3482 2382 2434 199 hebbe gisteren heden wel 5 partijen voor contant gelt vercocht, maen

3472 2489 2429 197 u daer wert met gesproken van 1ps beeerten ick cortwel 6 pp

3472 2601 2392 188 dat is te seggen, dat ick u mijn goet wel bp 2 en meer beter coop

3506 2663 2413 263 geve als aen een ander, & dan noch afslagt om een stopsel, lapper weder

3478 2815 2408 170 senden, soude ten lesten coopman voor niet wesen, ue wilt hebben dat

3480 2874 2437 204 ieke staelen senden, & den prijs opt alderminste dat het niet aen ofte

3474 2992 2450 259 dingen en is, & als ick dat den, dan gelt gij noch 8st p a afdirg

3483 3086 2415 239 p dese maniere en conmen oy saemen iet meer handelen, des mettag

3478 3189 2432 264 staende sal ick u morgen de 4 spaense laecken afsenden te betaelen enge

3477 3291 2441 228 volge de medegaende facture, en soo ul die daer voeven niet aene

3481 3401 2452 244 staen aet die net op packen, & wedergesonden veeoden gelijck ick u die sende

3482 3526 2386 190 vant aen prijs met een duyt can laeten rabatteren, n°:185, en n°:133

3480 3633 2391 184 is eenen poys & een t selve culleur, oder n°137 is ƒ3:7 contantgelt

3474 3717 2399 168 vercoolton, & voor 135 oirt ƒ 3:5 noch entant voorgeboden n

3492 3791 2395 216 can ick voor mijn goet hier meer maecken als bij ue, daerom soo dit ul

3496 3884 2384 217 met een en staet, soo sal ick geen geet mijn hevn meet senden, ten si

3484 3996 2383 216 ul het selver comt uyt soecken p bedinge want en denene gelict

3475 4095 2428 190 icn dat doen can de negoeie niet in staet blijven sijnde seerwel versehert

3490 4172 2368 201 dat ul niemant daer vooren candienen & nammeert het selve binandere

3476 4304 1947 177 sult het merckelijck beter coop vinden waer neede blijve
