7752 4595
2435 156 658 131 28 april 1695

639 150 978 169 Londen Wall & Will Kens

875 196 2336 209 sence my last of 23 cur 16 posts come there with yours of 19

866 316 2334 149 22, & 29 past 12, 5 & 9 ditto that retardement causes a great loss

884 383 2344 170 to mee, beause I have much monney on hand, where with I did longe

866 463 2295 176 to make an imploy of the lowest ex, which I shall have

885 604 2313 130 missed in case the exe will rise, as nith the 2 last posts itt hats

876 662 2341 156 don, imelosed  £200:- on thomas boules procure the needfull

867 747 2306 239 I take notice in gennerall that all goods are deare & seareie, ho

885 863 2246 203 with you, they are plaintie plentie & extraordinaie cheap

884 931 2351 215 here I am sure wee can sell vere little as long as mr gansacker

881 1070 2306 156 is provided, he receaved with the last convoj above 30 packs

871 1133 2334 175 & blew grayes as I often writt for enouf, flannels in abandance

894 1245 2251 169 & all is all readdy, sold, that I doubt he hath no more left

721 1330 2504 198 & you make itt clox difficule to mee to compleate my small com=

881 1428 2331 173 missions & others receavey goods so plentie, yett I must beave

889 1538 2322 166 all to your minagement & hanke you that you will throuw my

878 1609 2197 152 monney a way, lett the reds there, bill about  or

870 1704 2234 149 when you finde that comoditte to content, buy then an

874 1777 2360 176 assortiment of 20 demie p viz 4 of about £9:-, & of abour

883 1893 2330 187 £10: -, 4 of about £11:- & 4 of albout £12:- the whole

894 1974 2293 154 as also an ossortiment of 50 white flannels from 15 to 18

842 2085 2276 191 pence 2 packes each of 13 dermie whise cottons from 20 st

899 2163 2205 170 24 ience a goad must about 21 a 22 pence 12 swancins

857 2292 2435 124 white bayes halve of the green streepken & half of the broader

861 2344 2433 190 sort with 6 devoushire bayes red lists white & fine, though not

889 2449 2343 157 to dich thich, 10 pack whites EE yeallow marks, there by the

913 2548 2232 145 60 span clothes ordered 14 cur is what I much recommend

888 2651 2257 152 to your partienlar care, to buy & provide when you see the

870 2694 2401 219 marketts better assorted, & those hasty buyee the sto maclfalled

865 2812 2369 155 & as soon as you have anney thingh readdy to be shoipped for ostend

873 2933 2384 164 yett you have time enouf, may & June, except the span clothes

879 3014 2298 148 wart where of I wish could come with this convoy desdreinge

924 3109 2312 122 ou not to ventor my goods with transport ships except the convoyes

899 3200 195 84 have

894 3191 2309 136 are order to take care for them, in the nord must be bonght the

876 3284 2359 142 soo kersie ordered & 50 more when you shall iudge itt to bee best

879 3410 2308 125 time to buy them goods as alsoo another pack to containe

879 3475 2292 142 10 white bayes of 4„7 a 48 s 10 of 4ols, 10 of 4 a 35a &

873 3551 2346 138 10 of 29 a 30 d to be send to hull, if my last be come in time

875 3652 2403 158 so exspect the 12 northrens made un in halves if not lett those that

877 3740 2325 136 are designed for hull be made up in halves toilletted & made up in

887 3808 2313 187 pan lenghte not broad foulded rakende de E5 geel maerck cantgij

871 3894 2416 186 niemant hrijgen die die maecken kan maeckt een proeve van u worrt

902 3968 2358 207 volck en sendet aen mij soo het maer ratten en can soo sult men daer

877 4037 2399 164 laeten maer het moet het self merck wesen om dat ons geestelijck volck

892 4108 2379 169 geen ander en begeert coopt eenige spaensche laeckens naer het ingeslot

888 4195 2394 153 stael van ƒ6 tot 8. wegens goederen te laeten voor u rekeninge en comst

898 4271 2090 140 derick ick het protijdt niet maer te senden wat ick niet en ordiner

1278 4295 2001 162 want de geel coleuren vant voorleden iaer, ende peerle colley

891 4378 278 78 begeve ick

733 4372 70 89 d

893 4396 1372 80 van dit iaer en san hier niet vercoopbaer

5010 150 580 144 27 aen  95

3289 145 740 182 Brussel Brusseau

3576 263 2369 141 an madernien dhier twlaen dee nen dato piur

3417 369 2562 176 Eqnon gben macrd le £1o0 en imlettre gspere quivens

3466 513 2505 127 cobendre endenx cam deie vans al marije a hier

3472 586 2494 124 a scaveir £500 nr moy sur monnom dt laun ƒ500

3470 682 2454 180 surle noua maser anna bouvens iela meseret

3449 800 2536 145 fort aggreable. ie peurent  voutire pende pas

3465 901 2469 132 cobtenur auuse pate nee quen le farten

3463 967 2502 149 miene qm de nd vie oftdae aveir, fat co

3473 1121 2355 115 deus fooir ie vendvois en 2 nesiussil m

3448 1157 2492 201 landrat paper las frater denirlettre behange

3475 1272 2508 202 sre londres vanlt fort range en vl

3502 1385 1123 184 30:9 geremend hy

5021 1444 404 181 23 aull

3266 1506 723 170 gent pater mesthout

3501 1549 2388 195 in antwort aen den uwen wete wel geseght te hebben, de arsijeen

3495 1685 2479 162 te leveren a 30 gl het stuck, en dat het crimpen niet veel comt te bedragh

3488 1748 2502 215 want het crimpen maer 8st: voor ieder stuck is, maer het perssen van

3498 1837 2407 207 ieder 20. m om dat alles daer te laeten en om het gelt van sijn

3499 1963 2475 167 eer werdichijdt meer te hebben en int toecomende malcanderen beter

3499 2021 2477 175 te verstaen soo sal ick mij met de gepresenteerde tn mij vergenoegen

3488 2079 2474 189 in voldoeninge van alles biddende sijne eerwerdichijdt te lestellen

3512 2151 2469 226 aen de bode lenaerts brenger deser, en als uwe sal gelieven over te comen

3497 2251 1787 169 sal divoire doen beter contenment te geven blijve.

3282 2334 979 157 leijden hendrick herremans

5076 2368 344 157 28 april

3506 2429 2414 243 in antwort aen den ul van 26 deser hoe eerder dat mijne loeckens

3505 2552 2456 212 erwaert comen mij aengenamer sal wesen, laetse wel porssen. ende

3488 2598 2490 278 met op doen en lendt de 3 swaerte in een paeck maer dat blauw is niet

3486 2685 2454 219 wel geverft daerom soo die verver dat niet epdoen, ende maecken

3495 2793 2486 232 dat het op sijn violets treckt volgens het stael dat ick u gesonden heb

3492 2863 2464 246 soo doet het terstont swert verven want sulcke doode blauw can ick

3504 2952 2431 216 niet vercoopen, want het is gelijck een blouwen voorschoot sonder

3508 3005 2485 222 leven, daer soo dat hij niet can erdoen soo laet het terstont swaert maecke

3509 3124 2469 185 is maneris niet gelijck het stael het ick u heb gesonden men moeckt

3484 3189 2370 182 hier beter blauw daer laet dat erdoen, oft liever dobbel stael swart

3479 3264 2445 227 waerop mij betrouwe en de andere 3 swarte ter stont over xerijden

3495 3363 2236 179 naer tilborgh aen aert van gorp, en adviseert wat nassut

3273 3410 982 188 amsterdam geeraet oovens

5134 3478 310 102 28 april

3501 3552 2489 189 op 25 deser hebt aen u geremitteert £155.5 ten laste delvigna eltani

3504 3640 2391 184 die eest 2 toecomende vervalt waer voor wel sterlunck 100 soude

3503 3739 2456 145 tegeve soo uwe het geraeden doechte tot mijn voordeel sedert hebben

3495 3804 2414 190 wij de brieven van londen becomen, ende gesien hoe preimt het daer

3502 3879 2410 187 heeft gedaen, brieven tot a9en 11, en tot 34 en 6 en bij de leste post

3496 3947 2494 220 van 29 deser op eene borstijdt van 21 en 6: tot 30 en 11 weder vermacht

3501 4046 2388 210 schrijve met mij voint dat het met de volgende post dagh meer sal

3445 4106 2534 236 gevallen welcke briven van 22 geloove costi sijn, en der alven gevolg

3502 4236 2333 141 eest sult weten heden is hier a 30, en 9 gedaen, en al hoe wel door

3493 4270 2297 181 vrees ick iet tot de hooge mert heb gegeven soo sien het succes
