8091 4606
1200 134 2217 166 der alven moet in de police moet uijtdruckelijck gecoxtendeert sijnde

1213 239 2144 118 worden en in cas van verlies sal den gereassureerden niet

1208 306 2209 134 verobligeert sijn eenige andere pampeeren als dese police waeraen

1191 349 2222 205 geen fout magh wesen om dat ick in cas van verlies geen ander

1205 488 2110 124 pampieren can produceren, ende om soo een clijnschidt mijnen

1207 574 2206 125 geassiereerden mij daerin par aventure daer in niet soude bij staen

1192 642 2217 139 ende het men die moijte can ontgaen met de voorschreven clause

1192 715 2214 162 daer bij te stellen gelijck men in reassurantie gewoon is te doe

1195 815 2224 136 sijnder eenige schepen comende van de west genomen ick wil hopen

1193 915 2203 119 fugeron, daer niet bij en is, wat passeert verneme geerne en naer groot

919 953 902 169 Amsterdam geraerd rover

2699 993 708 147 Adij 9 febriu A° 1696

1182 1034 2214 192 sedert mijnen laesten van 6 deser geenen van ul in de reasst

1204 1166 2177 144 ratie van de canarssche eijlanden op rotterdam ben ick aldaer tot

1200 1233 2126 139 14 pa gedient door de recommandatie van mijn broedet sal seker

1186 1336 2188 162 parsoon mij onbekent met een clijn memorike van mijn handt

1177 1399 2197 190 geschreven ƒ 7 a 800:- gelt aen ul tellen wat somme het sij

1190 1488 2216 200 versoecke die te aenveerden ende den brenger eene quttantie te

1176 1586 2215 196 geven van soo veel als het sal wesen voor mijne rekeninge

1195 1714 2121 147 van hem ontfangen te hebben. die van de banck hebben

1165 1819 2206 137 gister avent par expressen brieven vernop van Londen met

1197 1903 2135 145 st £30000:- remise de wissel a 31ƒt en seggen ten

1179 1976 2200 195 waere de voorschreven groote remise de wissel merckelijck

1185 2103 2169 129 soude hebben gemonteert om dat het parlement nu eens is

1186 2191 2173 162 geworden over de mint laken en het selve door den coninck

1194 2262 2192 156 al reede was geapprobeert, ende dat men daer op heeft beginnen

1193 2368 2165 137 te munten ende de wisselselerlijck sal monteren waeromme

1181 2492 2189 119 sij oock al partije op londen hebben gegeven. hier tegens is mij

1191 2577 2190 142 bericht. dat costij met de leste spaense brieven seer groote remisen

1192 2674 2177 93 voor hien sijn aengecomen op londen in te trecken waerdoon

1172 2719 2213 129 men van gevoelen is het voor eerst noch wel moght daelen

1163 2810 2128 162 der alven bidde mij morgen gelieft te advieseren wat passeer

1859 2895 1508 149 Antwerpen 9 februarij 1696 voor ste£ 100

1187 2980 2210 162 op twee disos gelieft te betaelen pat desen mijnen  wisselbref

1180 3061 2192 132 aen d'ordre van Pheer t michiel Mesijn hondert ponden

1198 3178 2177 135 steralins valuta ditto & stelt op rekeningh als par advies van

1077 3244 405 137 mijn heer

2744 3262 617 152 16 Ad Dinat

1147 3293 974 180 Pheeren s: fentsel & R:

2747 3346 644 181 Jan foele Punwall

1179 3423 767 123 harrisson coop man

3009 3477 75 66 16

2689 3452 402 179 adij 9 d

1310 3497 454 132 in londen

916 3546 220 162 London

1178 3607 260 107 Kent

1171 3605 2181 237 sence my last of 2 cour. no post come, butt by an expres

1179 3712 2170 169 from holland to the hense of te banck, so that we are

1167 3802 2156 174 bbeng ande, 6 see the parlem. to be aggreed, about he

1172 3893 2151 178 comt, & the king to have given his approbation, so that

1170 3961 2149 192 all good monne yes are to bereed, & ex. must rise, inclosed

1171 4051 2160 189 £100 en fentsel, & harusens procure the needfull, &

1189 4166 2170 184 advise mee, if I may be satisfied off the capacitie of the

1179 4260 2128 179 acceptants m. Rover of Amst. hath sent you

3565 183 2383 139 £200: more for my accompt sence as desire, butt in cas you

3550 249 2420 174 iudge itt well ram up to 33 a 34 ƒ then delay & do al for yo

3538 346 2331 184 self. I hope you will notrefare to buy my sonal commission

3545 440 2384 153 of spectacles and silver pennies, to 10: I desire a fine curious

3553 520 2356 171 black bever hatt be added to the measure of the inclosed

3544 614 2405 191 note & to the newest mode to come p. first convoy for ostend

3543 728 1321 180 I long to see yo letters, & restt

5088 741 855 204 Adij 11 febriu Ao° 1696

3430 833 665 182 brugge raphael Coots

3483 884 2472 212 duwe van 18: 20 & 25 passato ontfangen als mede het pack N5 voor

3517 1035 2457 146 doncosten is ul gecreditteert. ons convoije lagh claer op de reede van merge

3540 1146 2426 132 en sijn de schepen voorleden saterdagh van londen afgesackt hope die voor

3539 1209 2401 164 nu sijn gearriveert met de selve verwachte 5 packen als aenden

3535 1306 2414 176 volt deser biddende mij morgen te laeten weten wat tijdinge ostij

3534 1413 2331 122 is om dat ick dat soude laeten assureeren: in de packen N 8 &2

3535 1510 2367 157 sijn eenige fijne laeckens soo gelieft wat voordacht te sijn oftn het

3514 1591 2353 171 met een soyctien onder de ƒ90 te laeten passeeren principaelijck

3526 1706 2398 143 N8 maer N9 is op vernaer soo veel niet wert omdat daer 5 witte

3518 1803 1995 140 pack laeckens onder sijn a governo naer groetenisse blijve.

3453 1897 2494 194 & P. Jacops olivers N4 met 9gemengelde 25 witte packlaekens 31 wit kersije

3513 1989 2180 147 P Adriaende raes „ 6 met 12 witte swanskins baeijen & 1 cotton

5733 2084 244 101 par. de lieure

3516 2106 336 140 6 ditto

4027 2093 1943 116 „9 met 7 gemengelde 85 witte pack lakens 1 wit cotten

3519 2196 2242 116 pclement e munckx 7 met 12 grove gemengelde lakens 1 witte cotton

3509 2261 2387 149 B omert verschrick, 8 met 12 gemengelde spaense lakens & 1 wet cotton

3511 2389 2430 109 N 9 88 op het spoedichste naer gent dandere adroituer ofte als andere

3532 2454 2294 145 over gent par rapelinck ofte bargie naer gelegenthijdt, adroitiuer is

3525 2527 515 154 dichmaels wel

5202 2548 422 157 ady 13 d

3404 2586 720 175 London Samuel Blewitt

4941 2675 50 90 4

3471 2669 2445 204 S. sence my last of the 2. curt. recd. yo of 20 past, I have alreddy brught

3521 2776 2402 156 1000: of yo ordered tykes, and shall make 2 parcells addinge 20 p. more of

3506 2888 2420 145 the  great lead, & 30 of the  great lead, & send, & send them boath

3518 2980 2409 163 pr first opportunitie, of convoy for London, I shall be reddy with all

3519 3051 2417 154 as I recon the latter of next week as I shall advise you, whilst I have

3489 3171 2417 102 sent ys bill of £100: on ignatius drulbell att gand for acceptance

3511 3221 2365 138 on which I doubt not butt good payem. shall follow, for the drawer

3516 3322 1638 156 is good, which is the needfull att present from

5183 3325 389 191 ady 13 d

3392 3396 595 195 London Messr. Kernt

3896 3507 96 92 th

3532 3479 2405 197 S. on the 9 curt remitted you £100: on fentzel, & harnison, which bill

3518 3609 2374 122 hope shall finde good acceptance. now have yo. of 24 past with actt

3527 3679 2414 150 & past for severall goods: realley I am stailed to considder them prin=

3515 3790 2393 176 cipalley so manney fine clothes neare of one cullour & 17  6 en a yd

3514 3897 2396 184 sure that will never do well, wither I have ordered so manney of one

3512 3991 2315 146 cullour or such prises for Ill never be able to make that prise

3509 4053 2344 196 here. Pi: 2 mis to exceed 16ƒ for us so know not what to say to at

3516 4219 2414 111 kersies 78:6 pray buy not one yd. of goods more  of whatsoever

3514 4274 2380 159 esccept the flannels for cullour, & I'll look itt on, no man here will

3493 4374 2337 112 come to a prise of 17ƒ. 6 en a yd. of cloth, onles itt was by an
