7999 4601
1070 171 2233 101 een van mijn packen gelost was, ergo soo isser op 3 dagen maer

1067 227 2261 129 een pack gelost ick en can dat niet wel samen binden, ick ben

1062 337 2211 98 oorsaek dat dobbelaer naer brugge vertrocken is, en ick heb het u

1056 394 2272 101 eenen ruijmen tijdt te vooren geadverteert, en ul en doet de moeyte

1041 475 2245 99 niet van een pack oft 2 extradineir te doen lossen in soodanigh

1026 556 2236 94 geval, daer en tusschen trijneert dat lossen costi soo dat het een

1036 645 2237 126 schande is principaelijck over de wolle goederen, want de sware

1037 702 2223 145 goederen meest aen boort blijven, soo de packen no 79: 81

1051 779 2241 149 noch tot brugge sijn, soo daet wat moogelijck is om de selve

1062 900 2202 114 per bargie te senden, en sonder voorder tijdt versuijm al de

1051 989 2275 101 rest op gent, en laet mij weten oft peter blanckaert, en clement

1052 1062 2248 148 de munck haest herrewaerts sullen comen, om vervolgens

1052 1125 1038 174 te reguleerenen die blijve.

2588 1171 722 173 adij 28 augusti A:169

787 1229 1167 162 brussel Anthonij Rousseau

1054 1292 2214 138 ick hebbe heden ontfangen den uwen van gisteren ende de 2

1039 1369 2186 173 sacken met gent u segel met caisset, sonder de selve te

1031 1452 2247 140 examineeren sullen sij hier blijven tot u ordre, gelijck oock

1044 1526 2267 143 het gene gij mij met den beurtman sendt men seght consuse

1050 1625 2262 155 dat het casteel van namen over is, soo het soo is het wel

1017 1706 2283 193 godt geve de sacke sullen een ander wesen nemen, ick ben seer

1057 1816 2249 142 blijde dat iacobs betaelt mijne assinnatie f 117:13: 11: blijve

2830 1966 124 99 ditto

774 1913 1010 173 Amsterd: geraert Rover

1059 1987 2152 172 in antwort aen duwe bijde genoteert 26 deser menste wel

1050 2078 2242 163 dat uwe tot ƒ 26:9:7 mijn avance op londen hadt afgegeven

1036 2167 2236 113 om dat het heden hier courant a 26: 6 is gemonteert, echter

1049 2244 2199 142 wel hoopen dat uwe morgen tot voorschreven prijs sal te

1039 2319 2266 111 recht comen versoeckende niet langer te dillaieren want

1042 2399 2282 144 het overgaen vant casteel van namen soo men hier divulge

1041 2476 2276 135 ende het arriveeren van 15 soo costelijck schepen van oostdieh

1044 2609 2239 102 conde de wissels wel iet altreeren sijnde op costi a 1 ½ pe heden

1017 2665 2226 120 gedaen bedanck uwe voor het recommandeeren van u vrindt

1049 2747 2239 133 tot rotterdam refugere die occasie niet, de voordere biletten

1563 2836 61 60 an

1643 2826 250 79 amelfoort

1045 2817 2269 146 van de lotterije sien vervolgens tegemoet, mijl dunckt ick wens

1044 2898 2230 131 magh sonder schade hier af te comen de lotterije die costi sal

1039 3018 2217 121 opgerecht worden dunckt mij wel wat meer sal animeeren

1044 3065 2272 169 wat passeert gelieft te adviseeren ter wijlen naer groetenisse bij

2601 3176 311 143 29 ditto

763 3171 927 178 Rotterdam Abram de bras

1041 3246 2257 158 int antwort aen den uwen van 26 passato soo mijn 2 packen

1037 3330 2248 164 no 52 en 58 niet langer aen boort en comen blijven, laet die

1036 3446 2242 121 dan lossen verclaeren, ende herrewaerts voor te senden als mede

1008 3523 2290 127 no 60 waervan ingeslotene connossement sende aen boort

1020 3634 2251 134 raphael sondelen inhoudende 12 noortse lakens aen te geven

1040 3705 2252 128 te verclaren gelijck het pack no 52 te weten voor 43 dosijnde

1045 3795 2192 135 ieder van a 18 8 2 ½ witte baeyen ieder van a 65 samen

1027 3860 2250 158 wert ƒ 1250:- ick wenste dat het casteel van namen over was

1013 3957 2243 142 dan soude met meerder gerusthijdt de expeditie recommanderen

1020 4047 2206 124 hechter als het goet niet langer aen boort en mgh blijven

1035 4134 2154 150 laet het dan voorts comen want wille geen coste lijden

1028 4196 1243 162 adviseerende wat passeert blijve.

4669 182 813 107 adij 30 augusti Ao. 1695

5860 203 94 105 76

3348 172 505 135 gent herrebout

3532 203 2435 191 ingeslotene mijnen tolbrief, de wael is hier gelost, gisteren geloove noch

3513 350 2466 118 5 packen voor mij hebt ontfangen, waer van no 81 te wagen verwachte

3525 434 2403 92 en dandere met steevens die geloove heden van costi vertreckt, schrijft

3520 499 2428 122 wat passeert sendt no 79 oock als comt te wagen, en anders geen van

3532 581 2285 118 de goederen segge de sware goederen moeten adroituer comen

3519 673 2364 127 en die moeten de schippers verclaren ul en moet daer niet voor

3508 760 2461 156 sorge want ick het u niet betaelen e comende met peeter de munck

3514 844 2447 136 en blanckaert, daer en moet geenen tolbrief bij sijn, want sij sijn

3515 928 507 155 onvrij blijve.

5174 975 285 146 2 ditto

3318 1013 864 166 Leuven laureijs valentijn

3506 1047 2406 198 sedert dat ick op 4 julij lest aen u heb geschreven heb ick van 1u

3495 1144 2444 186 niet vernomen, soo heb ick dan heden een bewijs gegeven aen den bode

3505 1234 2422 180 wallenus van 50 gulden 15 ½ stuijver wisselgelde in voldoninge vant

3503 1322 2456 188 gene ul mij schuldich is volgens ul met mijnen lesten heb geschreven

3495 1460 2434 92 het voorschreven bewijs sult gelieven int te trecken met quitantie

3496 1492 2465 122 van den selven bode, en sal ul als dan in voldoninge dienen biddende

3486 1609 2471 128 aen dese betaelinge geen foute en sal sijn, en als u gelieft compt

3505 1693 2434 152 mij weder besoecken, ick sal al doen wat moogelijk is tot ul dienst.

5144 1750 347 147 30 ditto

3323 1752 711 191 leuven Jan de goede

3502 1807 2416 200 sedert mijnen van 4 Julij lest leden, sedert van u niet vernomen

3489 1964 2417 118 daeren tusschen heb ick heden een bewijs gegeven aen den bode wallenus

3497 2055 2422 104 van £8 wisselgede voor den baeye aen ul gesonden op 9 november

3488 2101 2379 159 A 1693, biddende het selve in wisselgelde gelieft te betaelen, sijne

3479 2192 2467 141 quitantie daer over sal dienen in voldoeninge van alles het gene ul mij

3508 2287 2406 125 schuldich is tot den dagh van heden, biddende isser iet tot u dienst mij

3472 2343 2373 168 niet te vergeten, ick kan al doen dat een ander doet, en sal geerne

3472 2429 1979 164 onse oude kennisse onderhouden, die blijve naer groetenisse.

5174 2506 343 158 31 ditto

3326 2524 816 165 Brugge Raphael Coots

3475 2642 2469 126 sedert mijnen van 27 deser den uwen in antwort aen den uwen van

3484 2712 2458 98 28 deser hebbe van herrebout noch niet vernomen hope de gementioneerde

3468 2772 2422 164 packen te gent in tijdts sijn gecomen, t heden met den aenligger van

3480 2881 2276 130 daer vertrocken, dat lossen costi is een tragh werck, doet al wat

3466 2927 2419 159 moogelijck is, om de rest de depescheren, lieven dobbelaer is voor gisteren

3465 3028 2461 110 van hier vertrocken soo het pack, 79 noch costis is soo gevet hem mede

3481 3096 2364 153 ick heb N:78 ontfangen soo qualijck geconditioneert dat het schande &

3455 3190 2450 123 londe is dat die fielen ons goet soo tracteeren, daerom sulde aen iacob

3475 3283 2392 126 ianssens geen vraght betaelen, sendende hier nevens het conossement

3450 3360 2468 140 gij cont het met het sijn confroteeren, want alle onse conossementen

3473 3435 2443 155 soo luijden, dat sij die goederen niet mogen hopen doen, sal over morgen

3461 3520 2413 156 uwe certificatien senden terwijlen hier nevens remitteere ƒ 101:-

3457 3619 2465 144 ten laste iaques vervackens 2 a 3 daegen sicht besorght het noodich

3450 3690 1213 171 en adviseert wat passeert blijve

3453 3806 240 116 herres

3455 3851 2468 186 in antwort aenden ul van gisteren ick hebbe u 30 passato geschre

3462 3992 2457 95 en dien volgens moet het ten, loot, toeback, en ander swaer goet

3444 4062 2364 117 den tol betaelen, en moeten de schippers daer voor sorgen

3449 4153 2473 151 en patientie hebben tot dat sij door connen, want sij de goederen hier

3450 4243 2386 131 moeten leveren sonder de versondene packen moeten noch 8

3452 4368 2391 118 comen waervan 111 No. 1 een clijn packen tol moet betaelen
