8476 4587
1631 175 2220 111 tabaeq n y galles, ny de lhuile sans que ie vous escrice expre

1638 274 2217 101 ment mais pour de sueres cest tousiours une merchandise conde

1650 341 2195 130 comme aussi dhuile d'aleppp, et principalement de soye dardasce

1624 414 2235 151 qui je vend apresent 18p argent de change, mais il ne faut par

1644 513 2219 99 acheser qua l'arrivement de convoj de sirne le quel oncroit

1639 550 2223 121 arrive a ladez avec 1500 balles aussi toss quele varseau

1637 641 2214 147 arrivent a londres vous pourriez prendre occasion d' a cheser le

1691 722 2013 146 eillieur, et me donner advis de ce que le passe qui siis

3434 782 373 153 5 xber

1696 806 932 157 wall & will kent past

1715 855 2122 197 nee my last of 25 reed yours of 6 13 & 16 ditto the

1711 989 2084 115 nvoyes from hull are both well arrived att rott & Amst

1715 1052 2076 153 utt I wonder you send mee not bill of loadinge of N68

1720 1140 2103 122 hich I hope not  left out, & should not please mee att

1716 1218 2125 171 & cas to the bayes, pray confese to have forgetten them

1724 1302 2109 166 what heavey are not readdy take of 29 & 30 & as to the

1723 1392 2140 178 aet whiter you have that order to send by each convoy 5 or

1726 1483 2076 170 p & that I have not contramanded, & shall not be

1699 1562 2155 136 ntramander onles I made particular mention there of if

1706 1638 2129 153 convoj presentes for holland sooner then for ostend as

1732 1739 2119 133 cestion not butt will be, send then 5. whites for hollaend &

1720 1842 2117 135 re pare 5 more for ostend, provide also 6 supistine clthe

1728 1902 2101 138 the inclosed patt to come with them pack whites, inclosed

1721 1981 2134 138 mitt you £225 on doeeceler & comp, procure the needf

3324 2050 180 163 5 d

1759 2089 613 162 geraert Rover

1735 2140 2124 178 als vervolgens den uwen van 2 deser heb ick u gecrediteert voor

1639 2285 2205 118 st£ 225:- a 26 en 7 voor u remise ten laste dwit pecceler & com

1628 2341 2220 120 voor u advies over mijne voorigen prepositie blijve u danckbaer

1637 2425 2213 114 en sal mij dienen tot governo. ick hebbe met de leste brieven

1631 2518 2155 112 van londen geen cognossement becomen van het pack, No 68

1637 2622 2182 97 soo dat ick genochsaem bedunt ben, dat het tot hul sal sijn

1633 2659 2201 116 te laet gecomen het gene anders wenste. gesien de billettes van

1642 2785 2214 90 de latterijs van amelfort bij de welcke wij tot daer toe 3 meter

1626 2815 2224 129 hebben, soo sijnder noch 6 hopen, en geeft mij verlange dat ick

1625 2932 2239 101 iets mocht hebbe om sonder schade daer af te comen de lotter

1628 2986 2229 135 die costi vost gestelt is, sal sekerlijck eerder vervult sijn, als die

1623 3066 2235 170 van amelfort was, en sal apparent van hier veel gelt naer

1625 3171 2220 139 toe gesonden worden wat wijders gepasseert is, verlange te verst

1637 3251 2210 151 het casteel van namen is godt lof gewonnen, en naer dat 2

1629 3318 2202 120 deser het fort coehoren carlatte en alle de buyten wercken

1643 3430 2207 121 waeren in geruymt, treckt heden het garnisoen daer oock uijt. he

1633 3506 2140 134 is een seer glarieuse & grooteactie, de welcke ick hope het

1639 3602 2170 144 uijtwercksel van den vreede sal wesen, naer groetenisse blijve.

1375 3651 1026 145 leijden herdrick herremanne

3275 3696 257 108 5 ditto

1604 3714 2261 173 Mons: ick heb u brief van 2 deser ontfangen, & oock het pack met

1625 3827 2192 107 3 lackens & sendt de 2 drapde dannes terstont voorts, gij sult

1629 3893 2177 120 dese weeck ontfangen N 76: 38 &40 met ¼ couleur schrijft

1623 3966 2228 172 mij soo haest gij die hebt ende gevolt sijn met hunne leghde

1622 4037 2184 185 & mackt alles op het spoodichste gereet 2 soo haest 2 t

1617 4166 2217 137 bij een sijn soo sendt mij die toe, want ick moet dit

1623 4244 2242 139 goet hebben voor het uijtgaen van desernmaent dat ka besoll

1625 4305 2238 148 is om noch 6 stucken a 7 te maecken die alle voor den wi

4041 180 2434 108 moeten tuys wesen, oversulckx reguleert u vervolghens terwijle blijve 43

5665 228 400 119 adij 5 sber

3872 186 778 195 Rotterdam Abram de bra

4002 290 2433 136 Mons volgens den uwen van primo deser is daniel wel tuijsen tot liste

4018 402 2439 99 gearriveert & heden hier verwacht, laet mijn pack no 88 op spoedchste

4034 479 2473 107 gelost & herrewaert gesonden worden, geeft expeditie aen de ingeslotene

4037 506 2461 173 en adviseert oft convoije te londen is ofte derwaerts int cort staet te

4040 589 752 162 vertrecken blijvende

5748 612 243 153 6 ditto

3860 681 906 186 gent frater puis belleman

4027 682 2449 189 in antwort aenden uwen van 4 deser, het laken dat ick ul voorlede week

4034 838 2449 109 mijnde te senden dat is nu vercocht, dan daer is een nieu stuck het welck

4059 906 168 70 tijdagh

4038 928 2306 113 denslanghste sal gereet sijn, en ick ul dan sal senden tot £25

4034 1022 2356 93 courant gelt, maer niet f24:10: daerom soo den eerwerdigen pater

4029 1086 2468 145 prior daer niet mede te vreeden en is soo gelieft het in tijdts te adverteren

4029 1157 2452 121 ick hebbe aen peter van de visserije het briefken gegeven & dien heeft 2 stucken

4035 1250 2452 148 stof gesonden die ick sal gereet houden tot vrijdach daer groetenisse blijve

5635 1319 332 128 8 sber

3851 1313 865 180 gent francois herrebout

4019 1374 2380 127 in antwort aen den uwen van gisteren, ick sien lieven vander velden

4022 1487 2331 108 te gemoet, en twijffele niet, oft gij hebt hem voorsien met goede france

4043 1541 2439 157 paspoort, gelijck doch geen andere schippers moegen afcomen sonder paspoort

4037 1611 2412 145 want de francen hebben voor gisteren het convoije van baestrade herrewaert

4038 1726 2402 105 comende geplundert & gebrant ingeslote mijnen tolbrief voor het pack N

4025 1778 2430 163 74, dat de schippers van londen adroituer doorcomen een tactor tot gent

4020 1862 2472 120 moeten gebruijcken, dat wil ick wel gelooven, want sij gebruycken hier oock eenen

4028 1924 2403 172 maer die betaelen sij self, en dat mogen sij te gent oock doen, en ons daer

4043 1960 2449 189 voor aensprecken maer ul en hebt daer van op mijn rekeninge te stellen

5792 2098 272 104 8 ditto

3862 2076 728 167 Amsterd. geraert Rover

4005 2200 2396 132 sedert mijnen van 5 deser den uwen van den selven dato ontfangen

4015 2251 2371 141 met seconda brief van de geremmtteerde ste ƒ225:- a 26: 7, maer uwe

4006 2309 2436 161 vreelde dat ick door mijne haestichijdt daermede het niet en soude getroffen

4012 2409 2464 134 hebben om dat de wissel a 26:3: 4 seder was atgecomen het welck vastelijck

4021 2504 2424 108 twijffele een abues is om dat men ons noteert 27:4 en op antwerpen

4019 2604 2396 90 2st sij schrijven mij oock dat de wissel sal rijsen om dat men tot londen

4020 2624 2427 136 tijde dat die van de banck alhier considerabele somme gelts hadde opgenomen

3999 2744 2388 126 gelijck het oock waer is, hebbende den staet van hollandt van hun 2 ½

4012 2817 2462 153 millionen geforniert waermede sij mij segge aen hun in 5 a 6 maenden

4001 2897 2464 133 van londen niet sal worden geremitteert, daer en boven de moeijlijckhijde

4011 3004 2421 117 die opstaet int uijtgeven & het ontfangen van de ginnues, sal oorsaeck

4027 3082 2304 140 sijn datter niet veel gout derrewaert sal worden gesonden derhalven

4017 3128 2439 151 remittere ul ingeslotene ££ 340: ten laste delvigna eltani 11 deser

4003 3277 2448 114 vervallende bij de selve geaccepteert gelieft die werden op londen aenstons

3995 3305 2474 159 af te geven a soo bij ul geen montering en is soo geeft st £ 3 a 400:

4017 3412 2424 123 treckf de contresse op sicht oft sal per naesten u voorder remitteren

4003 3508 2442 121 het soude mij seer doen soo eenige merckelijcke veranderingh voorviel

3993 3591 2452 144 en dat ick bij desen lagen cours niet hadt waergenomen ƒ 2 a 4000:-

4009 3663 2490 160 te remitteren, men heeft hier onder de 26: 10 niet connen doen, en isser

4006 3757 2395 148 oock inder daet tot 27 st voor goede brieven gegeven alhoe wel des

4025 3836 2365 149 wissel maer 27st van daer en comt, en daerom com ick tot com

4015 3959 2406 114 beter rekeninge te vinden biddende daer in mijn intrest als eijgen daer

4023 4012 2360 137 waer te nemen, want meerder partijen hebbe af te geven. sien het

4019 4088 2329 169 pack No 9 te gemoet, no 68 heeft tot hul gebleven. volgens de

3997 4200 2400 123 notitie van de letterije waerder al over de sooop lotten getrocken, en

3851 4285 2504 115 de helft van de prijsen noch wel te verwachten soo dat ick voor

4012 4385 2452 96 mijne 6 losten noch eenige hope hebbe, om buyten schade daer af te comen
