8200 4685
1103 178 2301 135 den tijdt leeren het waere mij genoch dat de coopvaerdije scheepen

1111 225 2299 173 maer behouden waeren hier is veel tot 5 pr 8 daerop geteeckent

1100 319 2323 128 daer en tusschen wat peeter blanckeert sijn schiep in de ritier gesorcken

1100 430 2260 144 doch de goederen geborgen, godt geve geen meerdere ongeval het

1113 487 2273 126 saisoen is bij provisie soo veel als verloopen patientie men can

1116 606 2288 103 maer sijne beste doen & meerder en wort van ul niet gevraght

1098 675 2222 197 in cas van despesches ter wijlen dagelijckx in verlangen ben om

1106 779 1007 132 te vernemen wat passeert

2665 812 695 188 adij 5 xber 1696

882 833 1006 192 gent francois Herrebout

1116 940 2270 173 ick hebbe op 17 gber lestleden aen ul gesonden 2 quitantie deene

1107 1075 2306 149 van ƒ200:- & dander van ƒ75: tot laste den hr. Comis doverleij

1105 1135 2180 155 daer benevens mijne 2 tolbrieven waerop sedert van ul geen

1090 1256 2335 160 antwort hebbe becomen, en alsoo geerne wete soude wat deswegen

1103 1354 2212 115 gepasseert soo versoecke mij morgen het selven te adviseeren

871 1404 997 178 rotterdam Jaques meyers

3082 1446 251 106 6 xber

1125 1500 2213 133 den ul van 4 deser ontfangen, als mede eenen van S. de bra

1106 1609 2242 123 die seght den raet aen de comisen de naestingh vande goederen

1115 1729 2209 161 hadde toegestaen & dat hij sonder ul niets sal doen, ter wijlen

1118 1803 2273 154 ul degoethijdt hebt mij saecke ter handt te nemen soo verhope

1094 1882 2322 186 ick een goede effect te meer ter wijlen den generael sich genogen

1112 1998 2317 155 soonde naer de iudicatie te willen sracteeren het is oock merte

1068 2071 2354 190 elijck ons voordeel, datse ⅓ in plaetse van ½ moeten opleggen

1111 2188 2320 134 der alven ick met het pack N25 ontrent mijn gelt soude hebben

1112 2298 2271 106 & niet veel gelegen waere hier dat aen de handt te laeten soo

1103 2358 2314 162 sij het selve voor een wijnich niet wilden relaxeeren, doch alsoo

1110 2429 2280 201 sacke in ul direckie blijft te doen en laeten als voor eijgen

1120 2554 2283 162 soo ken te gemoet van wat p naeste gepasseert is. ul noteert

1105 2646 2295 153 Assurantie van londen op brugge a 3 p.co soo ul voor  p16

1114 2753 2237 107 provisie en ½ pr. to delcredre gelieft te staen sal p naesten

2419 2805 65 67 ler

1112 2814 2025 193 iets ordoneeren ter wijlen te gemoet wat passeert blijve.

820 2890 1066 200 Amsterdam geraert rover

2984 2954 225 130 6 d.

1128 2971 2238 178 sedert mijnen van 3 deser geene van ul maer brieven van engelant

1125 3098 2213 173 waermede de vrissel van 37:3 a 4 tot 37:10 gemonteert afcomt

1114 3192 2190 148 waerop het selve hier tot 36:6 dobbel usos is geresen, nu

1134 3287 2236 129 ben ick int verlangen hoe het costij daermede sal gaen, men

1127 3367 2255 181 is hier niet wijnich verstelt over de gerechten die loopen dat

1113 3457 2322 206 door de karosse van den coninck van engelant soude sijn geschiten

1130 3554 2252 181 met 3 cogels, godt wil hem bewaeren oft anders sijn wij hierop

1117 3644 2288 144 een slechte post, de vrinden die hen gelt taillic tot londen

1120 3726 2264 203 hebben uijtgeset sijn mede sterck becomen, deralven een iedereen

1126 3828 2283 212 in duijterste verlange is te vernemen dat het im engelant magh

1118 3927 2275 204 wel geen bidde mij deelachtich gelieft te macken van het gene tot

1125 3995 698 132 ul kennisse comen

839 4070 995 156 rotterdam Abram de bra

3049 4080 242 143 6d

1123 4192 2162 159 gesien bij den ul van 4 deser wat tot dato monse affaires

1091 4282 2296 133 wegen de aengaende packen is voorgevallen als mede volgens

1123 4324 2297 141 het advies van th: meyers dat deeomisen niet ½ maer ½ moeten

1126 4411 2282 71 oplegge het geene onse sake wat faebliseert pr meipaelijck het packien

3550 170 2453 117 N. 25 der alven verhope dat dofficieren kenmende de weerde van die lakens

3551 274 2435 110 niets veel sullen difficulteeren dat packien gratis te reluxeeren, want

3553 339 2462 149 dat dat alleen aengeslagen hadde geweest, soude het lichtelijck daer bij

3551 435 2382 132 hebben gelaeten, maer op de kersijen valt iets te seggen omdat het

3563 552 2463 130 present een courante ware is, het welck in consideratie van transiton

3535 662 2429 143 goederen voor vremdelinge soo nauw niet behoorde afgemeten te

3526 744 2436 122 worden biddene het selven dofficieren te remonstreeren, en dat alles

5726 842 286 100 weetde

3546 832 2414 167 ter rechte trouwe s aengegeven in de maete en volgens taxatie mee

3546 901 2472 214 en dat dofficieren in een gesende meert niet behoorde te profiteere

3556 1024 2478 226 tiul wel dat ul met conninicatie van Ph: meyers alles sal trachten

3521 1106 2482 213 te advisseeren gelijck ick hope alles ten beste sal uijtvallen, menageeren

3500 1198 2506 207 de wat moegelijck is gelijck ick p. naeste trachte te verstaen blijve

3467 1300 771 161 Ath Joseph daulmerje

5591 1363 440 143 8 xber 1696

3548 1379 2470 275 en responce a la vre du 29 passée nos marchandises estant venuer

3544 1513 2407 190 ie vous ay envoije aus ordhuy un ballot continant le contenuue

3531 1608 2320 168 de la facture si sonet portant ƒ506 argent courant il est

3544 1728 2355 198 embarque sur dermande addresse a pierre de bout pour vous

3546 1837 2361 143 envoijer sans parte de temps, en cette occasion ie vous serve

3532 1915 2377 170 sur ma conserance et si vous aures este present vous aurcis

3523 1988 1431 188 donné davantage a l'autre oxcasion

5285 2074 239 167 80

3455 2112 1019 149 mede Canull ieret

3527 2199 2415 205 Mons. Je vous envoye peu le beurtmen ordinair sur dermen de

3540 2324 2282 162 2 pacq 188 n°:2 cont: 3 draps 11 peeces de toille de cottentemit

3553 2432 2391 173 en aunage a 236, 2 paigieets de soie acoudre encouleur et a iey

5414 2545 66 80 @

3546 2553 2409 174 en semblo & 42½ delerd nour envoyer par prem occasion aveq

3516 2647 2415 152 de ben pasport pour Ath addresse a mathien venand pour suivre

3527 2804 2409 155 mon ordre a quoy &vous prie de ne rien manquer car la parte

3535 2857 2360 209 ee la suitte est d'une bresp an de consequence, les foram estant

3543 2988 1670 193 pour compredud. Svinand a genvernr  u

5595 2999 220 142 8d.

3460 3110 963 179 brussel Antoni rousseau

3541 3236 2454 174 en responce a la cheres vres de 5 & 7 court le S. schaep a escriet a mons.

3529 3347 2321 200 le roij et la repartion fait iayvoyr m remises de £207:4:1

3533 3442 2442 187 et de ƒ94:18:5 sur le d. brockmans il est paeyera, et iaurois soing de

3521 3550 2395 170 faire a vre cherge de mesme somme et vous renvoije avec quitence ie

3545 3648 2378 133 procurere aussi le necessaire pour la remise de £133:6:8 a la cherge

3530 3759 2485 157 addresse chez mons. de conneh paijable le 14 court puisque le S. Ansillin

3529 3860 2466 179 comment a paye mon assingnarson quil a accepte ie ne doubte pont quil

3456 3896 1940 207 1 paijere promptement le reste a l'advenant ie suis

3462 4003 907 144 russel Andries Aertens

5565 4002 223 152 8d.

3531 4088 2485 194 in antwort aenden ul van gisteren heden sijn hier versegoederen

3506 4204 2484 175 gearriveert te weten baeijen kersijen noorsse & geperste doch het

3517 4305 2439 129 goet wort soo gaur vercocht als het arriveert de baeijen van

3518 4396 1815 108 t 28. ƒ 33: oogk gelt die van tt 29. ƒ 34.
