8187 4671
2492 187 719 150 adij 22: bber 1696

833 208 1168 231 Londres Jean du marst

1097 299 2172 232 mons. en responee a la vre de 29: passe, neur les fares sans

2923 417 159 63 cuse

1115 462 2194 161 frisme, cest come Iamben, sans de la monstarde, & qui sent

1129 510 2187 205 accoustome de faire l'aita p pour ce pays n'envoyent jamais

1115 613 2197 199 autrement, et la fusure icy ne vout rien. ce pourquoy j'ay bien

1136 702 2154 256 de la pane pour les vendre, et il me les faut donner mieu

1118 804 2177 274 maiche vous avez trouva vrecompte bon, ce qui est bien

1125 913 2193 227 a la reserve que i'ay passé le ballot de frises a 29ƒ mons je

1115 1027 2133 262 scais que vous estis un homme de parole, et jevous ay

1120 1180 2197 225 credité selon vre prepositun mesme encore en mon priudce

1157 1294 2126 176 car je vous puis  menstien differentes lies tercez le 1

1137 1392 2138 220 cour de la poste de l'envoy du ballot a 28:9, et on

1144 1496 2173 215 marque alers le cours a 28, a 89, et je vous dinne 29s

1137 1611 2143 229 ainsij je vous ay satisfaut genereusemt, et il ne vous tient

1153 1710 2157 232 pas un leard ue squ a ce iour, mais aucontraire au point de

1139 1808 2122 260 stile mercantie, vre grace me doibt la provisien des galles

1154 1927 2133 220 en voyes en hollande ce pour quoy ie vous pries de bolakeer

1123 2029 2186 226 nostre compte et de vous denir satisfait, comme ie seray,

1149 2087 2153 211 en esperance que la paix nous donnera de l'opportunité d'un

1142 2183 2251 235 bonne & grande correspondance & que ie pourray temoigner. ie suis

2978 2277 256 117 22d.

856 2356 968 150 Amsterdam geraerd rover

1153 2343 2129 222 in antwort aenduwe van 18 en 19 deser hope verwacht het

1142 2412 2238 245 pack N290 voorleden saterdagh sal sijn ingeschept al heeft het

2704 2550 95 59 hil

1146 2542 2187 177 voorleden vrijdagh costij den geheeler dagh gereegent het heeft

1134 2636 2220 175 dien dagh en saterdagh seer schoon weser geweest met clare

1146 2731 2129 155 sonmeshijn, het shillt mij niet wat nombet het is, als het

1138 2811 2134 151 maer is het werck van gilleij volgens de vercooperul heeft

1157 2918 2249 143 toegelijdt der alven sult gelieven op ontfanck deser het pack

1144 2980 2259 174 N 382 oock te coopen sten beste mogelijck want den vercoop

1164 3054 2245 163 tot 33:- een goede avance heeft, sulckx bidde divoir te doen tot

1150 3153 2166 174 33 te becomen, soo niet geeft de voorige prijs s was het

1151 3239 2237 169 noch iets meer om dese partije niet te manqueeren, om dat ick

1156 3334 2200 143 mij op die maeker Abram tilleij meeste betrouwen, ick hebbe

1153 3465 2240 127 advies van rotterdam van mons de bra van differente partije

1158 3526 2198 156 kersijen, 30  30 g a ƒ30:15 dan ick kete de maeckers

1157 3609 2249 172 niet oversulckx om het voorsch: pack N 352 te hebben ofte een

1161 3700 2209 134 ander van Abram gilleij werck soo gelieft geresolveert hebbe

1164 3783 2252 148 ul den incoop te laeten doen ten beste mogelijck, daer en tussen

1172 3875 2142 122 conde het gebeuren dat het voorschreven pagk vercocht waere

1155 3953 2210 143 N252, coopt dan een van die andere packen ont wort vanden

1167 4019 2209 153 vercooper het gene hij seght het best te weeken want sij naer

1173 4108 2184 148 sijn incoop sulckx wel can weten: van alle de kersijen die ick

1176 4153 2236 189 van engelant becomen costij die van Abram 2 a 3 a 4stƒ

1167 4325 2169 97 meer als alle andere, sulcx dat ick verwachte onder ƒ 33:10

1167 4363 1990 124 ruijm sult te recht geraeken, soo N 252 vercocht, is

3508 176 2467 103 daet als voor eijgen draght sorge pr imcipaelijck dat het par cerste beurt

3494 241 2387 111 schip magh vertrecken par transito wa dat wint noch wat aijts

3513 295 2445 157 bij provissie ingesloten £150:½ 2 daegen sicht ten laste george eleffort

3511 381 2453 130 besorght hat noodich en adviseert wat passeert hebbende ul wijderegedobi

3499 462 2416 120 tert voor ƒ186:5 van S. venendael ontfangen mijn vront mij

3511 513 2492 144 aenmaenerde voor de rest om dat po tout dese maent seven maender

3511 601 2455 182 sijn vervallen a ƒ50:- is ƒ 350:- wissel op costij a parij op londen

3479 688 2458 172 33  1 a 2 ue doch niet veel gevers hebbe wat te geven doch derve het

3515 769 2326 147 noch niet doen de 6 france oerlogh cheepen blijven voor ostende

3518 905 2455 132 cruijssen hebben 2 west indie vaeders van sellant uijtgeloopen genom

3502 959 2375 116 ops convoij van londen deeft niet uijsgaen tot wat prijs van daer

3521 1081 2446 104 te aslureren, als mede van rotterdam als vervaert wordende want en wil

3510 1143 2347 141 nidt religneeren, geeft d'ingeslotene voortsganck en blijft godt bevolen

3418 1188 828 187 brussel eegontaert ververs

5257 1234 702 133 Adij 22 sber 1696

3503 1257 2425 162 in Antwort aenden ul aengenaemen van gisteren volmerinckx heeft mij

3515 1395 2433 113 beloft die baeijen morgen te verven en dat ick die donderdagh sal connen

3522 1444 2344 169 droogen soo godt beleeft godt weder te verleenen soo hope ick die ul

3542 1555 2412 168 saterdagh ul oock toe te senden met die noch wit sijn, wegens het

3529 1629 2421 176 pack kersijen van Abram rilleij can ick tot 10 sanden a ƒ36:- quijt

3520 1736 2427 129 worden, doch ick lever dat marckaen nietmantals aen mijn goede

3513 1861 2456 118 vrinden om dat sij niet abondant sijn oock niet wonder want sij costen

3507 1884 2419 179 in engelant 4 a 56 meer in engelant als d'andere. over salckx soo

3527 1979 2437 162 ick ul geenen particulieren dienst can doen aen ul de selve te leeveren

3521 2112 2443 127 tot ƒ 36:- soo sal het mij seer aengenaem sijn die te houden omdat ick

3536 2188 2446 106 andere vrinden daer mede seer can behaegen, oock is het seer waer dat men

3532 2248 2442 147 1pack van 40 stucken van die man hebben can, oversulckx gelieft mij te

3535 2372 2412 127 laeten weten ofte ul de 25 stucken belieft en sal dan het geheel

5861 2438 115 78 ye

3531 2458 2461 152 pack par beurtman op brussel ul laeten toecomen, ick can beter reccier

3513 2532 2446 137 vinden, andere kersijen a ƒ34:10 te vercoopen als die van Abram

3521 2639 2480 120 rilleij a ƒ36 nochtans is de meert van de aldergemeantte a ƒ36 het

3524 2695 2464 155 stuck over sulck verwachte ul dit van mij sal aenverden als een teecken

3517 2846 2308 118 van mijne particuliere affectie verwachtende ul antwort blijve.

3437 2863 793 146 brussel guills walravens

5523 2906 220 112 22d.

3531 2905 2388 188 den ul van gisteren ontfangen waermede ul ontbiet eenige staelen

3520 3022 2455 158 van lakens grie de faire volgens het medegaende stael doch daer is in

3520 3152 2449 116 ul brief geen stael geweest oversulck het stael verwachte van het gene

3533 3206 1570 145 ul belieft, want ick geerne ul diene die blijve

5511 3247 311 170 22d

3433 3266 952 184 brussel An honi Rousseau

5848 3361 137 115 ens

3530 3332 2453 211 depuis maderniere de 18 court rien de vous, sironct quelquel assingnatio

3533 3482 2445 123 comme au piez de cette pour les quelles il vous poitrres procureres les

3533 3547 1760 158 necessaire et m'en donner advies de suivics ie suisr

3546 3659 2026 144 sjr franc. Jacobs 20 sber ½ uso £89:-:11 ƒ 534:5¼

3552 3725 1203 161 sijr bonaert van den clooster

5073 3716 934 186 „ 424:14:1 argent de charg

3568 3820 655 142 sur hentij rijssel

4691 3854 859 115 „ 25:-: -„150:-

3574 3877 1059 173 sir chiisiden segers 3 a 400

5130 3938 285 97 „300:

5138 3949 667 176 „.500: -a 600

3558 3940 1157 193 sur la velve seger vander borghht
