9140 4612
3939 184 599 130 5 Janu 1695

1958 165 694 180 Brussel Rousseau

2182 288 2485 161 faiute d'occasion pas respondu la vre du 20 passe, depuis la une estant

2190 366 2457 134 finie, ie vous souhait la novelle bienheurense avec toutte vre famille

2191 446 2422 146 et plusieurs suivants remplie de toute sorte de benediction, cy comtie

2208 514 2471 176 vous renvoye yey vre compte court pla quelle vre grace mest ie dou

2211 636 2440 154 able £23: 2 vous priant de lexaminer & m'adviser si vous le

2200 747 2300 154 trouvez d'accord on quelque erreur a vre ou ma preiudice pour

2210 834 1845 144 vectifier a ladvenant pour ballancer en suitte ie uis

4064 867 210 154 5d

1962 934 1100 235 Mechelen Cornelir van Aken

2207 974 1649 224 de staelen aen hem gesonden vande syen a 38 st

4158 1109 180 159 1d

1926 1156 1066 217 Mechelen de weduwe Betram

2204 1197 2423 212 staelen gesonden vande frisetten a 38t & geadviseert den ontfanck

2202 1359 1202 175 van de ƒ 200: - vanden bode a you

4139 1381 216 203 3d

1929 1456 1042 249 Mechelen Corn van Aken

2216 1485 2404 212 hebbe ue brief van 28 pas ontfangen & de ƒ300:- wisselg

2193 1631 2450 160 daer by vermelt ingevolgede quittantie aenden bode medegeven worde

2194 1747 2503 128 oock op ue reken hier medegaende vergoeyt bly de selve blijft ue my

2185 1792 2415 191 schuldigh £755: 19: 10 en de welcke gelieft naer te sien & daccord

2195 1896 2486 195 Evindende vervolgens te noteren op ieder partje vanden debet is het

2185 2024 2449 164 tabat afgetrocken het swert is een hollants swert, & omdat

2187 2124 2341 179 ick dat niet minder can laeten als ick het ue heb gegeve

2184 2187 2511 183 soo moete ick dat wederom verwaghten ofte soo het ue beliet

2200 2301 2447 165 iek sal onse differentie in consideratie nemen op decoste partje

2182 2394 2417 190 goet die ue sal koope als ue overkompts sal detonne bieraen

2177 2502 1344 173 ue uytter handt betaelen blyv

1984 2616 1204 163 LLnden walt & Will Keut

2224 2635 2442 212 ence my last of 23 past recd yours of 4d shall exspectsne

2224 2802 2442 138 remises for I could have remitted you this day a 31: 9 a 10 en

2224 2885 2445 190 & the flannels ordered to be added to the dyed to make

2216 2985 2409 176 2 pack of 40 p vil those of 16 a 17 pence to be the

2211 3111 2444 122 most part yett a rather of 15 pence, butt not to exceed that

2203 3172 2430 179 prise, except the super fine as by my order of 16 past, I

2189 3274 2447 175 have the pack N54 butt the flannels preuve dearer then

2202 3390 2451 128 what I had before, therefore lett my intrest be osserved in

2200 3471 2511 132 this dead time of sale hopeinge you shall make itt my advan

2194 3570 2479 167 tage to buy now when you meet 5 pack whites EEE geel

2194 3666 2434 150 marck pure good buy them provided they have vhe

2179 3765 2364 143 conditions for white more ex pressed befor I am had

2184 3880 2523 146 astand for as pas clothes,: because & die not know what

2199 3948 2413 159 to onder & finde not one chestmdet cullour which I

2184 4026 2436 173 much want in fine of 15 a 16 p whoever inclosed some

2181 4160 2423 149 to be bonght & addad bs formar orders wee have no news

2168 4238 2386 162 from hull convoj for Rott I hope they ate in sme good

2206 4302 2398 149 herbrow in Engeland those from Rott ae vere infertid

4964 159 2520 146 nate in the onvoyes from hull & wee with them inclosed

4963 262 2415 169 bill of ƒ 194ƒ 18:2 a 99 ½ ¼ onthout brouwer procuse

4951 364 1335 179 acceptance & returne mee I rest

6728 445 637 183 6 Janu 1695

4713 462 1194 239 Londen Richard Sonthell

4961 575 2505 195 in andwers to yours of 9 gber & 4 past you haye credit for the cost&

4959 676 2549 169 charges of the 2 packes N1 & 2 arrived from Hull att Amstyou

4960 783 2504 159 beinge my old freind I must tell you that in sendinge anney ac

4975 863 2524 167 compts you should make them up in a particular paper & be alwayes

4964 965 2531 202 punethall to send compleats accompts as wel of good from london

4956 1068 2515 176 as hull & not dilaye till you have the charges from thence because

4966 1185 2500 159 you ought to know what charges rise there as well as m Gent &

4969 1268 2490 136 others as welso that wee paye not one fardinge more for port if

4947 1347 2454 166 letters though 2 „ 3 4 : a5 invoyces were meluded Jamsorry these

4959 1441 2501 208 goods weren froven att Amst so that they can not serve

4946 1540 2568 158 my tone this season yett those of Rott an not so happoy

4947 1642 2555 180 for wee have no accompt where they be I hope you have sold ing

4962 1737 2479 191 tykes by this time if not pray make an end there af att prise

4968 1867 2529 130 cur insuringe the debts as formarly proposed & for my remboursemon

4960 1949 2450 159 you may send mee when you please 5 pack whites EE yeallon

4960 2017 2551 153 marck when you meet them pure good whiths, without blew sorepe

4960 2163 2533 126 for they can not serve mee except they be fit for religious ha

4983 2218 442 154 btt Crest

4720 2272 955 264 Amst geerd Rover

4987 2422 2415 163 bidde te letten dat ick van het recht van transito niet vervalle

4961 2481 2515 178 om dat sommige vrinden daer in hebben gemanqueert versoecke wijders

4962 2566 2502 192 eene neost reken van myne 3 packen beneffens mijne reln

4973 2723 751 161 court blijv ome

4766 2765 1223 272 Cortryck de weduwe Causse

4932 2842 2477 256 naer dat ick met mijnen laesten brief aen ue staelen hebbe

4986 2978 2447 237 gesonden van hollantse blouw lakens hebbe ick van ue geene

4964 3068 2526 196 antwoort becomen tsedert is godt lof het ont iaer geyndight &

4960 3184 2517 186 het nieuw begonnen het welck ue seer voorspoedigh toewenthe

4970 3278 2481 191 vermits ick iaerlyckx gewoon ben mijne boecken tesluyten soo

4967 3363 2534 160 seynde ingesloten ue reken court begint 30 runy laest al van

4970 3489 2461 175 hver ick ue 4 rekene cont te samen hebbe gesonden waer van

4967 3555 2505 180 ue my als dan schuldigh bleef £69: 7:10 en & nu is ue my

4980 3672 2494 182 schuldigh £415:18:5 en wisselgelt twelck vervolges ge

5028 3770 1109 189 lieft te nottere bly

4710 3879 1074 193 beyden geerd vromans

5004 3909 2391 217 de 3 blouwe lakens ontfangen maer dean is merckelijk

4989 4036 2502 182 beter voor syn gelt als d'ander nu soude ick met t'open gale

4973 4100 2469 184 waeter wel 2 a 3 stucken begeiren van 2a 63 stuywit tot

4980 4220 2473 155 5 a 76 t met een kopele ariense fijne roode carmosyne van ontrent

4968 4314 2396 156 den selven prijs, soo ue occasie hebt soodanige gereet te maeck
