7883 4668
968 209 2288 115 for the gentelman of the banck of England I can not suy noting

961 280 2255 124 wee shall receave them asstrangen & I doust that they not shall

943 368 2314 114 finde their exspectation, whoever itt can be ons no prandice I wish the

947 430 2324 154 well when to lucke in their piculation pray your opinion of thex

976 504 2255 160 becceler & comp I wonder you send mee no accompt of the last 50

944 646 316 118 kersies

2695 612 456 209 13 jun

710 685 798 164 ansse brusse v an

940 804 2319 178 dssen mademereda 10 cas iis geen grace

967 922 2297 175 1ca hais allmsterdam a 28:2 a 3 perd londes

976 1039 2293 165 2 Jnnoudhuy ie de 29 us qua 28:3 sombart

961 1144 2305 155 i   quo s ms vende ls latter

926 1284 2258 124 2d reules sur ea cville, et si pas ener, ie vant

937 1356 2294 136 pnee de ate Raster E deresche ne donbram

943 1480 2212 143 pas quson vans a donne provisionelement la

957 1557 2290 143 quitaenie maniele den derx aties, loo ghileet

942 1691 2245 151 ilvoirs plaira mdere op . siverre sin

926 1761 2246 177 moy sort e argent ns

948 1838 2171 176 m  1 aniseue peu deiour puviren

897 1965 2355 172 ƒ1200:cken mons ververs e ue van

908 2033 1922 193 marqieret en senternn is send

2682 2151 210 148 19 d

697 2172 866 183 gent ludovieus de wolf

946 2238 2322 164 op 20 deser was aen u mijne leste, saderdans is aen uwe gesonden

1932 2352 268 114 lakens en

959 2343 960 128 een pack MD N°1 met

2195 2352 1013 138 ¼ inlansche geverfde lakens

945 2434 2203 149 heden hebbe u toegesonden een ander pack MDR N°2

2897 2533 167 73 evr

944 2512 2200 131 met noch 3 geverfde inlansche lakens bij de voors de ordre

935 2564 2250 186 voor mons: de Rasse van doornick, en twijffele niet oft de

949 2647 2322 169 selve sijn u wel geworden hebbe u versochtofte uwe certificati

947 2712 2149 161 noodich hadde van inlanssche fabrieck, al hoe wel maer

935 2793 2333 171 hollandtsche daer bij sijn soo can dat voor inlandtsche passere

940 2895 2313 142 der alven versoecke ofte uwe de certificatien te hebben salse aen

945 2955 708 140 uwe ordre senden.

2606 3006 194 140 14d

683 3034 922 172 doornick jouffrouw de Rasse

934 3163 2328 165 hope dat dese u.l wel tot gent gearriveert sullen vinden het pack N

939 3203 2311 182 met 3 lakens en 2 van lauerijssens gelijck ick in de factuer hebbe

941 3312 2264 129 geschreven is, voorleden saterdagh tot gent geweest, en heden het

942 3399 2307 170 pack N°2 met dandre 3 stucken, sende dit alle de expeditie die ick

941 3440 660 137 hebbe connen doen

2674 3514 49 122 6

658 3502 957 174 brussel govaert ververs

896 3559 2284 161 in antwort aen den u.l. van 14 deser mons: beerboome sal de ƒ500

920 3656 2314 151 betaelen, en ick sal ul daer voor crediteren vlgens u.l ordre

921 3721 2349 180 ter wijle ingesloten aen u.l. sende de factuere van de 3 supersij

929 3803 2316 146 lakens gerabatteert ten prijse u.l bekent het welck geschhiet om dat

913 3881 2352 158 het goet bij u is en opt hope van een beter int toecomende.

936 3938 2279 138 ode goederen laest gearriveert sijn nu alles hier waer in u.l

1281 4039 144 57 doen

933 4047 1561 135 can dienst gelieft liberlijck te comamander.

4316 638 1215 182 einder dalinge soude even wel niet di

3843 782 1649 265 by the resting clothes not yet bonght,

3874 939 1444 195 & by the4 ordered 3 june so add

3385 1106 81 140 3

4130 1115 1294 211 foeach par oney more from

3378 1292 67 105 4

4154 1263 1290 192 6 so7 ƒ a7 a6 the lower

4092 1425 1349 171 the better butt N1 some whel

4188 1582 1082 167 More upon the bleck

4176 1709 1221 207 or o the fan if so to be had

4266 3009 961 160 Antwarp 16 Juni 1695

4122 3110 1389 152 this order to beadded to that of 13 cur

4192 3212 1270 155 2 to N4 of 13 cur of about 13 a 14 p

3594 3227 451 146 & N20 tselve

4184 3305 805 132 2 to 14 of about

4192 3333 872 177 2 t0„5 of about f

4215 3467 827 129 2 to. 16 of about 3p

4210 3520 1273 154 6 a 8 p to N17 & 19 from 6 to 8 p

4236 3585 1357 190 6 a 8p to„18 a 20 from 6 ƒ 7 a

4719 3701 888 145 3 p according Rappens

3261 3769 49 108 2

4219 3769 1144 161 608 p to N26 from 6 te 8 p

4523 3874 992 135 butt then must to the lowest

3248 3925 78 126 23

4129 3962 1350 177 26 a 32 p prises the lower the rather

4454 4059 1030 148 pote added to the order of 13

4126 4132 705 195 70p Juni beenge

4004 4246 1237 199 will come to 100 p spans clothes
