8200 4713
1141 170 2167 115 soit quil a receee la valleur au point son obligation, ne

1139 264 2220 121 parle point de cela, s'il soit responsable, ie ne doute pas que

1126 334 2247 107 le S. lion selon sondivoir procurera bien la valleur, mais sile

1128 447 2215 111 messagier, n'a pas la capacite, ie ne voudrois pas perdre le

1113 513 2203 114 despens et la capital, i'auray soing pour vre remise sur

1129 611 2235 117 martin campo de N341 ¼ a91 il pendant que vous este

1132 727 2308 106 debité pour ƒ 900:- receu pour mon compte du Sr Walraven

1135 809 1997 109 il me sera aggreable que vous voules contunier

1145 873 2308 174 de procurer une peruque du S gilson mais a toute quelle sois

1118 984 2114 187 garnie parderrier plaine & solt longue descheveau

1136 1082 2129 155 come la premiere si iones, sa prend encore la liberte

1127 1207 2296 118 de vous cherger de 4 quitances a charge de la ville de bruxelles

1129 1281 2219 141 comme du passé, deux chaun de ƒ60 et un de ƒ50: et unde

1151 1405 2243 154 ƒ52:6½ ensemble ƒ 222: 6½ argent cairant pour vous debite

3007 1485 213 108 20 di

898 1452 1035 199 brussel Anthoni Rousseau

1144 1530 2164 195 depuis madernierx dhier reccu la vre du memne date avec la

1147 1634 2217 163 remise de £ 370116:8 a veu par casse sur laurenso delmarmole

1150 1727 2187 162 pour le quelle ie procurere le necessaire ce soir est troptard, non

1115 1806 2244 149 obstante iay procuire acceptation sus vos 2 lettres a charge

1128 1902 2140 141 de boemans & de trotteur lesquelles vous aves si sonet.

1136 1998 2143 124 ie mestome que le S: cAnsillion vous donne ce paine la

1130 2090 2142 144 aull voyci responce de mon indoseur de la lettre de ƒ100:-

1150 2173 2158 169 cest pour quoy iespere que payera a micablement pour le

1152 2267 2244 154 S gilson ma fois ie ne suis pas d'intention de donner 18 mita

1151 2370 2148 153 pous une peruque et sul demant plus que pour la premiere

1138 2453 2171 150 ie me passeray avec de louvrage d'ere ville, mais pour un

1150 2538 2177 177 pattacon plus au moins ce nelt pas un affaire faite comme pour

1136 2634 2034 157 vous memne car ce que vous feres touss mest aggreable

1137 2722 2198 205 1 CeS. de marquole at ordenne a son cassier de payor les

1135 2854 2218 204 370: 16: 8 et en escrit mais le casther no stnt pas

1168 2937 2223 236 cculoors I inedente pas qu'elle sirat nay e deman come faute

3029 3058 307 170 21 gber

867 3088 1002 173 brussel guille walravens

1164 3134 2173 186 ick hebbe op 19 deser aen ul het noodich geschreven ende

1147 3262 2226 160 gelijck ick dan hebbe gesijdt soo sijn mijn verse goederen heden

1135 3347 2260 146 hier gearriveert en hebbe heden p: beurtschip aen ul toesonden

1130 3426 2257 138 1 pack 6 & inhoudende 9 spaense lakens 4 ftannellen 2 deventer

1135 3564 2096 128 baeije &1 kersije tot terdilure, volgens de medegaende

1140 3611 2205 151 reeekeninge ick en twijffele oft alles sal tot ul contentement

1140 3677 2292 154 wesen maer alle witte goederen vallen dier e&schelt soodan

1131 3769 2281 141 dat ick ul die 2 deventer baeijen niet mijnde gesonden te hetben

1141 3900 2255 100 ll hoe wel ick die tot ƒ50 conde vercoopen & dat ick 23

1127 3951 1750 187 stucken hadde tot 50 & meer soude ponner a  coopen

2370 3964 938 126 soo sxelle dese maer tot

1108 4042 2155 158 149. soo heeft ons convij van Londen arriveert sel

1136 4122 2182 144 ul ander staelboeken senden maer ick can mijn goet

1143 4200 2188 183 niet overlaete opm dat ick de wissel gerekent gelijck

1149 4321 2176 121 die nu gaet niet can aen wimen, soo hebbe dit voor

3564 181 2461 125 dese rijs gedien op hope het verfgoet comen sal do meert sal volgeg

3569 219 2368 143 ons convoij van hhet is godt leef tot rotterdam gearrivert miet

3574 288 2439 173 baeijen kersijen, do sijnen, noortse & geperstelakerthet welck alles int het

3568 374 2436 156 eynde vande naeste weecke hier verwachte heeft al iet noodich

3584 474 2376 137 moet in tijdts laeten weeten sal altijdt divoir om wel te dienen

3488 555 928 135 Rotterdam Abram de bra

5278 568 680 168 Adij 22 gber 1696

3568 653 2463 137 duwe van 16:18 & 20 deser ontfangen als mede de 4 packen van londen

3565 727 2481 119 gearriveert tis mij seer aengenaem dat de hulse vloet behouden is gearriverte

3568 831 2464 134 te meer omdat die met mijnen intrest daer bij sijn alwaer 2 scheepen noch

3572 932 2444 116 vernest worden ingesloten sende ul de 4 cognossementen, hopende dit geen

3567 1005 2379 168 g retardement sal gelauseert hebben aen d'expeditie, die ul opt hoght

3558 1061 2434 168 gerecomandeert is, daer en tussen heeft ul de comissie oock van P6

3551 1172 2450 134 vermolen, en wenschen wij wel datter soo veel goet van ons te samen

3562 1257 2423 192 conde gelaeden worden in een schip als mogelijck is, al soude het

3551 1361 2457 163 daerom een dagh tardeeren, om dat in het aengeven op het Coninch

3558 1463 2442 171 licent ons daer aen gelegen is, dan in dien gevallen boven al te laeden

3550 1550 2445 183 in een hollander omdat die wat vigilanter sijn alls ons volck, segge

3560 1655 2453 184 dit ingevalle het soo gevoegelijck can geschieden maer om daeromne het

3549 1744 2466 125 eenige packen op te houden & 3 a 4 doegen te tardeeren magh geend

3563 1848 2455 137 weesch omdat wij te veel om die goederen ben verlegen, der alven doet

3551 1920 2458 186 het beste dat mogelijck is: & adviseert wat passeert ul ingesloten is gest

3516 2029 2489 169 teren op lillo voortsgegaen, gelijck ick ul recommandere den medegaen

3539 2091 543 140 de op engelant

3472 2252 800 163 valeneyn lois de blord

5708 2290 96 186 d

3538 2354 2460 184 J'ay receu la vre du 19 courant, et suis bien surpris de voir que vous

3545 2444 2449 211 me cherges des semblables commissions, il est vray, iay presente a gu

3554 2562 2417 184 courant a mad. vre compagne, quand elle estoit diey que ie pacterois

3548 2643 2421 173 toute la marchandise et que iauray soing pour lacheminement, mais

3542 2746 2432 157 il n'est pas se meller pour recevoir & paiyer come vous demandez a

3534 2805 2451 197 cause que le temps & mes affaires ne me permettent pas, non obstante

3556 2921 2431 184 pour cette fois ie vous feray en cette cas touts les services que ie puis

3557 3043 2444 149 ce pour quoy iay parle a touts ceux, ou vous aves accepte et personne

3541 3108 2473 129 ne veult livre sansvois leur argent, principaelemant le veuvede vos

3558 3205 2444 130 la quelle en vous veult bien discherger de vre acchat, a cause que vous

3550 3269 2433 204 n'aves demandez que 10 iours et que la soie se vende a plus profief

4217 3357 367 77 asperseade

3553 3391 2455 177 ie les ay touts prie de garder la marchandise, et que vous maves escrit

3556 3481 2467 145 de faire des remises pour touts comme vous aves commence pour le caution

3537 3563 2499 184 du S. de fontane, ou la marchandise est vandue par argent comptanti

3547 3675 2419 175 parsonne je ne veult contenter avec de la caution, tellement quil ny

3536 3785 2464 108 a rien a faire qu'avec de l'argent. le . bersels ayant accepte a payer

3541 3831 2395 129 les ƒ700:- mais pour les ƒ431:10 ¼ vous ne pouves faire estat la

3550 3937 2457 130 desles, a cause, quil ne veult pas l'engager sans qu'il a receu la valeur

3540 4016 2308 157 il lay ay presente d'attendre 3 mois pour mon compte quil me

3543 4116 2410 121 donneroit une lettre de sa man, mais il ne veult pas absolutement

3547 4220 2435 133 tellement quil vous faut faire remises encor pour ƒ1444:13: carie

3543 4282 2452 193 mest pas mon affaire detirer sur vous a un & 2usances pour paijer icy

3547 4377 407 114 Jaux autres.
