8152 4692
2790 162 541 118 13 meert 1697

752 168 1097 152 Loven Adriaen Everaerts

973 167 2313 170 den ul van 9 deser wel ontfangen en sijn de 2 lakens die ul

963 327 2273 114 vraght niet alleen vercocht maer oock, maer oock meest

981 393 2228 165 alle het vers goet dat ontfangen, soo dat ick seer wijnich meer

980 485 2354 143 bij hebbe & wijnige apparentie sien ander te becomen waern ick soo

991 603 2370 138 soo wel als ul & andere moet patientie hebbe tot dat het beteren will

2932 670 225 106 13 d.

737 640 838 176 brussel Antonij rousseau

988 722 2290 184 i'aj receu a son temps leschere vres de 7 & 11 court avec la lettre

976 849 2347 100 500 suslacherge thomas de pret, la quelle ie vous renvoije si oute

976 944 2286 113 deuement accepte, pour les 2 lettres chaque de 73 negotie

981 1050 2338 93 avec mons. horenbeeck, il m'en ademande les secondes le squelles

977 1142 2277 105 ie vous prie de menvoyer, et sul soffre quelle autres choses a vre

988 1208 1476 149 service vous maves qu'a me commander.

2628 1220 591 172 adj 14:d

726 1288 837 182 london Mess. Sient

2889 1355 119 103 a

1011 1370 2272 195 B onglust to you was on y. 11 curit, according to 0

1000 1467 2223 228 I exspect y. 2 packes n° 3 & 41067 y0 of 23th past are ship

1001 1570 2302 197 aboard thoma hawerth fulley ensured, though by said letter you

996 1671 2362 214 maie no mention thereef, I have y. acco patt. & bill of loadinge

719 1797 2561 164 of N186 abord John twijman for ftd Bredge 10 is well, hopeinge that

1014 1860 2335 192 6 men of wars shall bee thein convoy for ostend, as you say, for y.

1010 2008 2341 173 frenen continue ir crusinge unon our coast, & wee are notin

1018 2056 2276 187 acondition to kelp itt, so wee wholley depend unon y. english,

997 2146 2288 221 shall take care, for what I have invoyces oft, butt pray what

1001 2267 2330 187 might bee shup. for Bridges, & whereof I can not have y invoyces

988 2346 2312 205 timelly, gott that ensured with you, & lett mee know what nasses

999 2434 2307 214 about convoje to take my mesures accordingley here, & for y.

1014 2549 2349 191 2 bales n°3 & 4 ship att hull I exspect, you shall have taken

1003 2657 2301 185 case, as you promised, by yo last in y. weane while lett mee

999 2750 2322 248 have some draps to y patt last sent, though 8 a 10 p. att least

993 2864 2316 246 as manney as time will per mitt for y. finst convoy, addeinge

1011 2953 2300 235 3 a 4 white sarge flannells of y vere bast that are to bee had

1029 3069 2329 206 though 25 a 26 pence a y I wiss: you could finde, & a 3 supra

988 3192 2366 228 fine white bayes, either swanskins or devonshires, of what mee, sere

1011 3284 2343 215 if butt fine & white to come p. first opport tenit y. I hope you shall

1005 3423 2346 191 noa toke ill that I send no remises yett. ½ is because ever gone is t

1019 3520 2280 144 opinion that on. will fals before this month shall bee out

1015 3614 1948 168 because necesset presses  remiies for f. armier

5061 110 994 193 4 216:

3412 169 634 157 Amst geraerd rover

3537 242 2519 136 op 11 deser was aen ul mijnen lesten & alsoo sedert geen van ul hebbe becomen

3534 347 2467 99 soo vermoede dat de voor dees versochte assurantie bij niemant anders onder

3548 409 2500 159 oft tot 5p. to hebt connen becomen, in welcken gevalle mij hadt vergenought

3544 495 2477 104 & bij mijnen lesten hebbe ul vande de geproieitteerde conditie van 6 p. cto

3543 595 2494 118 ontlall deralven het wat sal aensien te meer om dat de mess. kent van

3549 653 2509 107 londen mij schrijven dat de admiralitijdt aldaer 6 oorlooghscheepen geordoneert

3546 717 2447 129 hadden tot convoij voor de scheepen naer ostende, als dat niet suffisant

3535 800 2418 150 genoch en ul, soo moeten wij de negotie staecken die van hul naer

3544 884 2420 134 costij waeren seyl reede hadden 4 hollantse oorloghscheepen, int schip

3516 961 2561 178 van thomaskwort sijn voor mij gelaeden 2 packen, 4 andere stonden e

3529 1056 2499 207 noch gelaeden te worden waer van de cognossementen p naesten tegemoet

3528 1175 2536 199 sien, den heere wilt ons van schade behoeden, ick ben in de scheepen van h

3528 1220 2456 194 londen naer rotterdam oock geintresseert wat van wegens d'een & dander

3520 1329 2500 153 passeert verstaen dagelijckx te vernemen. als wanneer ul tijdelijck sal

3534 1405 2483 214 adviseeren wat intrest & wat in hout van goederen van hull costijver

3522 1514 2552 166 waehten, op londen blijft hier op 35: 2 hope het in cort veranderen sal

3542 1592 2495 199 wat passeert verneme geerne terwijlen versocke eexpeditie aen dingeslotene

3407 1653 713 144 hull henrij met calf

5659 1725 177 120 14 d.

3544 1713 2472 262 mij last to you was ont the 28 past sence non from you, as. S then

3521 1820 2489 216 wrid the you 25 capers are devided in 4 esquadres & crusinge before

3527 1894 2483 232 tessel, maser & touwars de cours of england & dhogh m. potter rites miy

3513 2022 2499 199 that you declined all bisenes, itt hope that you will not neglet mine

3530 2093 2422 178 for thistime the more because I have de bils of ladinge for

3518 2196 2443 193 w 3 & 4 schipped see you for messr. kent abord thomas a worth

3521 2258 2431 238 douwt mester potter hath imployes mes. William sanson whith I

3506 2363 2513 220 know not, this bij your recommandation s inployet mi. ootter therelore

3506 2479 2504 195 praij helpt mee distime to ship of de 5 packen y forworded & liveere

3511 2549 2425 233 not consigned to your, sorpreake to said m. sanson, that al swidh

3516 2635 2496 241 you I do vides my risico & itt ensured what hee shipped & 2 packes

3525 2702 2346 263 abord hawort beeinge for mij accompt & shippes the gods from

3517 2859 2420 194 mes. potter about others & if you plassed not to bee so kinde

3496 2919 2495 210 af to help mij there in, lette thus letter bee delivredto in & mij

3555 3036 2454 220 formes that soo mij gods besided accordinly & en sused, vere on sdepen

3400 3057 591 169 leds Jhomas patter

3509 3172 2517 237 sence mj last of 11 courant non from you. having considered the changend

3513 3256 2494 236 of m. metealf correspondence to m. sohanson, doebt that will be agreati

3512 3343 2487 237 preiudice to mee, for S have given the needfull orders to mr metsaltf

3509 3417 2495 210 who by y last latters hash ship for me from, m. Hedt of London

3511 3553 2513 155 2 bales aboard thomas hawerth for Amst & if mr. Johnser Ihoul

3538 3642 2486 161 ship in f. same vesses, & not dovide my risico, s I have ordered

3520 3719 2485 188 I might come to aloss, t'was yo businees to sone my goods toma

3507 3811 2477 182 metcalff, as you witt to have dor with y. bayes, & I have gver

3528 3951 2475 163 my orders accordingley, now have vritt to m. Metealfe to speht

3537 4062 2474 160 said mr. Johnson, & ifhe will not follow my orders amst

3403 4132 2612 127 t f to deliver my letters to mr. Johnsi that so, my goods bel denoed

3412 4219 201 103 salij

3407 4259 2612 134 aett in shipping according & cnsured, wherin praylett be no neglectt

3388 4322 2616 104 dessuredgheugh they wers depart for I have not whit to mr toinsen e

3514 4399 2432 107 y. goods iel en sur with good piec. gett caser att least alf or of y
