8097 4576
1131 145 2206 125 voorts te helpen het sij over der gouda, adroituere, ofte over rotterde

1100 191 2235 170 Aen Abram de bra, om dat van daer daegelijckx schepen errewaert

1119 298 2212 136 vertrecken, en bij vriesent weder de laeste sijn die uijt hollandt con

1122 361 1913 146 wat passeert verneme geerne & naer groetenisse blijve

2770 417 561 148 Adij 17 sber A11

810 419 1095 248 Rotterdam Abram de bra

1114 489 2211 145 de uwe van 9 & 11 deser ontfangen als mede de packen N 70 & 73

1104 625 2214 106 sijnde N68 noch niet te voorschijn comen: daer is een pack N 75 tot

1110 710 2232 93 hul blijven liggen vreese voorden winter geen ander convoij van

1111 771 2229 110 daer te verwachten en is het gene geerne verneme als mede wat

1128 837 2166 107 costij de beste witte kersijen gelden niet twijffelende oft daer is

1137 893 2199 131 een goede partije met laest convoije overgecomen, sent pr. eersten

1127 952 2208 175 ie reseeninge van oncosten, geeft d'ingeslotene citto voortganck, en

1100 1035 807 170 blijft godt bevolen van

2964 1101 268 119 17 ditto

845 1127 957 208 Leijden Hendrick Hermanse

1131 1174 2193 178 sedert mijnen van 7 deser van ul niet vernomen nochte oock de

1110 1283 2181 136 lakens die gij sout hebben voorts gesonden, de ka heeft 10 deser

1110 1342 2157 148 aen ul een rattien gesonden, en seght dat gij den volder seer

1115 1426 2224 132 moet belasten de lenghde te spaeren, om dat het soo curieus sijn

1129 1539 2139 135 hij sal ul dese week noch 2 lakens senden, daerom draght

1119 1605 2218 140 goede sorge niet wete dat bij dit weer niets can gevolt worden

1101 1682 2226 164 even wel het gene gevolt is can ul wel af berijden. verwachte

1121 1772 1152 158 te verstaen wat passeert & blijve.

2906 1798 280 182 17 ditto

847 1852 960 143 Brussel Cristiaen segers

1108 1911 2214 129 in antwort aen den ul van 12 deser, soo ick andere gelooven wil

1094 2032 2248 121 soo heeft ul in de bombarderinge het minsten van al verlooren

1096 2092 2153 178 gods gave dat het soo waer, ende hoe het is ofte niet ick ben

1090 2215 2220 153 gevoeligh genoch, dat het ongeluck maer al te groot en is, doch

1117 2286 2175 124 wat willen wij doen als patientie hebben, ende sich resigneeren

1099 2385 2226 116 in den wille des heeren, andere vrinden hebben oock al verlooren

1106 2458 2187 127 en daer is niet eenen, oft sij hebben mij gelt gegeven, is differente

1120 2555 2169 124 ten vollen betaelt, ia beter als voor de bombarderinge niet

1113 2657 2187 113 tegenstaende weest voorsekert dat ick al doen sal dat de discretie

1111 2707 2212 137 can dencken, en daer omme hadde ick niet getwijffelt oft ul soude een

1117 2836 2190 103 expedient gevonden hebben om mijne assignatie te betaelen ofte

1100 2871 2211 144 ten minsten met goede worden uijtstel genomen: nu is het ul

1090 3002 2214 105 ommogelijck moet patientie hebben evenwel mij duckt soo het

1109 3069 2144 135 al geliefde het briefken te accepteeren voor kersmisse te

1109 3194 2190 107 betaelen ul dat wel soude connen te weegh brengen, en can

1118 3275 2163 133 het niet heel geschieden, laet het de elf oft meer wesen, het

1098 3314 2200 182 welck dan int geheel oock aen ul discretie laeten en waerin

1096 3418 2226 131 ick ul voorder can dienst doen, doen het seer geerne, wenschende

1085 3497 1405 155 ul veel goets, en beter fortune blijve.

2768 3528 318 175 17 ditto

831 3579 945 137 gent francais herrebout

1084 3622 2150 176 in antwort aenden ul van gisteren hope ick dat gij mijnen

1088 3739 2184 166 brief van 12 deser noch eens sult hebben gelesen, en daer uijt

1097 3801 2237 195 verstaen, dat ick boven al gerecommandeert hebt N 93 te waege

1078 3897 2210 199 en dan voor alandere te voorsenden, en dan N 91 beneffens

1085 4020 2205 128 1N2, en al de rest te scheepe, daerom dat ul N90 heden niet

1091 4077 2233 173 sal hebben mederesonden schrijve ick u desen, want met mij voor

1098 4144 2235 173 gaende, hebt ick u dat genochsaem geduijt. soo laet alleen N93

1078 4232 2226 164 en N95 en 2, en is N 91 nu noch te gent soo laet dat nu te

1080 4340 2087 122 scheep comen want de expeditie aen Coots gerecommandeert

3554 153 2348 192 en wat te gent te doen is moet ul van de ordre verwacht en agoverno

3400 213 1865 182 dus soo niet te laet alleen N93 en N2 te waegen.

3349 311 778 185 Brussel Guill Walravens

5089 310 800 183 Adij 17 sber A 1695

3534 363 2403 213 ben verwondert te sien den inhout van ul brief 14 deser waer bij ul

3545 490 2421 153 seght datter maer 2 partijen open sijn als die 6 julij en 6 sber, nochtans

3521 553 2437 194 is die van 11 gber 1694 noodt voldaen, ul remitteerde mij de volle partije

3540 652 2335 164 tot laste van fladderacker, & jouff: vermoulen, maer alsoo de selve dul

3517 745 2399 133 volle ordre niet wilde betaelen heb ick ul dat gescheren, en ul hebt

3523 840 2447 159 mij geantwort dat ick ontfangen soude het gene sij geven wilde, het gene

3508 891 2446 177 7:17 differeert: ten is niet redelijck dat ick soude moeten missen het gene

3530 986 2443 197 een ander aen ul cort, oversulck de rest blijft  163: 4  wegens de cortre

3529 1099 2438 151 =ssen op de goederen daer is nietmant daer ick mede andele die daer clachten

3528 1157 2428 206 over doet al ul: ick wille wel iets doen dat redelijck is, maer die pretentie

3506 1271 2381 138 mackt gij te ondiscreet, ul betaelingen sijn goet, en daer om coopt gij

3511 1330 2447 211 beter coop als een ander, wat maniere van vragen is dat 1 p voor

3529 1464 2405 145 promte betaelingh, de partije van 6 julij is in 4 maenden betaelt

3507 1575 2459 132 die van 6 october soo naer in twee, ick hebbe meer vrinden te brussel

3499 1633 2408 164 die soo betaelen, en noch promter, maer nietmant proponeert mij

3517 1733 2369 171 sulckx, wat ick hebbe is tot ul dienst, en belieft ul op een iaer tijdt

3520 1823 2349 119 te coopen ick sal ul geerne dienen, miets dat gij 4 oft 5 pro meer

3510 1917 2415 139 geeft dan als gij gewent sijdt, gelijck andere geerne doen die dien

3511 1980 2415 202 tijdt hebben, soo dat voor promte betaelinge hier geensins te pas comt

3495 2056 2436 221 ende als ick voor ul clachten van fouten & cortressen  7:4 laet

3495 2195 2406 184 vallen soo hebt ul niets te claegen, en comt mij dan noch par rest

3508 2270 2431 200 156:- belieft ul dit te betaelen sal een absolute quitantie senden

3497 2348 2378 229 ende alsoo onse convoijen gearriveert sijn soo verwacht ick int eerst

5842 2476 52 106 en

3511 2473 2440 212 vande naeste weeck alle de goederen hier, sijnde alree eenige aengecom

3512 2546 2430 232 diene ul geerne goeden coop, maer wille maer eens laeten dingen

3507 2631 363 140 die blijve

3340 2663 981 174 Brussel Anthonij Rousseus

5214 2746 332 128 17 ditto

3493 2826 2414 140 a hier estoit a vostre graces maderniere, can ie vous marqua le

3507 2892 2428 193 payement de mons van Elsen, et priray de me renvoijer a lasfin

3479 2978 2466 184 gation a la cherge de puis receu la vostre de la memme datre avec

5026 3087 137 71 port

3491 3092 2463 167 une remise  85:11:1 sur Jaques prols, la quelle procure le necesse

3464 3138 2456 208 aire, si joint la lettres 2000:- accepte par mons pract e fies

3486 3248 2461 164 comme ausi ie prend a liberte renvoijer la assingnation sur segers

3498 3361 2442 184 aiyent fait un autre assort par ma lettre auiordhuy, ie spere quil

3503 3412 983 160 paijera en quelque terme

5498 3485 297 148 17 ditto

3343 3456 951 175 brussel wouter van Elsen

3489 3585 2435 175 ick heb u gisteren noch mijnen te sprecken, maer niet gevonden het is

3484 3650 2464 261 mij leet dat ul sijdt door gegaen in die gedachten al oft de baeijen die

3476 3748 2459 241 gij hebt gesien noch van voorgaende marten waeren, sij sijn eerst in

3498 3831 2416 224 octaber in engelant ingecocht, en costen mij tusschen de 6 en7

3483 3926 2427 229 ieder stuck meer als de voorige gecost hebben, soo dat ick tot eenen

3483 4017 2465 238 gulden het tt engelsch gewicht te vercoopen, soude moeten voor mij

3481 4110 2453 237 arbijden, sijdt voorseker dat het vande voorgaende mardt hadde geweest

3461 4220 2380 185 dat ick geen contant gelt soude laeten gaen. ick wel wel gelooven

3465 4312 2445 135 dat ul hier en daer noch wel wat can hebben gevonden maer daer

3479 4424 2352 42 moet ick patientie in hebben, hebt gij niet gevonden en gelieft ick
