8207 4630
1172 172 2167 99 avec les uelle ie envoijeray la maitie de vos galles a amstm

1169 228 2220 141 geraerd rover en attendant vre ordre positive pour vandre icy

1179 315 2183 128 l'autre moitie au prise court ou de les envoyer par la meime

1171 404 1951 150 coute, ce que ie iugcoit vre intrest pour la presente ie suis

1147 452 2207 180 P. on me vient presenter 42: cento pour Adij 30 Julij 1681

1159 543 2152 157 vos galles d'aleppo, et iay considere que cela plut que 45. &  Amst

1147 648 2155 127 a chose que la differance de langers dhollandt a nottre est eviron

1148 724 2204 138 a 6 pc. et nostre poej dicy pardent hollandois 5 p., tellement quil

1168 822 2222 149 seret mieux de les vendre icy a ƒ42 quand dhollande a ƒ45: sur guij

1155 908 1856 164 j'attent vre ordre postive, sans parte de temps, ie suis

2877 980 514 150 Adij 30 Julij 1698

908 1002 917 136 Amsterdam geraerd rover

1157 1042 2250 154 in antwoort aenduwe van 27 deser hier is present noch geen beurtman

1165 1169 2198 137 op costij aen laedinge, doch daer woort een belooft dese weeckeaerte

1155 1227 2207 141 leggen als warner ick volgens ul advies niet ongeraede oordeele maer

1363 1317 364 77 pvan de galle

1158 1307 2230 166 de elft voor een proet te senden van het gevolgh sal ick ul tijdelijck

1163 1404 2153 152 advies geven, bedancke ul over ul gevoelen wegens de banck van

1176 1496 2071 155 engelandt: hebbe mijn meeste gelt hier uijtgetroecken daer loopt

1180 1623 2170 124 maer een partije meer die 28 Augusti vervalt ben echter getenteert

1155 1673 2204 129 om iets in exgelandt, doch niet veel te hasideeren, het gaet niet wel

1164 1781 2147 139 dat de regenten tot londen hebben verbodt gedaen aen de notarissen

1145 1856 2198 157 geen brieven te protesteeren waer voor als ingelt en ½ in billietten

1166 1938 2177 145 de betaelinge wort gepresenteert, waerop de billiets sijn gemontert

1159 2033 2224 126 ende wisselgevallen, doch ul mackt daer van geene mentie het geene

1173 2143 2174 77 mij dunckt gelooven de brieven tegen avent eerst waeren gecomen

1144 2215 2227 96 diet seght der oorsacke dat men hier geen gevert en heeft gevonden

1163 2274 2116 170 en al hoe wel somige 33 vraghde, soo is er eene goede brief

1158 2358 2116 150 op uso a 32:6 gedaen even wel maeckt men geen sonderlinge

1158 2412 2214 183 distinctie oft de brieven in new gelt oft a ordinaire sijn gemaekt

1168 2509 2155 158 verneme geenne hoe het costij daer over sich sal governeeren, hebbe

1167 2627 2181 130 al partije brieven aen de handt, gelieft mijne cammissie inde lotterje

1169 2698 2233 156 van alckmaer niet te vergeeten en den ingeslootene voortganck te geen

2920 2793 219 138 20 d

907 2787 946 155 Rotterdam Abram de bra

1165 2840 2149 170 op 28 deser was aen ul mijnen lesten met versoeck dat ul soude

1169 2957 2146 134 gelieven 5 a 6 lotten in de lotterije in te leggen, waerop geen

1152 3053 2232 121 antwort hebbe vernoemen, echter hope den selve ul wel is geworden

1151 3137 2100 128 omdat er een ingesloten op engelant bij wat en dat ul int

1155 3185 2232 190 voorschreven versoeck met sal hebben verluijmt, biddende wijdr

1178 3303 2194 166 mij van het gepasseerde advies te geven ende medegaende pront

1167 3400 2020 154 adres waerop mij verlaete en naer groetenisse blijve.

3013 3468 288 125 31 ditto

908 3472 878 166 Cortrijck de wed: Caussee

1174 3514 2198 153 op 13 deser hebbe ick aen ul geschreven en sedert met verlangen

1166 3633 2183 113 antwoort gewacht, des te meer omdat den tijdt naedert dat ick

1160 3719 2195 117 geerne voorsien was van een goede occasie voor mijnen sone

1188 3791 2211 142 tot rijssel te woonen: ick dat ul mij hier in can dienst doen, daerom

1185 3928 2180 105 bidde ick vrindelijck mij wilt te recht hebpen, op dat ick hem ten

1182 3998 2226 151 eersten naer rijssel mach senden. soude soutti van beeckx oft iewont

1156 4077 2165 137 anders van ul vrinden hem niet begeerent ick sal de costen wel

1169 4127 2250 166 betaelen, tis een seer iongelinck van 15 iaer, daermen geen vermijste

1175 4279 2245 71 moet voor hebben, der alven bidde ul antwort mij laeten toe te comen

1181 4311 2229 150 op dat ick weten mach wat messares hier ooer te nemen, waer in ial ul

1176 4394 2195 101 middele tijdt can dienst doen commandeert liberlijcke die blijve.

5240 164 739 118 Adij 30 Jullet 169615

3427 159 563 152 mons Jaques trivees

5431 231 142 52 rendre

3534 185 2462 178 il mess fort fataile, que ie ne trouves pas occasion de vous ouu service, cependand

3512 277 2428 141 iay considere comme entre tenir nostre correspondence, deux de met cousins ont eu le

3531 397 2447 121 honnheur d'apprendre france sur vre bonne direction, vous aves la bonte nostre

3535 496 2447 125 de presenter memne a mes enfandt, quand il pour les ester leers toutt, monnene

5211 553 695 111 serel vous un hommo de

3533 542 1406 167 15 anee et commancera le 6 escole le ling

3515 613 2448 183 pararol2 est y d'apperance pour obseir du governeur parmission de le laisser cla

3523 726 2431 131 vous ou moins on obtiendra pasport de a moins, cest pour quoy ie demande vre

3470 827 2478 128 advies caternelle, et ie vous asseure que ie suis veritablement de tout mon ceer

5533 877 175 102 30 d.

3438 884 739 153 brussel balthasar die mont

3517 896 2466 167 den ul van 24 deser wel ontfangen met de copije van de acte van vernaedering

3512 992 2462 147 de welck tot mechelen is geinsialeert, en naer dat ick bericht warde soo sal den

3513 1101 2465 111 cooper in oppositie comen voorgevende dat hij de vernaederinge sal doen nul vercae

3516 1162 2462 142 op preterste dat in de formalitijdt van aete iets soude ontbrecken ofte vernegligeert

3516 1245 2459 114 miets mechelen een ander provinie is deralven laet over deaete consulteeren

3524 1358 2453 75 ende de briven van dagh met den eersten voorts gaen nota oth Elsal is maer

3522 1388 2454 150 geossumeerden monbaer, ende ick tessementelijcke hem hebbe gaslameert ofte

3511 1468 2475 183 daer iets aen valt wal om dat ick dat werck niet verstaen, deralven recomm

3495 1606 2484 127 endere niets versuynt worde, en te noteeren dat den cooper geene cooppennn

3495 1708 2488 119 dge en heeft betaelt als alleen 10 pattacons wat passeert gelieft mij te adviseeren

3513 1773 2468 127 ende voorlichtelijcke voorts gaen op dat er geen onnoose oncosten geschiede blijve

3418 1811 1142 156 mechelen gilif van Lauwenbergh.

5525 1858 274 123 30 ditto

3522 1864 2436 185 mant vort aenden ul van gisteren sende ul ingesloten eene copije vande acte

3531 1981 2423 174 van vernoederinge int leenlof aen Jh. hul ma gemsinueert, bidde gelieft te seen

3518 2096 2356 130 oft en iets aen soude manqueeren, en het selve laeten weeten, hebbe heden

3515 2177 2385 139 aen den procuscier de mont geschreven dat ick geinformeert ben dat partije in

3517 2274 2475 117 oppositie sal comen op preteest dat inde formalitijdt van de aete van vernae

3530 2336 2337 159 deringe iets soude ontbrecken, en versocht hier over te consulteeren

3515 2455 2439 135 ende brieven van daege versenden met de conclusie tot sijnen laste

3516 2578 2352 120 soude het wel sijn omdat de insinuatie geschiet il aen gilis hulma, die

3525 2645 2423 117 scheepene is en dat hij pretendeeren sal sijcn vader den cooper te weesen

3521 2718 2432 136 gisteeren ben ick hier te gengecomenden broeder van de schepenen, die mij

3506 2787 2394 117 sijde mij soude comen sprecken. ick hebbe hem geantwoort dat ick geen

3515 2911 2448 135 mont en hadt met hem te tracteeren, en dat ick met hem bij m. Elies

3527 2991 2445 117 soude gaen, sal sonder acceptatie van de vernaederinge van de hiere niet

3544 3080 2430 151 spreecken, en ul iets voorders vernemende, gelieft mij te laeten weten

3427 3129 723 132 brussel Henrij Rijssens

5440 3167 236 104 P20

5639 3176 262 127 Luguste

3538 3157 2442 213 ben blijde te verstaen met den ul van 27 passato dat ul in ul huijs tijdt getreden

3511 3314 2461 86 ick wensche ul de benedictie van soo naer alle sijne tribulatie verlies van facilie

3518 3385 2470 158 en kinderen veel rijker is geworden als te vooren, volgens ul ordre hebbe ick heden

3531 3462 2396 117 par beurtschip ul toegesonden het goet 16 passato aen ul vercocht volgens de

3524 3539 2429 141 mede gaende facture, waer naer ul sich gelieft te reguleeren om dat in het sijn

3523 3624 2325 139 geperst laken een abues is, ende het wesen moet gelijck dese facture, icks

3454 3731 2272 118 s anders tot ul dienst voorvallende gelieft te commandeeren die blijve

3438 3774 665 127 brussel quill. walravens

5480 3783 213 147 ditto

3527 3823 2448 186 in antwort aenden ul van 30 pass. wij sullen die partije van jouff: vermeulen

3513 3926 2461 162 open laeten en als gij eens overcomt, dan sult gij dat wel advisteeren dat sal

3528 4024 2442 146 soo beter geschiede dan dat ick daer tusschen coome, en ick sal geerne soo lanck

3509 4132 2326 103 wachten, daer en tuschen sal ick ul adviseeren wat monsi shadderacker

3499 4159 2472 156 betaelen sal, Ick hebbe op ul twee hondert guldens court gelt op ul getrocken

3528 4245 2348 134 aen mons. rousscau te betaelen, wegens den baeij die ick tot vrapper hebbe

3529 4353 2346 71 mede gesonden dat is geschiet om de lakens wel te consiveeren en can ul die niet

3526 4390 2453 103 dienen rolt hem op en sent hem par beurtschip wederom, alsoo ick die niet minder
