8200 4617
5835 164 113 82 168:

3518 186 2406 118 the drawere is butt indifferent 9 as for the newest cullours bake such as yo

3526 232 2433 141 fancie is to be the hewest, y. sandie & otherr draps in fraest fines have don

3503 348 2400 136 & they see other cullolur like y zea water lookes in zec, do as for yo

3522 414 2437 157 self, you ought to know, the newest lett mest draps in tow prises

3508 476 2425 213 e to the inclesed coutt. beinge to n°4:2 of 28 may take now wpoi

3499 581 2413 198 the yallow, as n50 in that order, & send the more to y crasceir

3497 716 2428 170 vose as much cow prives as possible, & if a convoy is for holland be

3502 823 2375 145 fore that for ostend, so send one pack of sp. clothes that way y

3531 895 2420 191 addise what passes I rest  you mais by sixtis spanis choshes

5289 982 513 150 12 julij 1696

3419 1018 621 185 Aontn h: rover

3496 1032 2332 194 sedert mijnen van 9 deser geene van ul, deralven desen te corser, dienende

3502 1147 2436 156 principaelijck tot couvert aend'ingesloten op londen, waerwaerts men hier

3486 1252 2385 150 het wederom druck heeft af te geven, der alven krijgende treckers bij naer

3490 1329 2443 134 wat sij vragen, en maeckt men wijnich oft geen differentie ofte de brieven

3495 1413 2449 162 gespociticeert sijn in nieuw gelt oft geirnees te betaelen oft niet sijnde heden

3501 1484 2410 170 soo tot 31 st 3 a gedaen hoe dat het in londen sal volgen leert den tijdt

3495 1589 2415 150 ick ordoneere bij dese voor mij te trecken de weerd soo sulckx a 30 st oft

3481 1680 2440 122 daer ontrent doenelijck is ende de weerde in banck briefkens te ontfangen

3420 1757 2482 123 t versocke te weten wat costij ontrent de wissel sal voor vallen en blijve

3405 1826 440 129 London southoll

5426 1853 315 140 12 ditto

3480 1854 2373 218 non obstante que ne pas de vous novelles, ie suis en esperance que la

3497 1972 2441 222 presente vous trouvera bien chez vous, comme ie soit d'apprendre par

3493 2102 2393 147 la premiere et aussi vostre advies dans sur le change que le cours de

4361 2171 55 60 e

3478 2167 2350 210 prices de manifactures que vous m'envoijer mes ordres en suitte

3484 2271 2414 147 cespendant le convoij d'ostande partire en 10 a 12 iour pour londres

3476 2401 2435 161 het comme ie voudris bien avoir quelque chose par dit convoij iie

3484 2479 2343 153 vous renvoije les eschantillions mi vous l'aves ainsi la mains

3462 2542 2409 206 vous priant d'accheter un piece selons iacque eschantillion de 6 a 8

3488 2648 2382 193 b. la plus part environ 716 et pas de plus aux 8, les moindres que

3488 2781 2374 134 vous pourres trouver mes seront plus aggreables, mainne sil hout

3470 2821 2425 167 n'excederent pas 7, non obstante, is laiste cela a vre iugement

5339 2943 193 70 mes

3486 2944 2391 126 pour m'envoyer quelque chose pour animer la suitte  ordres: et si

3477 3024 2410 143 pour le premer convoij vous n'aves pas pres, envoij seulement que vous

3482 3114 2441 157 pcourres et que la terdilure sout un dimy cotton blancou d'environ

3470 3202 2424 119 24 a 25 a a goads. si les flannelles blanc sont a bonne prise et basse

3448 3283 2422 180 ou que vous iuge mon infrest d'achetter de m'envoijer 25  a sortie

3475 3405 2354 129 de 14 a 15 uisghe 17 a 18 ue a gard, aussi avec un terdilure de cotton

3476 3480 2419 125 blanc, of si les cottons sont a bon merche envoije un pacq blanc de 24 a 25

3568 3545 116 80 ense

3450 3560 2385 149 Pa goads, on ma montre de factures pour soo kerrisees blane envoije

3450 3636 2486 141 a mons. heeckhoven de les plus mellieurs fabrigue et de 30 vergela sortije

3464 3738 2474 130 de 42 a 46 st si vous pouves achetter a maine prise on huont, ordone

3459 3817 2400 184 pour estre envojer par hul pour hollande, le change est a 30

3460 3899 2372 164 ehez vous paijable a nottes, si cela vous accomodet il me sera fort

3465 4013 2452 159 aggreable que vous tiret 200 stt soit aveu par cas ou comme

3455 4132 2422 110 vous asgere mon intrest et vous cet a dire a 30  un peu plus

3460 4229 2412 126 plus, moyent - me ce ne pas du risico de ses nottes en attendant

3459 4301 993 124 de vous novelles ie me diray
