8193 4637
1182 184 2088 101 aen hem gelieft te betaelen ter wijlen in alle occasie blijvende.

916 199 1320 164 brussel hendrick de  met hendrick rijssels

2714 213 668 146 1 Adij 7 Junij 1696

1172 333 2216 95 al hoe wel ul mij vergeet soo can ick niet naerlaeten ul te laeten weten

1167 402 2195 124 dat de goederen met ons convoije gecomen hier sijn gecomen can ick

1177 490 2216 97 ul dienst doen commandeert liberlijck: ick hebbe heden aen Mons: rousseau

1158 522 2228 164 gesonden een bewijs van £ 25: wisselgelde tot ul last het welck bide

1161 617 2204 169 hem gelieft te betaelen soo haest het ul mogelijck is sult mij vrintschip

1179 702 1547 161 doen die blijve in alle occasie naer groetenisse.

2968 762 188 133 7 d

913 789 1001 156 brussel francois vanden heck

1164 840 2217 171 de 4 lakensen 1 deventer baeij aen ul vercocht op p dc tober lestleden

1163 994 2204 109 bedraegen ƒ 406: 7½ court gelt wisselgels £ 62:10:5 waer op ick op 19 stuni

1171 1041 1480 163 hebbe getrocken aen mons. rousseau wil gelt „ 45:

2498 1124 858 131 17:10:5 voor welcke geste

1159 1143 641 145 rest in wisselgelt

1181 1182 2124 159 ick heden een bewijs hebbe gesonden aen mons. Antonij Rousseau

1157 1269 2230 181 biddende het selve aen hem gelieft te betaelen soo haest het mogelijck

1177 1373 2176 163 is sijne quitantie sal ul tot voldoninge valideeren en als ul gelieft

1174 1461 1977 154 maeckt het dan weder oneffen. wij hebben met het lest convoij

915 1534 1186 184 Brussel Mons. Curistiaen segers

1169 1587 2176 195 in antwort aen den ul van gisteren de 5 pack lakens met bit convoij

1159 1711 2190 147 ontfangen staen noch gepackt in een pack t 12 soo gelijck die van

1173 1797 2213 146 engelant sijn gecomen hebbende tot vrapper een schoon wit friseert

1183 1889 2179 140 dat ick tot 11 ½ slijvers wisselgelt sal geven doch gelieft het ul dat net

1170 1985 2173 166 ick sal het erpacken ende baeijen om doen van 30 st tot ƒ29:

1174 2027 2211 210 wisselgelde dan de pack laken can ick niet anders als £24: - wisselget

1154 2159 2197 151 geven en daerover wel ick hier naer niet accordeeren want ick die

1175 2214 2137 183 daer voor aen een ander niet laete wille, ick hebbe ul dat oock

1168 2309 2128 209 gelijdt hier sijnde ende dat ick die 2 stucken aen ul en tousst: ul

1181 2398 2043 190 moeder hebbe vercocht, hebbe wel expresselijck gesijdt dat sulckx

1182 2469 2163 198 alleenelijcke geschiede voor die rijse om te toonen de genegentijdt

1168 2571 2111 167 die ick hebbe om met ul te andelen, oversulckx soo ul het den

1177 2671 2107 143 voorschreven prijs niet gelieft te besheden soo can ick ul hier mede

1175 2747 2192 160 geen dienst doen waerover ul antwort moige verwachte met versock

1180 2867 1905 132 het selve aen soiust vander borght gelieft te seggen. blijve

2945 2900 183 132 98:d

913 2925 845 141 brussel hendrick de smett

1176 2934 2220 170 naer dat ick gisteren aen ul hebbe geschreven, hebbe ick ul brief van 5 desei

1171 3036 2171 180 ontfangen hebbe present geene hollantse swerte lakens bij mij volgens

1175 3110 2225 160 al versoeck ofte gelijck ick aen ul wel hebbe gelevert, waer wel Antwerpse swerte

1149 3189 2235 152 doch die vallen dieck en groover van draet als de hollandte tis mij leet van

1168 3270 2144 165 uwe in dispositie, hope het ne beter is, versoeckende mijn bewijs gelieft te

1160 3351 2159 176 betaelen doch soo het nu niet conde geschieden het selve op eenigen

1172 3424 2208 190 corten tijdt geliefde te accepteeren op dat soo allenkens de oude schult magh

1158 3528 2182 186 corten ter wijlen ul wense een salich hooghtijdt van singen blijve

3005 3618 240 110 8 ditto

898 3631 754 171 brussel guill walravens

1152 3641 2235 202 ick hebbe ul brief ontfangen ende oock het lapken laken waer vore ul hebbe

1159 3790 2203 146 gecreditteert. isser niets van het vers goet tot ul dienst hebbe een partsi

1157 3852 2190 136 schoone geverfde flannellen alder ande couleuren oock eenige engelsche

3067 3943 126 71 d

1162 3949 1091 147 feve lakens van differente prijsen

3001 3978 188 123 9d.

900 3996 848 169 brussel Anthonj rousseau

1778 4054 81 86 oft

1172 4038 2223 173 en responce a la restoe dhier dont la compte te nu est bien vous priant

1169 4142 2224 136 d'accepter la presentation de S. van hecl en acceptant ma traitte a deus use

1169 4207 2226 154 esperant quil paijera en saitte si celle quil doit payer a 5 iours pour si rijssel

1165 4326 2213 89 peut oftre quil pajera mais pour de smet selon l'aperane que iay a passé dans

1163 4342 2228 126 a sienne de 7 court ie creimne quele payement sera passé promt non obstante fait

1170 4416 2182 102 moy le plaisier de le parsieader pour accester en cette ferme en cas quil refuse pajermant

5829 171 126 118 10

5014 164 659 138 Adij 9 Juny 1681

3413 175 654 130 mons Jan bap: Masson

3524 266 2438 115 la vre du 4 court maij rendie par vre amis le quelle est parsy pour retourner

3523 342 2436 131 chez vous, iespere qu'il a trouver satisfaction de vre recommandation, mays

3525 415 2436 134 pour vendere le contigent de sa rente, il y a geurre d'apperance iusqua present

3535 526 2435 89 comme aussi pour recevoir de mons: le compte de grachalle de nostre governeur

3518 619 2435 109 le six cent florins que vous desires a chose que nostre magistrat luy a donnes

3523 664 2439 153 mille pattacons pour son equipage de son campagne pour supplier son besoing

3510 783 2456 94 et comme il est absent il foudra attendere son retour, et imployer quelqueloutres

3510 866 2432 109 intriges pour faliliter cette payement pour moij ie ne soit pas m'engaget en

3524 929 2371 147 cette affaire, lest pour quoy ie vous renvoij vre lettre, vous pourres resordre

3509 1021 2439 147 que messeres apprendre apres son retour de campagne cependent ie vous pries

3503 1112 2396 144 de me faire autres remises, vous dem ordonner attirer sou vous pour les 2

3527 1220 2414 110 kersijes e 27 de mons ie scais d'une comme vre grace pour avois tant vre

3519 1301 2347 124 facture de 19 gber dernier en lesquelle a ƒ34:- mais pour la deux hierne est

5599 1374 236 66 norrons

3525 1387 2335 154 sans ma connoience, cependent fait moij tenir mon reste et nous non pas

3609 1484 1101 137 niet ie suisbrief van hantonij rousseau

3516 1536 106 105 deo

3606 1491 278 142 odem

3421 1540 98 140 venvol

3508 1553 2445 178 si vous avez de lettres sur cette ville pour vous remboursement vous me les envoijer

3508 1653 597 109 si vous plait. ie suis

5398 1668 257 139 11 d

3418 1717 872 150 Amsterdam geraerd rover

3507 1748 2460 182 duwe van 7 en 8 deser ontfangen beneffens de st £ 200 a 39 a 17 ten

3507 1876 2427 136 latte de neo waervoore ul hebbe gecreditteert ingesloten st £ 300: a 3086

3504 1985 2421 136 in 2 brieven ten laste sacop de la fontaine bij den selven gexcepteert

3515 2052 2430 144 eerst 24 deser vervallende, ick hadde par abues 14 aengeteeckent doch met

3503 2148 2418 113 de hh. daegen conde ul geen ander senden, ick dencke het uwe daer niet sal op

3513 2259 2415 109 aencomen de wissel op londen blijft hier op 30 ƒt en al hoe wel de guines hier

3518 2316 2427 125 iets sijn verhooft en daerom veel errewaerts sullen gebrocht worden soo comen

3510 2398 2436 147 sij tot londen evenwel tot 22 st niet becomen sonder 3 a 4 p op gelt te geven

3506 2508 2439 94 en soo lanck men blijft schrijven dat men tot londen noch niets als met

3497 2589 2376 134 joutt miets briefkens betaelt die 3 a 4 p verlusen daer te voor desen parij

3502 2679 2437 115 gongen soo vertrouwe de wissel niet veel sal monteeren onder tusschen met

3511 2720 2421 167 aencomen van d engelsche brieven tusschen dit en 14 daegen eenige veranderinge

3513 2801 2405 162 voorvallende en dat het uwe spiculatie soude sijn mijn voordeel te wesen soo

3489 2892 2433 175 maght vrijelijck noch 200 a 300 stf op londen afgeven doende daer

3506 2984 2445 157 in als voor eijgen omdat ick dat niet noodich hebbe als op hope van eenichavan

3495 3103 2430 140 gesien de billietten vande lotterije bij desen van haerlem heb ick geene nieten

3480 3170 2451 174 watter van te vooren gepasseert is wensche wel te weten. in die van costij

3491 3276 2414 134 can ick niets sien om dat uwe mij niet en heeft geadviseert wat nombers ick

3497 3355 2446 161 hebbe, soude mij seer aengenaem sijn conde ick mijn verlot gelt wederkrijgn

3431 3429 1857 159 wat passeert gelieft te advieseeren en den ingesloten

5440 3501 231 144 11d

3399 3512 587 147 Lorudsel met Kent

3489 3583 2454 154 depuis maderniere du 7 court rien de vous, la presente  servera qu'il pour

3474 3730 2467 128 couvers a les incluses deux remises a la cherge de jaqiues de noot ensemble

3489 3796 2411 113 de se£ 250:- vous procurerer le necessaire et vi endonnere credit me

3491 3885 2086 125 referent a mes precedentens vous prendre mes messures ie suis

5621 3941 76 78 d

5462 3964 211 138 11 d.

3408 3926 731 178 bussel hendrick de smet

3494 4058 2427 137 gesien bij den uwen van 9 deser dat ul huys begonst ende hopte tegen bamis

3495 4128 2448 143 in ul huys te wesen, ick wensche dat godt al wilt volcomentlijck in gesonttyd

3486 4244 2432 92 en benedictien soo danich erstellen dat uwe het gepasseerde sal vergeten

3487 4300 2463 130 ende het verlooren erwimen ick sal van mijnen cant doen al wat mogelijck

3485 4385 2378 108 is tot ul dienst en uwe behoorde het selve voor mij oock te doen ick vil
