8187 4699
2709 182 690 129 Adij 29 sber 17 17

861 187 822 131 brugge Andries de buck

1109 204 2205 138 volgens den ul van 26 deses soo sende ul de drij couricuse lakensi

1122 324 2238 127 vertreckende de selve morgen par waegens naer gent aen souff moeder

1126 406 2208 122 om ul ordre te volgen, ick hebbe de carmosijnen soo seer opt naust

1121 494 2212 157 gereeelent als mij moogelijck is, doch die verve is present te dier

1137 547 2254 163 cast 8  de a, anders soude de lakens noch wel ƒ 8 op de a beter

1136 638 2230 139 coop wesen, wil geerne doen al wat moegelijck is tot continuatie

1113 739 2217 156 van onse kennisse, het sweert is een reckt hollants leiydts en

1112 829 2162 157 om dat die maete 2 pr bij de onse verliest soo corte 1½ a

1118 927 2297 151 naer oiet gebrujck. is maer 1 a par stuck couriuser oft sijnder van

1144 1024 2143 123 wol ofte draet oft diecker isser voor gelt niet te becomen,

1114 1097 2291 150 minder en gemijnder sweerte: hebbe ick in overvloet, iets anders

1124 1185 2226 136 noodich hebbende sal ul geerne dienst doen ter wijlen ingesloten

1132 1284 2162 129 de facture is vandese 3 waeraen goet doen de retactte op t

1137 1348 2177 159 laken N4 bedraegende p rest ƒ 886:17 courant gelt heet

1125 1435 2214 142 welck mij een ofte 2 briefken eliest te maeken op 4 oft ½ naer

1147 1521 2178 140 dat ul best gelegen compt, ick hope dat ul daer aen meer als ul

1145 1603 2220 142 sult winneomdat ick het seer nouw stellen uuyt consideratie

1133 1686 2154 169 ul mij dat toebetrout maer mede naer groetenisse blijve

2964 1775 224 119 29d.

878 1782 885 129 Amsterdam geroest rover

1140 1792 2227 203 gesien bij duwe van 25 & 26 deser dat het pack N 252 niet alleen

1141 1924 2208 147 vercocht was, maer dat oock van het werck van brom rilley niet

1144 1997 2232 122 meer te becomen, tis mij leet dat ick in het eerste bij de de packen

1134 2068 2222 114 niet te gelijck en ordoneerde, want al hoe de maekelaer, ul heeft

1148 2166 2233 116 doen gelooven dat die van cosua rilleij beter sennen dan die van

1149 2234 2278 122 Abbans, doch nu het soo is, moet daerine patientie hebben ende selve

1148 2293 2252 162 te gemoet sien, maer den vercooper behoorde wel 10 st p: stuck

1152 2382 2277 137 minder te geven en sal hij voor dit pack N 2032 betere reeekemis

1157 2469 2239 137 maecken a ƒ33, dan hij gemaekt van N290 a ƒ33:10 hetgene

1169 2590 2190 120 hem wel moght te kennen geven, want ick dat wel ruijm weete

1157 2654 2239 148 can ul daervoorens iets afdingen, doet als voor eijgen, want

1147 2724 2248 169 ick hier die tot een clijne avance moete vercoopen, en alleenelijck

1135 2815 2164 147 gescheet omdat onse goederen in engelant tardeeren e

1150 2916 2272 129 verwachte ick de reeekeninge van dese 2 packen op het spoedichtte

1154 3018 2279 126 over om vervolgens te  boeck, remitteere ul beneffens t 200:-

1164 3073 2233 120 als aenden voet deser sijnde oock ingesloten de 2 wisselbrieven

1152 3178 2242 127 geaccepteert. wegens d'avarse opt het schip van Josua wlknson

1152 3272 2122 145 gemaekt a 2 p swaerime mij pack ƒ 21:17½ is getoxeert is

1150 3359 2232 117 daer tegens niet te doen, soo moette ick het betaelen, deralven

1179 3458 2143 139 doet als voor eijgen. ul proponeert 1:p om voor slutantie

1176 3510 2215 171 ine te staen, dat immers voor provisie, endel credere te samen

1177 3604 2184 125 het gene mij gelieft te adviseeren, want anders can men costij

1161 3732 2237 132 niet comen, d'assurantie die soude lgeten doen is maer van hul

1156 3789 2115 151 & londen, waer van ick eerst noch brieven moet hebben

1160 3869 2206 148 supponeerende wij morgen differente posten sullen becomen, oft

1167 3994 2178 118 convoij naer hull is versrocken, vernemen geerne, tis schande

1176 4065 2205 169 datter scheepen genomen worden daer 18 convoijers bij sijn en

1163 4146 914 140 adviseert wat passert blijve

5125 178 881 115 adij 29 sber 1696 208

3458 180 960 117 Rotterdam Abram de Bva

3552 210 2429 173 in Antwort aenden ul van 19 deser hebbe tot amsterdam 2 packen ieder

3551 328 2374 95 van 40 stucken van de beste marcken becomen, en alsoo mendaer 8 p.

3556 380 2337 161 robat heeft meer als bij ul soo comende beste marcken ruijn 3 pro

3567 516 2390 91 beter coop van daer, deralven sal het daermede laeten berusten, boven dien

3563 591 2447 110 senden die van Amste mij die pack transito dat mede al wat uytwint

3552 644 2468 122 nu ben ick int verlangen naer het arriveeren van het convoije van londen

3546 705 2468 130 het welck groeten tisico loopt, soo daer maer 2 convoijers bij sijn ols

3549 793 2475 142 mede dat van hull omdat de france copers sterck in ee sijn, wat passen

3546 881 2478 144 bidde mij citto te laeten wete, en bij arrivemente de goederen opt hoed

3529 977 2485 146 =dichste te despescheeren om dat die hier uijtlijck noodich sijn terwijlen blijve

5598 1057 360 130 29 ditto

3422 1085 336 172 Mdonkent

3566 1116 2403 195 sedert mijnen lesten van 22 courant geen brieven gecomen, soo hebbe ick

3565 1251 2372 146 luttel te seggen, maer ick verwacht morgen 3 a 4 poste, waerop largo

3551 1343 2380 105 sal contworden naeste donderdagh, hier is groot gebreeck van witte

3551 1429 2412 110 goederen, soo verwachte ick bij dese brieven alle mijn ordre daer in

3529 1527 2472 124 volbracht, maer wijsijn in groote vrees voor die convoijen, soo geen

3563 1629 2359 108 engelsche convoijen bij gevoght worden, het sal sekerlijck groot

3555 1687 2400 157 geluck sijn dat se schapeeren, want tis qualijck genoch al hoe wel

3556 1755 2335 180 5 a 6 oorlogh scheepen voor een convoij: de oorsterse vloot voor

3529 1851 2402 180 Amsterdam hadt 18 convoijers daer sijnder differente genomen

3557 1990 2295 114 vande francen, maer niet te verwonderen omdat de convoije

3547 2063 2429 112 leepen keerst binnen, en liefen de coop vaerdije voor hun selve sorgen

3544 2148 2372 134 is mogelijck soo krijght 1 a 2 convoij voor de scheepen voor ostende

3551 2243 2373 133 omdat ick twijffele dat ons oftendisch niet bequaem genoch en is.

3551 2326 2382 105 soo de wissel loopt boven de 36 st soo bidde remitteert t a 400:

3734 2381 2234 193 a 2 usos en ick sal ul tijdelijck voorsien van andere remises

3559 2501 2440 165 want de wissel is hier tot 33 manqueert daer niet in terwijlen

3551 2609 2408 134 ingesloten £ 100, on sorge fournese & cop & £100:- on

3551 2689 2387 176 tierens en crager procureert het noodich en adviseert wat passeert.

3455 2756 706 135 Ath martijn Massart

3559 2810 2336 188 iaij l'honneur de la vre de 26 court avec la lettre de change de ƒ300:-

3552 2928 2418 165 sur mons. de beomes le quelle nest pas a logis mais sa fene a dit que la

3547 3002 2357 138 lettre sera paje ie procurerer le necaissaire, et aijnt receu vous credite

3536 3073 2399 231 pour la ne velle marchandise de ingleterre ilest fort meentain quand

3545 3214 2455 169 l'arrivera, car les ferance sont touts iours devant ostende il oft fort

3537 3259 2455 182 halardeus a present non obstante, ie vous donneray advies aussi tost que

3549 3371 2470 215 le convoij serat arrivere pour la trrese d illande grijse vous l'aves ordones

3555 3457 2406 161 et mamssel lison la choisi, sil auret reste icy, ou sil seret a present chez

3542 3550 2443 183 moy il ne reste pas trois iours fans estre vendu, ce pour quoy si vous poures

3548 3625 2432 160 me faire rendre icy dans peux de iour ie les prendray, ie ne pas de correspond

3522 3711 2407 153 =ance pour Ath d'enployer, cela vient vend mieux de vre grace, en disant

3536 3824 2434 129 que vous aves trop de ce couleur la, quand la marchandise est chere il

3554 3916 2415 114 est ordinairement plus lained quand est bon marche, en touts occasions

3546 3971 1433 163 ie suis pret de vous rendre service que suis
