8173 4637
1134 164 2195 184 of n°:29, the patt whereof please I hope shall have the rest

1136 268 2180 210 of the invoyces, & bitts of loadinge by time to gett part en safe

1146 334 2197 226 though there is now a vere good convoy of 5 ships, thersander

1150 429 2175 220 the queen: you say trade goes so adley, I hope to finde ever

1118 536 2198 257 In tram have desered by my last to proceed buwing of so. clothes

1132 631 2219 269 to y orders of 28: may & 15 july, 10 pray do, as allo order

1136 733 2190 258 on other such assootement of 24 sengle dezeus to y pack

1132 858 2157 249 n° 29 now sent to be sent up to london for 7 first

1123 937 2145 256 Enportunitie for ostend hopeing what I have or detes

1144 1087 2050 243 in y. north shall bee tormoey aboard tor y. first

1154 1168 2168 280 convoy for holland for time of sale shall op proach

1136 1305 2213 279 hop ell kersies, cottons bayes & low prises rovius, to imorder

1133 1397 2177 274 accordingley for winter, for Ihope 1after this ano ther

1142 1554 2142 270 convoy before y latters of 56se, & when you beleave

1148 1573 2157 324 best time, to buy must proceed accordingley, & gett apacts

1137 1729 2162 280 of white cottons, & one of white flannells, & one of frises

1124 1875 2151 277 for holland, that is in case them goods come cheaper then

1132 1998 2151 277 of late, accord yo ensiger shall take my measures

1767 2078 1556 162 ist 5 a 10 whote pack wijtes 5 5 gille warep 3 E½ mix

1157 2181 1329 171 whilft & rest tos ostend fo hollandt

3039 2253 321 163 0 Jugusti

895 2304 950 184 rotterdam Bram de bra

1148 2308 2185 247 volgens den ul van 16 & 17 deser bidde geen tijdt bessukint vwgorde

1156 2426 2161 177 n het pack N 25 op het spoedichste mij bvoorts te senden het is mij

1137 2498 2162 226 leef dat in de reassurantie van Archangel soo dansge veranderinge

1146 2563 2160 201 is voorgevallen het ene hier mede eenichsins is gevolght, patientie

1137 2647 2222 201 des niet tegenstaende can ul tot 15 ps uijterlijck 16 te rechtcomen

1143 2720 2225 219 soo laet mijn ordre van voorgaende weecke geastectueert worden

1139 2863 2057 145 waern bidde morgen particulier te laeten viguleeren, ende

1149 2879 2186 212 adviseeren wat te doen doen is om vervolgens messieres te nemen

1140 2978 2198 184 doende als voor eijgen, en gevende d'ingeslote voorseganck blijve

2991 3073 246 123 20 d

882 3137 959 205 Amsterdam geraerd rver

1162 3157 2170 226 bij den ul van 17 deser gesien de wisselop londen costij 2 postdaegena

1155 3252 2181 186 32:6 is geweest en meerder brieven als gelt sedert sijn wederom

1157 3309 2200 212 brieven van londen gecomen daergpede wissel op 33  af cemt

1163 3398 2148 195 soo dat ick oordeele die costij niet williger sal wesen, oversulckx soo

1154 3501 2198 191 onder de 32 6 goede brieven sijn te becomen soo gelieft voor

1137 3590 2174 175 mij twee a drij hendert ponden het te geven, doende daer in als

1162 3686 2055 171 voor eijgen en volgens ul advies sa ul kambourseeren

1143 3762 2128 212 tis droef dat vranckiijck de commerae soo stoerende sulckx niet

1161 3848 2164 158 woort belet, sijnder geen particuliere die aende regeerders van

1156 3931 2157 173 de admiralitijdt het noodich voorstellen: woort et aen die van de

1151 4004 2220 185 commercie ofte cooplieden niet te kennengegeven wat men daat

1176 4101 2208 182 tot voordeel van de negotie, soude de moscovische re tourscheenn

1173 4167 2196 159 van Jan baert niet gedoorteert sijn, soo sal het als ul seghts

1176 4255 2192 185 een groot geluck sijn als sij hem misloopen, ondertusschen

1148 4346 2185 140 huden mij geamsmeert tot rotterdam a 12 a 13 p t0 comen

3520 93 2482 161 ert iu l esen, en als u urer  1923 1 ne siane

3527 168 2477 179 ta hden ordoneere en niet weete wat sal geeffectueert worden, die partije

3532 288 2421 154 is het stot van mijne allurantie van 3 jabber, en soo die mislucet lou

3529 376 2366 140 ick maer rechte behouden blijven van een soo considerable negotie

3550 432 2424 159 van ostende naer cadix geeft men hier a 12 p 3 en op de gellionen

3531 526 2447 164 1A op de vloet 18 men wil datreno is gesonden tot secours van die van

3536 610 2369 163 sij domnyo en dat de spaenaert daer te lande sterck genoch sijn om de

3545 686 2424 165 sloet van vrera cruge inde avana salvo te brengen en dat die de gallionen

3536 766 2464 204 daer sullen afwachten om te saemen te repattseeren, der alven den risico soo

3546 853 2391 166 groot niet woors gerekent en te minder op de gallionen om dat de selve

3543 923 2358 164 uijs 7 a 8 oorlogh scheepen bestaet, ick ben bij provisie op de vloet, voor

3532 1003 2455 190 £600 a 18 geintrisseert ende hebbe spiculatie op de gallionen een f 1000: ofte

3535 1114 2362 158 onderalt duijsent te teeckenen, ick bidde geeft mij hiern raet hier light

3528 1188 2445 188 tegenwordich een beurtman op costij in laedingh sal degallen ul toesinden

3538 1295 2405 156 naer alle apparentie soo de selve dese weeke niet can vercoopen hebbe

3538 1370 2413 170 oock een partije nagelhout sedert de doot van mijn swaeger bouwens

3530 1483 2429 150 aende handt gebleven, tot wat prijse loude men het selve costij comen

3553 1563 1707 187 uyt woorden, ul antwoort tegemoet sien blijve

5412 1627 458 161 21 Augusti

3432 1679 892 163 brussel Francois Ansillion

3543 1719 2444 173 en responce a la chere vre du 19 court io nay pas flanelles ordinaires, mais

3529 1855 2398 132 bien selons les eschantillons si iountes a 2 t pra, si voules donner ce

3535 1927 2396 175 pries la, commandez librement, et ie les fraitaindres selon vre ordre, si

3542 2035 2355 165 vous pouves attendre, l'arrive du premiere convoij: ie vous pourez servir

3527 2154 2454 164 a des moindres sortes, sur quoy en attendant vre ordre positive, ie mediray

3447 2234 638 142 Cadix huys callebout

5604 2254 292 115 22 d.

3518 2272 2484 199 ick hebbe op sijn tijde ontfangen ul brieven van 16 April en 9 passato te import

3534 2427 2407 128 van het casten canten N1 is een seker verlies sijnde tot het recupereeren alles

3521 2503 2439 120 vruchteloof aengewent, doch lutter oft geen oncosten gevallen ick hope godt

3533 2578 2399 126 het ul in een ander sal voorsien, voor mijn deel ick hebbe noodt intentie gehadt

3531 2700 2485 112 op spanie te andelen maerom ul gevol dese eerste prouve begonnen de welle

3525 2775 2466 124 soo wel geluckt hadde wel wat meerder gevolgh soude connen gehadt hebbe, waertoe

3536 2860 2399 122 wij noch eerst wat moeten aensien, daer en tusschen isser voor ul niets in cas

3536 2901 2460 182 oock ben noch niets gerambourseert, doch dat staet eerdaght te comen doo dat met

3514 3011 2460 158 het present aen liggende ostendich convoij niets sal connen senden, maer wel tegen

3531 3108 2472 146 het naeste voor iaet, daer en tusschen is het mij aengenaem te verstaen het a vancement

3530 3180 2445 157 het gene Thr schenaerts ul doen en beloven te doen, draght maer goede sorge daer

3523 3238 2452 139 van te profiteeren middele tijdt sal ul met godts gratie de 25 jaeren allenkens

3540 3351 2456 152 berijcken als wanner lsber disposisie hebt van ul capitael waerin soo ick het leve

3533 3440 2437 155 ul behulpsaem sal wesen, ick hebbe met h. schenaerts alhier sonderlinck niet

3539 3535 2394 112 gesprocken maer 2 mael sedeert hij hier is geweest, ick hebbe geen occasie om

3524 3617 2437 98 hem iets te seggen ten waere ul mij daer toe rederen gaef godt wil de vloet

3538 3703 2446 141 en gallionen behouden laeten tuyscomen dan men is voor de francen hier al

3529 3799 2449 125 beducht en is de assurantie op 18 p.C. ieder een claght van slechte negotie in

3522 3893 2458 141 spanie waer door de canten hier op leege meert sijn, het welck veranderen sal

5277 3978 490 137 ady 23:d

3534 3959 993 150 soo haest de vloet behouden is

3416 4063 929 139 Rotterdam AbrAham de Bre

3539 4107 2421 188 Mons. in antwoordt aen den uwen van 22: deser, sien ick dat ende solve

3560 4226 2412 148 van reassurantie niet en is gereflecteert, op het genefeckin met een tweede ief

3543 4361 2403 117 16 deser hebbe geschreven sijnde hier van de copye hier bove van woords tot
