8180 4644
1037 170 2304 106 wel sijn, soo remitteere ul in gesloten £7:2:3, waermede

1049 265 2344 87 ick mijne oude reeckeinge sluyte al oft salckx 31 xber lest ware

1037 299 2297 172 gescheet die gelieft het selve diens volgens af te schrijven

1061 408 2213 113 en inde volgende nieuwe reeekeinge daer van geene mertie te

1044 501 2313 133 maecken op welcke nieuwe reeckeninge ick ul hebbe gedebiteert

1042 602 2216 106 voor £100:- betaelt voor Jaques le cherf in wisselgelde

1052 672 2263 162 mijne reeckeninge van oncosten sien te gemoet, daer is een

1044 779 2347 132 convoij van ieslandt in pley mouth gearriveert ick hope sam hough

1047 884 2272 135 daer bij sal weesen, en dat de topsanvaeders met de selve sullen

1037 962 2176 181 overcomen alsoo sij tot ostende gedestineert sijn, wat iclk

1025 1087 2292 134 des wegens vernemt gelieft mij te laeten weten ingesloten

1060 1168 2294 115 een wisselbriefken ten laste bartolomeur contales £ 7:2:3

795 1237 849 175 lamur philippe Lurond

2758 1272 600 147 Adij 28 Januarij

1046 1292 2285 163 en responce a la chere vre de 23 court ie vous envoij si ionct

1045 1438 2255 120 des eschantillions des draps de domnes noir que iay, si vous les

1043 1496 2248 168 aggreent commende quil vous plaita, ie tacheres vous bien servir

1056 1581 2294 181 N. 33 a ƒ 4:12 N. 2 a 3:6 N. 31a4:12 N. 39 a 3:12. argent de change

2961 1691 230 128 28d.

774 1655 1009 172 Amsterdam geraerd rover

1062 1758 2269 148 in antwort aen duwe van 25 deses met het gout sal het niet doen

1045 1828 2238 147 maer p. briven te remitteeren ter wijlen de wisselop londen costij

1040 1909 2319 165 aent vallenis, sendende ingesloten £250:- in banco op 2 a 3 daegen

1063 2032 2207 111 sicht ten laste ondriosi & compani besorght het noodich cost

1054 2136 2235 85 mij ¼ verlies opt eijnde vande beurs coste tot is schade te recht

1051 2198 2248 123 comen, hope naeste donderdagh parij te doen en dat wij middele

1059 2265 2319 135 tijdt brieven van londen sullen hebben waernevens soo de wissel

1069 2359 2235 118 noch dalende comt, hope sal hebben costij sal volgen, teralven

1063 2468 2260 127 gelieft voor mij 2 a 300 st£: af te geven, pr naeste post soo

1065 2514 2291 155 ul het mijn intrest oordelt, want cs het ul opinie, dat bij wachten

1065 2613 2264 136 iets can profiteeren, soo volght ul raet, en doet daer mals voor

1055 2721 2319 122 eijgen, want op & noch niets gepresseert ben sal echter naeste

1046 2814 2304 126 donderdagh ul voorder remiteeren en tegens saterdagh advies

1059 2918 2335 107 wachten wat voorders passeert, om dat meerder partije op londen

1053 2969 2286 150 noodich hebben de mess. van de banck van engelant wachten

1067 3059 2329 114 alleen naer open waeter om met hien comptoir & familie naer

1055 3152 2269 118 londen te leeren sij hebben p: lesten ordrnarcs een crediet

1066 3213 2307 166 brief ontfangen 30 guldens ten laste s. cilford in amster.

1052 3304 2278 137 en seggen dier gelijcken te verwachten p naesten op Jacobus

1048 3397 2248 115 de commn om voor hun vertreck noch eene betaelinge te

1063 3466 2333 161 doen en op die manier de wissel niet te altreeren, st. deconnck

1044 3558 2235 135 seght mij dat hij de betalinge van tropsen, niet meer wilt

1059 3679 2332 118 aenvorden gelijck hij voor de comste van die van de banck

1054 3774 2238 121 altijdt heeft gedaen, waermede hij sekerlijck groot gelt heeft

1069 3828 2247 182 gesonnen, daer en tusschen sullen de engelsche iemant huir

1051 3931 2272 134 moeten emploeyeeren: wat dunckt u soude het geraetsaem

1064 4044 2273 119 sijn voor mij hienne comisseen te aenvaerden ick bidde geest

1078 4123 1951 131 mij eens ul broederlijcken raet terwijlen blijve.

838 4155 1060 142 Rotterdam Abram de Bryl

3006 4148 221 143 25 d.

1074 4247 2278 108 bij den ul van 11 deser geien dat mijn geremitteerde ƒ 638:152

1045 4337 2348 97 waeren ontfangen en daer mede mijne reeekeringe tot dato voldaen

1056 4369 2316 107 en gesloten is, dat dan seer wel is, maer nu benich in differentie

3560 174 2450 124 met th vermolen, alsoo wij hebben voorgenomen de 4 packen is

3536 246 2510 117 samen te redimeeren, en malcanderen pro rato ons intrest te gavan

3525 309 2463 158 =randeeren, seght hij dat ick oorsaecke ben de al hier gearriveerde

3581 414 2370 153 leste packen aen ieder distinckt sijn geconsnigneert geweest, en

3563 509 2446 156 niet aen hem alleen om d'oncosten aende marie te minageeren

3547 573 2530 200 gelijck wij hadden voorgenomen, en dat vervolgens de aengehaelde hij

3550 656 2450 162 elchap part sijnde geretaxeert, ieder appaert moet betaelen soo

3552 803 2426 125 bidde adviseert mij op wat pretent datt ul geaccordeert hebt voor mij

3567 853 2456 128 soo veel te betaelen als voor hem daer mijn packen maer voor ƒ 1800:-

3542 917 2450 201 sijn aengegeven ende de sijne voor ƒ2400:- wel moet de weerde

3530 1012 2522 148 van ƒ 1800:- soo veel betaelen als die van ƒ 2400:- soo u mijne

3553 1093 2493 202 conditie seer slecht, des te meer omdat ick ul geschreven hadde om

3552 1204 2452 171 dat aende laeckens niets wat gelegen, en voorde selve mijn

3535 1287 2524 197 gelt wel mijn gelt soude hebben ontfangen. soo de kersijen maer u

3549 1383 2340 162 hadden gerelaneert comen becomen heeft dh vermolen ul

3540 1486 2447 189 appart geordoneert te accordeeren soo hebt gij wel gedaen, al hoe

3548 1567 2451 211 wel ick anders hadde versocht als mede in d'expeditie van

3547 1675 2475 226 d'eerste goederen, waerop ul posisive antwort vrage. nu blijven

3540 1775 2445 204 de goederen int schip van wort hujsen bij strint sasliggen gelijck

3545 1892 2444 174 apparent noch lanck sal continueeren, ul hadde mij genoteert de

3547 1960 2449 200 carsijen costij wel ƒ 38:- souden gelden: ick gelove de waeters

3525 2085 2362 156 over al gesloten sijn, en met heden bruijckbaes, soude ul die

3534 2185 2450 163 prijs comen bedingen voor contant gelt ende de selve kersijen

3537 2274 2444 190 gevoegelijck costij comen gebroght worden, bidde daerover bick te

3537 2392 2459 176 informeeren, om naer gelegent hijst tot den vercoop messureste

3516 2496 332 100 nemen

5434 2523 538 176 Adij 30 ditto

3444 2505 831 176 brugge cCheval: Coots

3511 2643 2514 158 op voorleden maendagh was aen ul mijnen lesten beelsende remisen

3520 2756 2492 136 voor £7: 2:3 tot voldoninge van mijne oude reeekeninge sedert is

3520 2829 2449 182 den ul van 27 ditto mij geworden, diens volgens hier benevens de

3528 2926 2404 194 versochte certificatien.S willaert schrijft dat die van de france

3536 3008 2418 191 conquesten al de kersijen hebben comen coopen, die costij waeren

3540 3113 2463 188 waer door de prijs tot ƒ38: was gemonteert ick wenschte dat ick

3517 3202 2505 199 daer kennisse van hadde gehadt soude de mijne voor die prijs hebben

3531 3308 2464 189 laeten vercoopen isser noch occasie sal se naer costij doen weder

3517 3392 926 159 =keeren ter wijlen blijve.

5550 3463 253 147 31 d.

3427 3447 922 178 Amsterdam geraert rover

3521 3585 2425 186 op 28 deser hebbe ick aen ul geremitteert £ 250:- op 3 daegen sicht

3529 3652 2380 214 ten laste Andriols & Compt ingesloten £ 300:- ten laste Cornelio

3519 3744 2411 177 blesen & Comp van 7 deser 5 weecken dat, vervalt 11 toecomende

3528 3826 2498 243 besorght het noodich & gelieft den ontfanck deser te noteeren, hier is heden

3512 3954 2503 147 geen gelt op londen geweest en soude men goede brieven tot 35: 5 en hebben

3508 4036 2485 183 comen becomen, het schijnt eenieder volcomen van gemoeden te sijn die

3539 4117 2429 171 wissel noch meer sal daelen, ick hope het soo wesen sal echter wilt het

3527 4180 2422 184 uijfsterste niet afwachten om voor mij 3 af400 st op londen

3514 4253 2473 129 af te geven, doende daer in als voor eijgen, ick gelove weder engelse brieven

3542 4341 2478 144 in hollant sijn de welcke de cours best sullen reguleeren wat passeert verwachte

3526 4403 1355 75 te verstaen & naer groetenisse blijve.
