8200 4747
857 205 1082 168 Brussels Gull Walraerer

2489 217 799 146 ady 20 xber 1698

1096 313 2297 133 bj den ul van 15 deser hebbe ick der lrief van mons rassea

1099 384 2243 137 tot imyeen laste ontfangen van ƒ500 cour gelt, waer voorn

1089 460 2146 202 eck al hebbe gerediteert, en dient deser tot gnt ick hebbe

1088 555 2307 192 eenige nieuwe goederen uy thet versch gredt cenwij net gewaegens

1092 685 2284 176 ontfangn, en alhoevel alles seergraegh wordt vercocht soo

1096 738 2265 244 connen wijln desen hoogen wissel geen proftijt doen ues tot

1092 856 1236 184 al den t comandeertdie blijt

2963 846 326 192 21 ditto

832 961 847 197 brugge raphael Coots

1089 1022 2245 192 duwe van 16 & 17 deser sijn mij wel geworden en sedert oock

1068 1166 2223 149 de 3 packen N 47: 49 & 50 dat tot daer toe wel is, gesien dat

1071 1296 2240 148 dobbelaer door gansacker was bevraght waeruijt besluyte datter

1080 1369 2211 144 meer als 3 scheepen mocsten gelost sijn ofte dat hij in die

1071 1509 2170 129 3 scheepen veel goederen hadde ondertusschen souden de

1074 1586 2139 119 arbijders op 17 beginnen te lossen, volgens dit meer sich

1086 1683 2204 161 aenstelt sullen sij tijdt genoch hebben om alle de packen

1104 1783 2114 165 op hun gemaek op de halle te brengen ick geloove dat die

1082 1875 2152 131 van brugge hunne packen niet aen boort sullen laeten

1100 1982 2161 152 en die van gent de hunne oock geerne tuijs hadde, soo dat

1101 2106 2203 143 mij opinie il de goederen meest en haest sullen geloft sijn

1099 2163 2301 148 ick recommandeere ul voorde mijne te sorgen voor watongeve

1108 2267 2231 133 het soude mogen wesen want met vrisende weder, baddende

1088 2345 2167 164 fransen ons wel een onverwaghte tourt comen speelen

1106 2481 2233 102 daer en tussen sijn de cottons dier en hier seer noodich soo

1087 2541 2278 128 moet ick N 42 hebben en N 46 op het alderspoedichste want

1091 2666 2215 127 soo het sisoen voor bij waere soo can daer niet als schade op

1084 2688 2322 161 vallen, oversulckx doet wat divoir mogelijck is tot d'expeditie

1095 2806 2205 176 van die 2 packen met waegens voor seen van goede frante

1091 2887 2229 186 pasport op gent met positiveordre de selve mij pr. waegens

1095 2985 2186 145 toe te senden ten waere occasie adrotuer was N 38: 51:54

1096 3054 2252 191 mogen oock te waegen gesonden worden bij provisie ter wijlen

1105 3173 2302 152 wij ons voorder governeeren met den rest naer den tijdt versockende

1119 3267 2265 134 mij te adviseeren wat passeert, en wat goederen datter al gelost

1116 3336 2184 148 sijn en gelost worden, supponeerende datt alle de scheenen

1103 3406 2104 140 vant convoij costi sijn. met de kers hijlige daegen sal

1087 3490 2209 155 ul tijot genoch hebben om mijne versochte reeekeninge

1090 3589 2241 145 courant te senden eenige scheep en van ier lant op oftende

1080 3709 2179 138 gedestineert sijn in duyns gearriveert, doch een daer van

1098 3742 2237 155 te belonde op gebraght en 3 gestrant ick hope het schip

1109 3834 2246 180 le sucees Jan hough onder de behoudene is, ick verstaen

1096 3910 2300 189 dat hij 30 gber noch te dublin wot soo dat ick al twijffe

1100 4046 2237 180 oft hij oock met de scheep en in duijns vertrocken is, can

1093 4134 2296 160 ul daer van iets vornemen geleeft mij te laeten woten

1085 4229 2247 138 als mede van Jan clinckx die van eson verwaght

1112 4367 2057 112 wort waermede naer vrindeljcke groet enisse blijve.

5504 161 478 148 22 xber 166

3431 194 667 167 mons Jaques trivier

3533 224 2448 206 en responce a la chere vre du 19 court le S. basseourt nesoute pas

3519 374 2419 130 bien, il me semble quil j na pas bonne consciance aussi tott

3525 429 2400 172 que mon fils pourra parker francois pour tenis discours

3518 529 2470 142 avec luy instrue le pour demander de largent pour luy pour

3513 665 2480 118 sa tables. allors ie envoiyeray ce quil sera d'intention, car en

3539 747 2441 133 cas de reful, ce le poursuir iay par iustice san s aucune delay

3535 826 2124 137 il a promis a mon frere dominicain de payer en cas

3440 895 963 135 russel Antoni Rousseau

5530 912 322 133 22 xbe

4686 927 225 127 dapiil

3527 994 2361 166 de 20 court estoit a vre grace, rien de vous tellement que la

3515 1091 2378 175 presente serve que pour la couvert pour la lettre de ƒ800 sui

3515 1179 2362 115 guillieme tagant d'ostende avec pretest faute de payement

3497 1258 2429 184 il vous playta discherget mon compte et me crediter pour &

3524 1377 2478 147 de ftraises iay besoing £131:16:8 stof si vous pouve

3519 1460 2487 179 moccomoder, ie vous donneres ƒ36:3, on a fait a itt a vs

3511 1569 2501 147 1a 2½ cest ien grand pris que ie ne donneray pas si ne seretpont:

3524 1647 2463 155 ballancer mon compte is me faut £ 131:16:3 pour londres

3540 1731 2403 177 pour un reste du compte si vous pouve accomoder ie vous donner

3516 1832 1613 152 16:3 en attendant de vous novelles ie suis

5587 1867 260 164 23d.

3441 1923 1008 162 gent francois herrebout

3457 2004 2552 201 de brieven van 17 & 21 ontfangen sent geene packen meer te waegen

3494 2121 2538 191 sals N 42: 51: 54 & 55. laet de rest int packhuys tot open waetert

3514 2251 2498 137 en soo het open water worde, voor dat die packen u ter hant come

3518 2328 2162 180 soo sent alles te scheepe en adviseert wat passeert. blijve

3431 2394 703 209 Brugge Raphael Coots

5361 2389 516 201 dy 24 d.

3553 2540 2357 180 EAlyx k: sedert den mijnen van 21 deser den ul van selven

3557 2647 2373 141 dato ontfangen, waer bj nloordeelt dat 5ƒ wisselge voor eder &

3547 2746 2420 185 behooghis voor waege vraght ome swaere goederen te versonden, ul

3535 2832 2460 192 oordeelt wel, & ick begeire geene goederen versonden als die ick positive

3529 2979 2483 145 lijck ordinere synde verwondert veleden saterdagh hier tesien u

3529 3043 2473 183 3„ 44, en 46, ick hebbe n° 37 ot 44 niet georden, oockwas

3537 3178 2464 177 iet voor mij dee tevoemden dat ul seght 21 deser n 38 is heden

3520 3255 2441 208 op gendt vertrocken,  voorder slaeken sijnde voor ul niet gelost

3543 3385 2382 196 als van neer ick op den selvendagh de voors 3 packt ontfangen

3548 3497 2398 184 herrebandt geen meatie en maecht van a 38 derhalven gelieft

3508 3580 2473 161 voor N38 te sorgen begeere geen andere packen meer versonden als

3525 3725 2476 167 N 42: 51: 54 & 55 laet de rest costij tot open waeter, dobbelaer heeft

3511 3795 2435 134 maer 42 st vraght en die van costij 32 ½ en van gent 24 het met

3521 3897 2469 158 dobbelaer iets mede te senden, doch gelove voor ganlancker bevraght

3525 3994 272 141 sal sijn

5544 4010 243 139 24 d

3440 4010 940 197 gent francois herrebout

3533 4055 2400 210 ick hebe giteren geschreven en vergeten te seggen dat r

3505 4207 2426 135 Coots op 21 deser 1 pack N 38 ul hadt gesonden, ende hij mackt

3511 4304 2476 137 een mentie van d'andere drij die icn nu hebbe ontfangen en dieck

3530 4415 2422 88 niet van noode en hoede too exc. mineert waer N 30 is en kent

3545 4457 2432 73 mij dat te waegen en voorders geen aders als desck gisteren hebbe gesch
