8050 4600
1206 149 2204 116 the oanskins also & above all some fine sandy draps to mula

1231 234 2176 161 order for if you should send non of them, I should be widon

1227 346 2179 141 by my freind to ahom I promised them, & I should be obleged

1221 416 2176 180 to order some byway of harschich & packe toboat for the ba

1251 545 2154 172 pray is there good opportunitie, & oferward from London

1237 641 2160 167 now S then a fine cloth or 2, by the packett boat to the

1226 772 2183 140 brell, if so I shall make use of itt. in toinm hope to secp

1215 890 2165 138 next acut. & patt of the sandy draps shipt for ostend, &

1215 955 2180 164 advise what passes for the Amst: ships from London are

1215 1087 1009 155 not yett arrived, I rest

2666 1121 748 161 Adij 5 xber Ao 1695

948 1180 1018 180 Amsterdam geraert Rover

1231 1242 2173 170 in antwort aen duwe van  8 2 deser is heden a 6 27 oock

1213 1329 2182 146 27:1 en 28 gedaen op londen, en hebbe soo al wat afgegeven

1225 1468 2176 95 watter voorder van comen sal moet den tijdt leeren, ick considere

1235 1516 2166 104 wat ul schrijft van assurantie, en hebbe voorgenomen het teeckenen

1226 1603 2167 141 te staecken doch te laet, want vreese dit jaer ruijm al wat gest

1231 1658 2148 150 sal moeten toegeven ick wenste wel ul mij de vrintschap dese

1219 1771 2173 126 te informeeren bij iemant bij de laest gearriveerde schippers 6

1221 1853 2176 144 gber van cadix vertrocken oft onder hun niet is gearriveert

1234 1908 2176 168 claes dierckxen binschoten voorende het schip sint paulus a

1239 2003 2161 150 mede oft voor hun vertreck van cadix het ostendis convoije

1224 2084 2186 168 aldaer noch niet was gearriveert, om dat sij 8 daegen naer

1221 2193 2183 143 de laeste brieven sijn vertrocken godt wil hun behouden sende

1211 2293 2186 152 als mede de oostiche & moscoviche vloet en ick sal voortaen

1236 2402 2157 111 mijn poot tuijs houwen. ick hope die van londen en hidt

1195 2498 2215 155 voor de toegaende wacteren sal arriveeren, waermede di

1221 2584 2178 141 willich sal patientie hebben om met het opengaende wate

1221 2646 2176 142 het goet te wachten. ick sien het met de lotterije van schied

1230 2736 2175 188 mede niet en luckt, hechter hope soo lanck als mijn lotten

1218 2817 2193 207 niet sijn gepasseert de welck ick niet can weeten om dat ick

1213 2897 2188 209 geen billietsen en hebbe, twijffele niet oft ul weet wat daer

1210 3034 2201 190 in passeert, en soo iets voordelich voor mij comt sult laet

1223 3117 2181 192 weten, bidde den ingesloten voortsganck te geven die blijve

962 3158 839 172 Brussel govaert ververs

2965 3243 395 116 Adij 7 ditto

1209 3245 2203 181 ick heb den ul van 5 deser gisteren avent laet ontfangen, soo dat

1234 3324 2174 194 eerst nu aen ul hebbe comen toesenden de 2 medegaende wilt

1204 3419 2196 179 =brieven geaccepteert te weeten patiacons 600 op michiel cortoss

1212 3505 2192 190 ende 400 pt ten laste pedro goetsbloets, in dier gelijck occasie, en

1231 3601 2182 163 wat het anders oock soude mogen wesen imployeert mij lebertije

1213 3635 2174 210 want ick altijdt genogen ben ul dienst te doen gilieft ul de selv

1217 3739 2172 173 brieven aen mij te remitteeren & van de weerde te disponeen

1199 3818 2199 187 doet dat liberlijck alles naer u bevalle commandeert die blijve

932 3869 1128 173 Mechelen Cornelis van Aken

3114 3961 242 118 7 ditto

1197 3954 2197 202 in antwort aen den ul van 5 deser ick hadde volgens ul staelen

1221 4108 2156 119 2 stucken uijtgelijdt om dat ul ordoneerde eenige naer de selve

1216 4149 2181 152 gereet te houden sonder gesal de modecouleuren sijn wel goo

1213 4217 2187 143 ros niet gelijck u staelen. ick hebbe dan heden par vooch wagens

1206 4295 2204 146 aen ul een packen gesonden inhoudende 3 gemengelde frigeste

3571 156 485 107 te weten N 39

5841 169 130 107 104

4871 164 784 135 Adij 7 xber Ao 1695

3412 181 74 137 9

3443 210 728 144 Brussel Christiaen Segers

3543 252 2407 198 in antwort aen den ul van 21 passato hebbe gedacht dat ul voor nu volgens

3554 372 2408 148 u schrijven soude overgecomen hebben dan soude ick u mondelinck claerder satissa

3426 428 2548 167 tis geven & toonen dat het ick maer monsr, segers is die ondiscretelijck handelt

3537 554 2429 117 en soo veel respeckt & godthijdt niet en heeft van in plaets van geen alleen

3539 632 2429 112 geen goede worden geeft scboven dien sonder vorich consent mij wedersijdt dat ick

3540 712 2425 113 niet en vrage oversulckx ick ul oock laete weten dat het laken N 348 hier is

3536 782 2440 118 en selve voor u rekeninge laete ligge, want ick dat niet en kenne ul macgh

3544 875 2412 118 daer mede doen dat u gelieft ick heb u geen reden gegeven van misnoegen

3550 949 2354 130 daer en is niet een laken vercooper in brussel die bij de bombarderingh

3542 1022 2435 134 geleden heeft oft sij hebben, somnige het geheel andere het meestendeel van

3532 1100 2435 122 hunne schult betaelt en meer gelt gegeven als van te vooren uijtgenomen

3539 1194 2422 115 ul nauw patientie, ick heb verstaen ul eenen schoonen pant hebt gecocht

3531 1283 2434 95 waermede ick ul veel geluck wensche & hoope dat godt u ierlies drijdobbel

3533 1356 2413 125 sal laeten erwinnen, en ul dat verstandt geven dat gij u intrest daer in

3542 1439 2422 107 oordeelt met u coopliede soo te handelen, dat het een ende het ander mach

3527 1511 2232 139 bestaen, waer toe ick alsijdt sal contribueren wat in mij is blijve.

5365 1584 180 132 ditto

3412 1568 746 160 brussel hendrick de smet

3518 1611 2442 194 ick hebbe van tijdt tot tijdt gewacht dat ul soude overgecomen hebben gelijck anden

3530 1710 2410 150 vrinden doch tot noch tot van ul noch niet vernoemen, ick verlange te

3519 1836 2445 122 verstaen dat het met ul gesonthjdt wel is & dat door u in dispositie u overcom

3528 1912 2394 115 niet is beles, ick hope dat gods ul in de neiringe laet continueeren tot u

3511 1971 2429 140 voordeel om de gelede schade te connen erstellen, ick wenste wel dat ul voor

3533 2065 2435 130 kersemis mij eenich gelt conde geven, ende dat wij eens malcanderen conde sprecken

3515 2157 2426 113 sijdt voorsekert dat ick van mijnent wegen al doen sal wat moogelijck is om ul

3412 2220 2540 128 bij te rstaen ende dienst te doen ter wijlen u antwort versoecke & vervolgenste

3525 2270 1090 132 reguleeren, blijve naer groetenisse.

3414 2324 857 155 eijden hendrick karmanse

5269 2337 295 131 8 ditto

3518 2368 2437 203 in antwort aen den ul van 6 deser tis wel dat het rattien bequaem is tot

3400 2515 2553 156 parmosijn, dan uijt vreese dat het niet wel macht vallen, soo laet maer

3513 2569 2441 161 d'een elft tot carmosijn geverft worden d'ander tot blouw volgens het

3526 2671 2390 143 medegaende stael waer aen geen fout magh weesen, en laet het dan

3524 2762 2439 154 courieus friseeren oprolle en in een cleecken mij toesenden, schrijft wat

3501 2822 2450 188 passeert, ende laet mij weten de nombers van de lakens die gij hebt want eeni

3506 2935 2399 161 ges moeten bleuw wesen, ick heb de 2 lakens noch niet ontfangen

3515 3015 2430 181 dan den voerman comt morgen vrogh ick hope hij die medebrengen sal

3520 3061 2010 181 maer dat goet blijft lanck op den wechk blijve naer groetenisse.

3400 3081 876 179 Brussel govaert ververs

5382 3174 302 168 9 xbbr

3528 3226 2429 226 den uwen van gisteren ontfangen beneffens die 2 wisselbrieven

3514 3322 2447 222 voor welcke betaelinge ick ten vervaldaegen sal sorgen uwe gelieft

3509 3403 2370 181 van die weerde te dieponenen naer goetduncken, dat meer en al

3497 3494 2437 244 waerin ick ul can dienen versoecke ul conmande en spaert vrijelijck

3499 3588 2427 220 niet het port van een brief want hebbe hondert mael meer tot

3524 3648 1381 196 ul dienst en blijve naer groetenisse.

3413 3728 921 141 Rotterdam Abraham de bra

5247 3752 574 172 Adij 12 ditto

3505 3830 2371 199 in antwort aen duwe van 22 passato sal in cort u rambourseeren, daer

3513 3912 2397 212 taet in de Amsterdamse saterdaeghe gasette dat een convoije van hul naer

3510 4024 2452 203 rotterdam was vertrocken wat daer van is verneme neerne, ondertusschen

3496 4092 2334 184 is van Amsterdam convoij naer hul gevaeren hope mijn pack N 75

3497 4198 2406 129 dese winter noch sal overcomen bij de voorschreven gasetten wees

3503 4299 2428 88 oock vermelt dat een convoij van londen naer costij was gearriveert

3508 4376 2252 113 ende de messieurs kent schrijven mij van londen dat arij paij die op
