8125 4685
2632 167 702 120 Adij 20 April 1697

634 177 927 153 Stoppeldijck Jan Lenders

922 209 2431 160 ick ben verwondert dat gij niet en compt betaelen de 54 silvere du caten

898 371 2438 97 over rest van coopeningen van het lant int iaer 1699 aen ul vercocht

907 426 2381 117 door Jan willemsen soo lanck in gebruyck gehadt over sulckx soo ul in

906 505 2412 146 antwort deser niet en gelieft te comen voldoen, soo sullen wij self

920 592 2415 120 to tal coste overcomen ende doen naer geraeden, mij dunckt gij sout

921 711 2372 126 wel willen het lant betaelen uijtde iaerlijckse packt dat wij soo niet

914 799 2395 136 verstaen, maer absoluet begeeren dat het contracht daer over gemackt

919 872 2419 131 sal onderhouden worden, waer naer moght reguleeren ter wijlen blijve

633 938 858 148 Mons Jaques Trivies

2899 970 221 124 26d

924 978 2318 178 en responce a l aggreable vre du 16 court ie suis contant que vre

922 1133 2351 133 grace prannes a lintre de 4 pour cent le trois cent florins receu de

932 1205 2378 124 mons. bascourt a commencer die primiere court comme ie soit quis

927 1287 2411 164 vous plair a faire de mesme avec le ƒ400: quand ils seron receu 9 sany

920 1367 2419 169 prochain, mais comme cela est argent courant de mons cetmon intanti

925 1466 2337 178 que ie ne parderois rien au capital en cas que mons soit restitue

934 1563 2367 157 a espagne p. la paix que iaurois au moins argent court comme il vos

921 1658 2418 183 a present icy, cest adire un 8 a 6 sois & ½ cest pour quoy ie vous

922 1756 2315 179 priex de tenir chez vous et de limployer, poir mons. boutson

932 1894 2395 126 si ionet une lettre vous priant de sortir avec luy et recevous ceouit

934 1974 2368 96 vous pourrois il est un grand sicaneur, si la gagner la rigesse avec

932 2048 2192 174 de sicquanck presonables comme il a fait avec moj il lu nuis

3086 2072 221 165 heij tesse

935 2175 2402 124 profifera rien, cependant fait le melleur que vous mieux et donneé les quit

906 2271 2385 148 =ances quil soeet, mons. oudaert se port de nieux a mieux et comne le

937 2335 2371 188 bell saison se approche iespere quil revivera, pour avoir lhonneur de

944 2443 2364 130 vous vois par la pasx, il mest fort aggreable ce que vous mescrive

934 2538 2399 149 p de mon fils pandant que ie le vous recommande en la continuation

940 2616 2375 183 de vre boire inclination, si vre graces ou mons. vre fils de ventfaire

940 2705 2343 162 quelque vayage pour valenuennes cambray, lille ou quelque autre

948 2850 2279 119 places voisines mesme sil seret a parij ie trouvere bien a propost si

950 2931 2385 150 vous voudrooies, parmettre a mon fils de vous tenir compaquie pour

952 3019 2387 130 voir & apprandre et ie veu bien oftre dispancer quelque argent pour cela

949 3131 2399 143 mais point de touts sans que vos affaires vous scela de vous comende

702 3164 777 148 mons Jan Bautson

2917 3199 260 118 20 d.

962 3193 2378 230 ma derniere le 28 febrir passe vous a este par mon fils rendu

2491 3334 138 74 Jay

965 3320 2382 170 le quelle n'a pas ttouve responce, comme battende de vre discretso

948 3484 2408 107 non obstante quil n'a pas la capacite, a chose de sa ieunesse il presente

957 3557 2369 106 ma parsonne pour vous demander satisfaction de ce que vous me devez

968 3650 2278 135 le relaps du temps ne vous donne pas matiere d'avoir satisfait

966 3742 2382 110 mais bien si vous pourio montrer d'avoir payer plus de ce que vous

944 3820 2313 124 ay marque il convient a des honette gens, de payer ces debtes

953 3894 2362 146 avec civilite et de satisfaire iacqun a contentement cest ne pas

956 3993 2315 143 assez de diere quil y a este de faites dans de draps noirs et pour

974 4081 2331 121 cela vouloir rabattre £6:12:2 ettant 4 p. Cis de toute la partie

966 4176 2371 141 que vous aves eu & en suitte l'entiere gagne que iaurois eu de vre

974 4265 2378 127 parsonne, on accort bien quelque fois y a pour un faute refuction

975 4322 2381 154 mais pas come vous pas, iay negotie a present 22 ans mais il mest

984 4442 1826 63 encore arrive sembeable, le bin dieu vous a beme

5911 145 127 94 16

3512 186 2549 147 et donnes touts ce que vous pourrois dalirer cest pour quoy ne les toux ingratt

3505 290 2452 139 mais paye genereusement ce que me vous devez, & mon sils ou mons.

3496 382 2529 139 triveer vous donnera telle quitance quil sera necaissaire en attendant la suitte

3598 486 2469 126 vous souet de continuationde vre sante et salutaire vie pandant que ie suis

3358 463 927 172 brussel Antoni vousseau

5411 565 537 145 20 April

3504 582 2493 231 iay la chere vre dhies avec les 3 remises y menione lesquelles ne

3505 673 2534 196 mettent pas necaissaire iachose que iaurois de la paije de vous remettie

3501 785 2517 188 sa semaine prochaine limport de vre remise precedante, cependant ie

3513 914 2534 175 procurer le necaissaire et paye promtement vos traitte l'iesance

3503 1007 2449 159 dallemane est 14 iours apres la date de lacceptation ou quand

3494 1096 2574 209 lacceptant a oblie mettre la date de son acceptation allors ordonne

3497 1166 2189 167 3 semaine apres la date de la lettre pour usance. ie suis.

3366 1201 714 181 brussel Jan perrboom

5544 1293 331 127 23 ditto

3492 1283 2537 216 vermiets het convoij van londen blijft tarderen en gelijck gij weet soo lanck

3492 1411 2553 163 den rint aen noort loosten waeyt niet can overcomen mogen wij vost stellen

3503 1511 2571 146 bij naer voor sinaen geen vers goet te sullen hebben en alsoo ick voorsien te

3491 1583 2501 126 ben van suprafijne volgens de medegaende staelen dunckt mij de selve

3506 1681 2509 151 met dit laisoen tot brussel wel souden gewelt worden sijnde van gedachten

3490 1730 2519 178 die ul toetesenden, sij sijn alle voorleden iaer van de melsieurs kent ingecort

3489 1820 2557 167 & meest met het laste convoij gearriveert net en wel geconditioneert, niets

3491 1909 2533 188 besmeurt ofte bepeeterachtich maer soo als oft sij eerst uyt de pack en geopent

3493 1995 2511 142 waeren costen stef gelt de gairde gelijck bij de medegaende notitie en geen

3505 2092 2499 147 andere oncosten provisie oft andersintse 10 t stel aen boort p. stuck glijcksij

3492 2192 2526 116 gesvoon sijn hunne reekeninge te maecken, soo ul die begeert sal de selve sonder

3515 2284 2512 140 winst over laeten niets betaelende de wissel a 37 t  3 p. cto voor alseuranm

3511 2354 2505 104 en d'oncosten die aen dese sijde vallen sijn ul genoch bekent waerop morgen

3486 2428 2472 120 oft overmorge ul Antwort versoecke en in cas het ul de selve niet en gelieve

3513 2508 2394 115 als boven de staelen wederom, can ul middelo tijdt eenige dienst doen commandeert

3498 2584 2418 132 conde ick grove goederen becomen ick soude iul die conditien geerne geven:

3363 2655 722 142 Ath Joseph daul mosy

5564 2678 452 130 24 ditto 1690

3494 2700 2499 185 depuis ma derniere de 20 court receu la vre du 22 ditto avec les deux lettres

3494 2816 2519 130 que ie vous si ionctes pandant que i'attand apres demain le lattre de  380

3489 2911 2559 183 de retour et il vous sera envoye sans parte de temps avec compte de traises

3497 3019 2466 132 iaj receu vre sacq d'argent, contenant les peces mentione danscette

3490 3106 2514 118 momoire portant ƒ729:5 argent court, car pour vre d'argent dhollande

3498 3210 2469 131 ne vaeelt plus icy sqne lautre, autre il y a este que ƒ47:12 et vous ditte

3461 3266 2552 146 ƒ50:15, sil garderay pour vre compte comme aussij vre or il manque ales

3353 3393 2711 139 ducats pour les mom 36 grains et pour les puttoles aussij 36 grains ce qui

3471 3459 2540 153 fait 72 a 2 soulp. grains, porte ƒ7:4: ce que i'ay rabatt a la partie et ie

3480 3544 2496 180 vous donne credit pour ƒ 722:1 on ne peut pas ces de faire icy de quelque

3498 3648 2449 136 or quil ce soit sans qui lout de bonne poiet pour ce que vous deves a mons.

3498 3730 2547 159 de la fontarne a  Amst. i'ay luy payeray ƒ226:15 en argent d'hollande

3495 3807 2426 178 si vous voules me faire bonne icy a 3½ p. v a vre parte sellement

3500 3912 2495 114 que vous me dervries credite pour ƒ 234:13 argent courant  ƒ234:13

3512 3976 1030 161 ceque vre grace me doibt port

5639 4025 358 91 „ 06:6

5109 4095 870 160 porteargent as ƒ 740:19

3504 4160 1104 149 y rabatte la valeur sur lescrite

5567 4188 408 127 „722:

5774 4289 191 106 18: 14

3489 4260 2053 205 sans les fraises sur la lettre de port s. marie voyla me restere

5206 4343 790 122 ce que vous prospose provisi

3517 4429 2387 74 onelement si vous l'accorde ie passere trut en suitte sinon ie tiendray vre or et
