8048 4586
3057 101 130 66 1e111

1197 157 2199 134 de lettres ie donneres bien ce prie la si vous ne iuge pas datend

1511 251 1880 287 Laus Deo Ano 1696 n Antw

1317 578 1910 202 Ed Maiorem Den Honorem & Gloridn

2200 720 631 208 2 Ja

951 793 998 179 Lond Walt: & mil Kend

2088 888 116 124 8h

1177 924 2214 199 S. my last to you was 26: past bo which & forman I referre you

1193 1042 2208 156 as beeng the needfull for what I desire in Trade, now have before

1186 1180 2198 104 mee y of 10 et 13, att first I am vere glad to see yot safe returee

1180 1251 2217 123 the more because you found all friends well: I can also layno more

1189 1313 2189 140 to recommended my intrest then what I sayd alreddy when you

1194 1423 2190 148 was here, whilst pray order to be made severall fine & supet fine

1192 1526 2208 101 peirle cullours, et fine grayes to be pats of 5 sber last & ass told

1190 1575 2217 170 you, as also to the chest mis brownes for their will beweinting

1177 1697 2200 114 in lens: besides what I have ordered seber last for coms, of

1174 1755 2221 127 low prises, & if you can finde non of 6:6 gett better, & do as bett

1194 1837 2202 182 you can, yett I would faine have the lowest prises that an to

1195 1936 2186 135 behad if reasonable goods, not sappy I read bare, or dull or sadd

1192 2040 2172 144 lests. I suppose shall want the saudie draps as p. nexs. as

1187 2146 2204 127 also anney new culloirs, whencome out, as cont before, Ary poy

1196 2259 2190 107 is of rotterdam, & exspected then itt zeems that convoy was on

1173 2311 2206 191 the coast, I doubt contrarie wind shall have caused, them to

1181 2413 2196 156 returne wee have no news of them as to that from hull, you

1194 2525 2205 130 know I accepted of y proposall of ensurance, so when you note

1180 2649 2211 121 the charges shall pass them to accos. haveing given you croditt

1156 2701 2205 181 for the bill & charges in protest returned, which I could with

1177 2801 2193 143 had been accepted, because ex. tunnes up extreamley, att Am

1174 2887 2203 173 sterdam from 27ƒ to 35 in 8, d have from 27. g so 30 a 35 ƒ

1181 3011 2193 137 all asbest is to behad, never saw thelcke, if that goeth on to

1186 3085 2207 180 33 a 34 as the openion is, & the goods deare, what shall becomofit

1174 3191 2172 175 yett leave not to buy, & todo as for yo self, I have not had

1169 3302 2192 158 good luch to remitt, yott p. nexs you shall have some remises

1181 3384 2175 187 Iwish you & all freinds an happaneio yeare, with manney

1162 3489 2189 181 following full of content & benedictions, or blessings from god

1156 3596 2235 163 & o hat mon y. heartsean desere - as to the abatem. be sclepe

1171 3696 2221 167 for I am on tre worst & ballance the oed acott, & lett mee not

1188 3796 987 149 saffer for itt on the new

2840 3802 523 154 Adij 2 Janurij

909 3878 870 147 Amsterdam geraerd rover

1187 3870 2209 170 in antwort aen duwe van 29 8 30 pass tis met afgeven op londen

1172 4010 2220 122 gedaen en moet men afwachten wat hiet van comen sal der aleven

1161 4087 2226 118 gelieft voor mij niets te geven, hebbe hier heden over de stlef 1000:

1178 4140 2223 152 gegeven tot st 20, 34 en 31 en h2 een groote veranderinge imp

1172 4237 2226 89 daegen, echter hebbe ick op aerlaert dit heden ondernomen is sal mij

1171 4307 2229 110 obligeren kernise te geven hoo den cours costij reguleeren sal tot mijde

1166 4359 2226 101 voordere speculatie. ick ben blijde dat ul in de lotterije van schiep

5844 132 71 95 1d

3539 181 2432 115 noch iets hebt, wensche ul noch wat meerder en ter wijlen die van costij vol is

3540 244 2451 96 sal uwe de betaelinge voor mijne ingeteckende looten gelieven te doen, men

3562 316 2422 148 hier seght dat in die van ƒ32 noch manckeert, soo voor mij niets voordeelig

3537 399 2396 134 daer in voorvalt sal ick mij onder de ongelucke stellen. dit s geschreven

3536 490 2380 112 voor de bosse waerop int eijnde alles wat te becomen was op 32 t

3539 541 2463 136 op londen is gedaen, biddende als vooren wat costij passeert mij te laeten

3551 610 1322 159 weten ter wijlen naer groetenisse blijve.

5234 673 740 161 Adij 2 Janu A° 1696

3405 683 1017 169 Rotterdam Abraham de bra

3545 757 2358 131 in antwort aen den uwen van 30 pass ingesloten remitteere ul ƒ311:-

3536 872 2448 113 courant gelt ten laste Jan vandermeulen in voldoeninge vant gene ick

3527 948 2448 113 ul schuldich ben niets ick dese occasie hadde gevonden hebbe ick ul geen goet

3518 1040 2381 127 in spetie gesonden: godt geve dat ick moogen oft overmorgen van ul

3539 1124 2437 149 mach verstaen dat Jan meis en Arij poij wel sijn gearriveert. de saterda

3515 1157 2399 205 lehge Amst gasette seght die vloete voort landt was, het welck mij

3538 1292 2443 125 beduchten geeft dat sij weder gekeert sijn omdat den wint contrarie gekeert

3525 1357 2468 171 sijnde ul van hun arrivement niet en melt. het loopt met de wisselop lon

3505 1466 2485 157 den hier sonder wedergaede want die opt lest vande bours a 3 ½ t geelomen

3545 1511 2381 196 sijnde geen brieven tot die prijsen meer over bleeven, wat costij daer over

3534 1600 2389 133 costij passeert versoecke mede te laeten weten rencommanderende ul seer

3538 1706 2452 175 hertelijck den ingesloten voortsganck te geven sal verobligeeren die blijve

5526 1819 142 83 uey

3995 1774 1609 176 dDervolgh van brief van kent van 2: Jan

3534 1883 2414 156 after haveing my letter melude the following bells ofor whichs procue the

3538 1984 2426 189 needfull & advise what passer, the excepted ax. beeng 32: C:l no more bills

3546 2082 296 126 to be had

4122 2083 1095 199 £200:0:0 on francis sorfacht

4162 2214 687 95 „6312:16:0: on ditto

4152 2237 1007 150 „ 44:9:4: on Steren buance

4127 2336 1430 132 N 140:0:0 en Jean Chargneau le ceurne

4131 2407 1136 154 „ 200:0:0½ on herman Olmens

4117 2501 371 97 „ 198:0:0

4131 2565 366 86 „ 100:0:0

4509 2524 675 178 on heren rager

4135 2629 399 97 „ 100:0:0 3

4613 2626 1346 167 I have abont as much more of last yeare

4077 2698 456 144 £1195:1:1

4615 2740 1087 108 god give I may do good with ott

3389 2709 618 183 loven Jan de goede

5246 2817 447 111 Adij 4 ditto

3525 2863 2432 147 in antwart aen den ul van 27 passato, ick hebbe aen den bode schoreels

3541 2937 2384 152 ul ingesloten beandicht die aen mij ƒ48:- court gelt heeft willen

3543 3028 2440 139 tellen, om dat het ul in die spetie ordoneerde, maer om dat ick wisselgelde

3530 3134 2436 144 moet hebben volgens ick den selven aen ul hebt versonden en vercocht

3530 3183 2395 180 soo hebbe het gelt niet ontfangen biddende aende voorschreven bode

3541 3298 2416 116 gelieft te ordonneeren dat h aen mij de ƒ48:- wisselgelde betaele

3543 3387 2413 134 ende sal hem een absolute volle quitantie mede geven, hier op verlaete

3524 3465 2433 144 mij. colchester baeijen van a 3 breet hebt ick present hier geen dan

3531 3549 2448 179 daer is gisteren voor mij een pack in hollandt gearriveert, die ick hopen

3535 3631 2369 163 met dit doeijende weder hier int cort sal wesen, diene ul geerne

3543 3736 2422 134 deventer baeijen sijn present seer dier als mede de pack lakens ende niet

3543 3814 2412 159 dierder als kersij want die gelden st: 20 a 21 de bruijne en 23

3550 3931 2434 163 a 24 de blouwe court gelt packlaekens £24:-:-n wisselgelde, doch

3519 3984 2455 181 ick hebbe geen witte berijde gereet maer onberijden, en mach men

3534 4106 2442 150 met het winter sisoen dat goet onder handen niet nemen de venfor

3542 4185 2428 155 baeijen hebben in den somen goede coop geweest voor ƒ40 a 42 court

3527 4239 2429 146 vercocht, nu moeten die wel ƒ50:- gelden, waerin ick ul cange

3534 4339 2453 117 dienen commandeert liberlijck, hebbe veel spaens couleur goet en hollan

3530 4395 1482 100 swert blouw carmosijn a governo. blijve
