8188 4609
2729 161 777 165 1695 19 Jan

980 169 1102 180 Mehel de weduw betram

1248 232 2477 180 naer dat ick 14 deser aen ue heb geschreven heb ontfan

1265 363 2448 142 eenige lakens daer onder can coleur volgens ue dan vraeghde

1262 449 1594 159 soo ue daer mede can dinst doen bly

1286 550 717 174 N. 306 ƒ 5:5

3277 638 293 193 20 d

1004 656 1226 222 Londen Wall & Willem kent

1273 775 2401 155 on the 13 cur remitted you £684:- in severall bills, which

1266 875 2496 173 I hope reached your handes then have I repeated the order I have

1267 985 2467 184 given for severall goods s' which to compleate you have inlosed

1284 1115 2487 152 the rest of the patt n desireinge you to doe all what you can

2544 1148 98 85 les

1266 1166 2497 168 to gett these goods readdy to come with the first convoy for ostend

1270 1272 2428 175 blcause I am informed that soon a convoy shall satle & the

1269 1385 2392 172 lend beginght to approch so that I shall want these goods in

1274 1450 2442 192 a short time, I hope you have bonght the white flannels be

1263 1572 2431 202 fore the dead of the queene, because I feare that flannells wil

1278 1661 2480 176 be risen considerably, if itt bee true what wee see in the dutich

1268 1779 2410 199 gaset, that blachk cloth be risen in londen 10 p a yeare, sure

1281 1883 2414 152 much flannel will be dyed black, yett you beenge upon the

1272 1974 2497 194 place can iudge best, & if flanssel be risen & you have not bought

1289 2064 2370 182 my parcell shall be att a lotter, & would rather have the less

1287 2168 2315 219 therefore minde my intrest & in case that the flannels be not

1299 2268 2410 175 bought up, & not dearer then before so buy one pack more to

1289 2365 2477 190 be assorted from 15 to 22 pence most obout 18 few of the

1276 2471 2417 192 best, though for a 6 fine serge flannels, all of the broadest

1282 2610 2439 144 sorts that is to be found, I have receaved them in the last

1277 2705 2440 204 pack N54, which prowisdearer then what I had before

1278 2814 2447 174 of if you iudge that white flannels will be Rheaper &

1254 2925 2496 164 o better to be had within a month of 2 soo lett the second

1262 3044 2503 190 pack of flannels rest till the next convoy, I doubt the

1277 3132 2490 157 weather will continuge a frising & that the ship att shull

1291 3231 2423 172 must bye there, yett a longe while, where fore if you can

1288 3368 2468 157 send anney northrens by that convoy, could wish the pack

1280 3464 2417 182 I ordered to be send up to london where were shipped att

1277 3554 2362 148 hull, & in ease all rnaddy were forwarded from the nord

1288 3668 2425 162 for london & that you have an assortiment att hull

1281 3749 2407 180 there of there about of my formarly in struckon so

1272 3846 2467 175 lett mee have a pack provided I can have with that convoy

1291 3934 2465 171 now att hull, whilst p first shall send you patt for more

1281 4049 2363 174 nortsens goods though I could have butt 5 a 6 p with the

1297 4104 2385 203 convoy for Rott att hull I have non from you pray lett mee

1282 4236 2452 184 know what passes for time of sale ough to come on wee are

1312 4305 2455 149 ill concerned att lossoft the ene quene ehen you shipaneicy

1354 4367 2340 192 n cobedelivered at ostend

5411 156 1028 147 Antw: 20 Jan 1695

3789 165 955 194 Leyden g CTromans

4040 296 2559 110 ick hebbe op 15 deser aen u gescreven waeraen mij referere den chende

4039 347 2518 161 de 5 gehoefte lakens bequaeen sullen wesen gelijck ick hebbe voorgestent

4024 452 2574 179 ceyter soo sulckx niet en ware soo sult gij die evenwel voor mij houden

4050 514 2495 174 ende die niet bequaem sijn tot roodt oft blijaunw, swert maken ick hebbeu

4043 542 2543 222 oock geordoneert nochtwe andere stucken te koopen n ick dencke u

4032 661 2538 220 den sal hebben volbraeht ten waere dat om het sterven van de homis

4014 770 2502 205 inginne in engelant eenige verandenngh in de prijsen ware waer toe

4038 827 2534 202 ick niet soude resolveren mits sulckx van geenen daer en kan sijn oversul

4015 908 2546 199 ichx gelieft u voolgees te reguleren ende bij soo verre uliden de wiste

4024 995 2523 207 lakens in prijse niets warcn gemontert en dat ver een protijtien te doen

4037 1085 2481 199 was soo hoopt vrijelijck noch tive a 3 stucken als gij asaert siet van

4043 1136 2529 247 ontrent 60 tot 30 stuijvers in gesloten remitere uliden, 800 corant gelt

4043 1275 2542 210 ten laste laces meyers in rotterdam besoorght het noodigh ende advisert

4047 1378 2468 186 mij morgen den onfanck als mede oft uliden eenige swerten gerethelt

4036 1445 2435 215 van 30 tot 90 stuijvers Brede lesten ende ofte meu de over het eyt

4039 1524 2550 201 naer beurden Louden konnen bestellen sinu antwort te gemoet ende blij

6013 1629 548 148 20 ditto Janue

4050 1660 1032 148 rotterdam Abram de brae

4027 1699 2542 214 den ien van 81 deser ontfangen mijn rekeninge corant sal naersij

4045 1794 2435 189 en ende u het accoert adviseren sijnde de se allen tot covert van de

4047 1893 2258 203 ingesloeten die cito gelicft voortganck te geven ter wijlen blijve

5986 2000 592 115 20 Januar

3805 1990 903 174 gent reynier de buck

4052 2046 2528 160 der ckden van 81 deser is mj heden op den noen geworden alhoewel

4048 2152 2516 132 u liden dobbel poort daer op hadde gestelt doch een voermaen niet een

4063 2241 2448 149 borde hebt den selven overgebrocht tot mijn het wesen alsoo het te

4046 2324 2518 146 laet was voor hollans swert goet omdat die van gent ende brussel

4058 2413 2508 117 allen het hollans swert goet hebben gegelicft dat het te becoomen was

4058 2494 2511 141 bealven nochtwe lepe sijn de repdedam met die ick noch hebbe van

4067 2563 2483 168 5 gulden 8 stuijvers de eel gelieft uli den dit te hebben laet cito weten

4047 2631 2518 169 gries blanch ende perct coleure lakens hebbe ick noch volgens de medege

4029 2735 2464 110 ende stalen soo ici den die aenstaen gelieft cito te commanderen

4042 2825 407 147 die blijve.

4136 2841 647 193 N342 ƒ4:12

4235 2978 530 139 313 . 4:5

4250 3061 525 145 312„ 4:10

4267 3176 327 119 199:„

4253 3235 536 162 360.6:10

3961 3261 114 153 22

6143 3278 250 169 71d

3813 3271 1580 262 brugge de Crits Rejs de buck

3990 3389 2484 203 hebbe gisteren & post aen ue geschreven & staelen gesende

4049 3483 2518 189 van veirle coleuren dogh als geseght hebbe geene hollante

4050 3566 2437 205 werte marnlakens meer in aer antwerpe gncoegh, twelck

4064 3683 2474 173 alsoo ue heb vergeten te schreven soo diene dese ofte ue eenige

4058 3762 2471 156 antwerps siert geliefde ben dobbel wel voorsien & twijfele

4064 3865 2407 188 niest seer wel mede bedient sijn soo sijne als gemeyne

4069 3966 283 141 Sonder

3819 3994 737 238 brugge de Coits

4085 4072 2302 213 Ick hebbe ue brieven van 9 & 18 deser ontfangen tis mij

4023 4174 2452 159 aengenaem dat ue het packie plieven dobbelaer hadt becomen

4057 4259 2443 169 in gevolge ue ordre seynde ingesloten eenige staelen van tilsrrghse

4084 4321 2424 162 swerte lakens met den minsten jprys daer by in court get te besale
