8084 4678
2401 157 748 145 Adij 15 maij 1697

607 162 1099 121 brussel guilliam walravens

854 205 2393 150 ick hebbe ul briven van 4 & 13 deser wel ontfangen hijt den eersten

844 309 2403 138 sent gij mij wederom het laken No. 311 a ƒ3:4 seggende het laken

834 432 2471 126 gaet wel geconditioneert terugh en is niet open gedaen geweest, dat

856 461 2404 167 mach ul seggen aen die het niet verstaen maer aen mij niet want

844 552 2447 140 het toillet is afgeweest ende netto weder averkeert aen gedaen de coord

849 639 2420 150 altemael los & geheel gedelivalikers patientie sal meer als die prijs

853 709 2430 191 even wel gelden, en hebbe meer dan een hiere besigh geweest omtus

860 803 2440 161 eenichsins te erstellen, ul ordoneert mij te trecken ƒ 483, in plaetve

850 907 2406 181 ƒ 486:11, gij maeckt altijdt pretentien om te corten, buijten thwijffel

844 980 2400 203 seijsende het gene men corten can eersst betaelt is, maer dat magh

849 1069 2437 164 soo niet gaen nu op hope van meerder gelt van ul te hebben soo trecke

844 1211 2373 113 ick ƒ 484:want ul en considereert de st. 11 niet sulckx dat ick ul

856 1294 2380 130 toen staen op st:9 naer wat gij begeert sijnde het bewijs gestelt

853 1393 2391 159 in voldoninge. onse convaijen sijn gearriveert, doch de goederen

841 1483 2394 125 sullen soo haest noch niet hier wesen, en apparent noch wel 14

862 1572 2400 158 daegen aen loopen sal ul van alles kennisse geven. ter wijlen blijve.

2041 1666 100 92 th

628 1604 860 185 London messr. Kent

2811 1657 286 130 16 ditto

880 1692 2352 139 in answer to yours of 20 & 30 past, the convoijes are also well

875 1823 2413 124 arrived in holland when boath the english & hath will give such

860 1937 2420 110 convoij, then wee may tiade fteley, butt god knoulves, when

1404 1976 172 78 Thael

1128 1982 130 84 raad

860 1980 2440 134 sijck de convoij bee granted aghine ruyest  hope one from London

857 2103 2436 121 for ostend, before I gust & one about october what orders you have

852 2161 2393 138 from mee must come by e first convoij, for I shall send en other

891 2266 2366 121 memorandum for the second convoij for the gods arrived with

879 2353 2423 105 these shall bee soon gone, therefore pray accordinley & take forme

866 2446 2420 91 all the advantage you kan &  gelaye ot bainge, if you suppore

863 2497 2430 137 e neeu woll will couse the prise oft fall. I take notice what you

868 2614 2404 133 said of the cotton of chered 4 februatij last, this my mistake & you

880 2674 2396 160 are in the right, keept that bale for mij accompt, to bee shipped

873 2770 2417 162 bijdte first convoij for ostend beside the 3 bales, noted in the

872 2851 2356 193 memorandiem, so that these will bee 4 bales of cottons, & ck

865 2971 2407 158 please to buy when you iuadge best as to the ex. wee must have

885 3045 2353 164 patience, all my remites shall bee made af you dirrest, as inclosed

884 3144 2407 157 s £350:- en S. theodor Janssen for ABh procure the needful, cest

889 3272 2413 128 me  35:7 is a great ex. hath itt not been upon exspectatson of a

878 3345 2397 118 fall, I should have remitted manney £100 att 35, now I will go

893 3454 2398 114 trough, for I will not have you draw on mee principalley, because sha

892 3551 2370 121 seen your bill on the widdow de bie 30 the march 2 uso att 36  for

881 3625 2424 160 Edward hast well when on the lameday you draw on mee for the same my

888 3695 2411 179 att one uso att 36:1, so the hath one is cheaper because her bill is

872 3790 2397 174 one month longer, please to make the nomber of sp. clothes from 50

897 3900 2404 148 to 54 p. up to 60, to the n° 11 „ 13 „14 „ 18 „ 21 & 23, the lowelf that

891 4012 2364 131 are to bee had, for the seems, the costi coull: & copperrose will bee

893 4089 2393 100 the most demanded for winter with the lowelcy draps as N.6„8

896 4172 2397 137 20 or 24 no may beedarker of the browns at the patt. sent rather

892 4258 2387 141 some what lighter as w1„ 3 „5 & 9, to you gouverno itt beinge the needfull

893 4306 521 144 att present from.

5872 162 139 99 21t

5040 161 692 125 Adij 16 maij 1697

3312 158 650 146 leds thomas potter

5900 232 114 83 60

3314 196 2719 190 ichrenomy last to you was 6t court wh I suppose reached y . handes  ditto, becau

3316 356 2679 114 mes jour letters of 6t are answered from london, non have before mee yours of

3305 419 240 88 psse them

3304 393 2709 190 toram 23 past, by wh you say that white kersies are something fallen of late, butt

3311 517 2645 108 sj  wooll keeps so high yett they can not fall much till the new wooll comes in

3306 603 216 82 Min & Johan

3325 585 2698 174 cij areive will bee now shortley, so I desire you to actt accordinley & if keries fall mored

3314 730 2686 120 to goodthen buy 8p. videli et 2 packes each to containe 4 p for each pack maij bee

3315 783 2690 130 ijbeinge no lest, then 40 kersies us alsoe 40 bajes in one pack, for m. kent, sende sall

3310 875 2686 178 arron hus packes 40 white bayes, when anney double bayes are by, & when all singke

3303 932 174 88 pleft mee

3315 974 2700 143 12 baeyes, hee nakes them of 50 ps. so that the 40 ps I ordered is not to much

3308 1074 2652 144 ban villey for one pack, beside Iam used to have allwayes240 single dosens in one pack

3303 1147 2690 167 uch lik y ett lett of the 36 single dosens ordered, bee make 3 packes, I hope, wee shall

3308 1227 2687 148 pose the have a convoij sortley for holland, that I may order you an other assortemen

3314 1264 257 116 onttenslics

3313 1332 194 101 schienons

3496 1333 2443 163 for winter, & please to advise from time to time what passel, to take

3473 1426 2533 157 mj measures accordingley, the convoij is arrived in holland with the ships from

3469 1470 2479 168 hull, I exspect yd. goods here within 14 dayes, when shall advise you, how

3473 1547 2471 184 finde tham, m. bollengere hath still about £100:- in handes, dispose there of

3467 1621 2489 224 pus I wrift you & shall send you more remises p. first, whilst I rest: 16 ditto

3303 1679 798 145 gent francois hebrebout

3477 1773 2408 175 in antwort aonden ul van gisteren de 3 packen No° 5„ 6„ 8 waeren bij ul

3469 1839 2552 199 gearriveert doch miets de nich vuldige vraght & heet wederconden die niet voor nor ij

5883 1876 120 89 gen

3466 1899 2480 171 te waegen comen & dat het schip van francois maek oock morgen soude vertrocken

3452 1950 2527 196 des niet tegenstaende soo laet N. 6 88 te waegen comen &N.5 met het schip van

3468 2026 2461 173 ditto maes, doch oft het gebeurde dat N. 5 p. wagen alreede vertrocken was, soo laet danders oock te

3474 2100 2504 167 wagen comen & N. 5 op ontfanck deser noch bij ul sijnde doet dat te schepe No 2 moet oock te waegen

3474 2160 2522 164 comen gue de rest te schepe hope heden & morgen noch eenige paken voor mij heet becomen die gelieft

3475 2209 2527 112 met ditto maes te lgeten medecomen, dat men saker inste dat maek naeste maendagh hier sou wesen, imen

3477 2247 2191 146 mdat hij morgens absoliut vertreckt dan te geere N. 6 mede wel te schepe ingesloten, tisschbrief van 4

3313 2202 2636 229 Amst: geraerds ro ver 36:4 ten latte Janbap:. adelaer waervore dagre ptatie gelieft te besongest oft e steto0 t

3488 2308 2510 182 sedert mijnen van 13 deser den ul van selven dato ontfangen, godt tel

3461 2411 2536 203 dat de hulse scheepen binnen sijn, deralven sien mijne packen opt spoedichte

3468 2520 2546 178 tegemoet als p. mijnen voorgaenden hebbe versocht adroiture so het al soo i

3458 2593 2499 156 het spoedichste dunckt de wissel op londen is hier tot 35:7 blijven staen

3471 2688 2511 176 doch miets op de beurs gisteren wederbrieven van 10 sijn aengecomen, soo

3472 2803 2502 156 waerender op lest tot die prijs veel brieven overgebleven, & miets het

3472 2853 2520 176 heden h. dagh is soo wort niet getracteert apparent p. naeste wat deling

3474 2959 2426 150 hope, eenige packen van costij dese weecke sullen vertrecken versocke

3355 3045 2601 163 advics van wat des wegent passeert & expeditie aen d'ingeslotene blijve

3322 3136 1360 151 london M: barrensley, powell, & whiting

5467 3176 332 120 16 ditto

3481 3228 2506 166 I have yours of 30 past with a bills of ex. on severall parsons asthere bee

3483 3320 2509 171 expressed, 3 where of I have sent this day to brussells for acceptance, the others

3448 3377 2503 157 forgandt & brdges, shall bee sent to morrow, m. bathin is out of town the

3463 3477 2543 166 bilt lest att this house, as alsoe thatt att the house of m: oudaert, my cosen

3465 3582 2494 123 Elias is readdy & shall accepted the bill, & you may rest assured of the

3311 3653 2692 150 monney butt whelst hee hath the monney all ready in cass, so this your great

3474 3699 2521 173 advantage, that hee should remitt itt, al hee writes to day to you & according

3445 3789 2521 131 =ley to your answar, hee shall remitt or accept your bils, what futher passes

3472 3874 2465 138 about the rest shall advise you, & do what tot can to serve you for mij

3464 3951 2451 165 de ceased frinds sake, the more because mij very goods friend m. Joseph

3467 4061 2540 141 sabbarton, desires itt alsoe, pray, present mij service to himm & tell him that

3476 4130 2438 181 I shall tak care to thew you, that is recommandation is aggreable to mee
