8200 4713
1117 181 2209 106 de kersijen ƒ 35:10 tot £37:10 naer henne deaght can ick

1111 262 2277 117 ul tot die prijs dienst can ul laeten weten hett convoij van

1110 332 2256 141 londen blijft tardeeren & sal van daer hier voor kersternt geen

1088 440 2292 144 vers goet wesen sal ul het selve laeten weten, hebbe present

1086 536 2175 158 geen spaense lakens bij mij maer veel onderwegen hebbe

1103 646 2299 123 2 campaenie coulleurs bij mij tot ƒ4:8 sijn de sclve verlooft

1107 716 2172 133 soo de lieden in 10 daegen daerom niet en schrijve soo

1094 839 2296 149 geloove ul daer mede geen dienst can doen, hebt de selve gelove

1107 965 2280 137 gesien. het ul recht wet campance coulleurs. blijve naer groett

3028 1044 287 117 5 xbbr

836 996 1002 185 brussel Guill Walravens

1114 1083 2233 155 in antwort aenden ul van 5 deser ick ben in engelant niet

1117 1194 2201 172 qualijck bedient maer ul is qualijck geinformeert hoe het nu

1087 1290 2148 168 gaet de noortse goederen sijn nu gearriveert te weten

1085 1419 2209 136 baeijen kersijen noortse p geperste pr seet eens oft gij de

1100 1493 2233 190 baeijen voor ƒ1: het st sult coopen als mede oft gij witte

1126 1576 2252 203 frisaerden voor 10 a 11 st salt oopen noortse voor 3a 44

1117 1677 2290 198 en geperste voor 2 a 53, en soo haest het convoij van londen

1123 1778 2217 186 arriveert iet eens oft gij wel goede flannellen voor 14 a

1120 1878 2248 189 15 sult coopen, & wat de spaense lakens dan sullen gelden

1102 1950 2123 202 en sprecht dan de lakens die ick aen ul hebt vercocht

1114 2075 2131 193 hebt ick over hollant ontfangen ende mijn vrinden suer

1119 2177 2145 192 onstrocken om ul daer mede te dienen, sulckx dat ick seer

1097 2250 2037 235 qualijck neme ul reprockes, hadde gij die toegelaeten

1107 2373 2259 163 gelijck N 295 & 302 ick soude die geerne wederom genomen

1095 2469 2251 219 hebben, maer het goet open te doen naer dat gij op de staelen

1117 2606 2131 132 hebt gecocht en de lakens gesien dat ten ick niet meer

1102 2709 2259 158 ul magh daer mede doen wat gij begeert sal voor mijn

1105 2802 2195 184 part trecke mij dat niet aen & dunckt ul dat ick qualijck

1121 2876 2192 199 doen neempt een heerlijck man die gij begeert & ick sal met

1109 2962 2253 206 sijne iugie daerover afgaen, ick ben verwondert aen u discours

1129 3041 2292 201 daer gij seght dat die lakens aent mantelent wonder hhijnen

1139 3155 2152 184 maer ontrent het midden van het stuck tot op het leste

1134 3270 2232 167 is het wel s gulden slechter als aen het voorste dat behoorde

1123 3359 2186 202 eenen lakennaker beserdte verstaen en soude men sulckx de

1117 3469 2224 207 sinders mogen wijs maken ment gij p. avontuer dat de wissel

1122 3567 2244 190 ƒ30 ten soo can monteeren gelijck het nu gaet ende goederen

1096 3655 2229 207 beter coop ofte ten minsten inde oude meert blijve sak hebbe

1135 3754 2121 177 ul 4 flannellen gesonden, 2 a 14½ omdatter maer 2van

1109 3859 2299 161 die leeghste prijse waeren 2 a 15 ½ en om dat gij maer flannellen

1110 3944 2241 198 van 14½ onsboeden soo wilt gij voor die van 15½ niet meer

1116 4059 2203 154 geven sijn dat redelijcke dingen warense niet beter als die

1132 4121 2227 192 van i4½ dan hadde gij gelijck en staen ul die niet aen ten

1136 4250 2242 144 prijse gelijck ick die hebte gesonden, sent mij de selve wederom

1125 4319 2186 155 ick can op iedere hier 1 st: meerder leijgen ck verleeekere ick

1129 4406 2232 117 wel dat ick van sulakx verwacht hadde dat ick ul die lakens

3550 187 2473 117 niet en soude hebben gesonden in eenen tijdt datter 7 handen naer de

3544 293 2451 107 wachten oversulckx de flanellen begeere ick wel wederom omdat daer

3555 346 2337 163 geen schade can aen sijn maerde lakens heeft ul veranders van

3559 434 2367 182 natuere & conditien naer dat gij behoorlijcken tijdt gehedt hebt die te

3561 578 2318 152 beken het gene ick ongehoude was, ick hebbe van mijn leven soo

3552 625 2505 218 menich soo stuckx goets tot brussel aen differente vrinden op staelene

3563 748 2410 143 vercocht maer niemant heeft men sij leven sulckx te voor gestelt

3552 847 2476 168 ofto gedoen gelijck ul doet nochtans hebben die vrinden oock al wel

3559 975 2455 118 betaelt gaet eens te raeden bij ul vrint peerbomt en vraght eens

3561 1057 2403 161 hoe het present met de goederen gaet en gaen sal en oft hij ul

3538 1138 2449 142 voor 5 p. C wel sal willen dienen gelijck ick noch berijsk ben alhoe

3541 1230 2167 175 wel ongehouden dese partije te reeekenen terwijlen blijve

3470 1276 758 195 brugge raphael Coots

5445 1294 487 191 10 xber 1696

3475 1406 2477 194 duwe van 7 & 8 deser ontfangen bij den lesten seer geerne gesien

3559 1504 2461 210 het arrivement van ons Londons convoij waervore den heere sij gedanckt

3561 1608 2412 157 bovende gementioneerde 18 packen is noch gelaeden int schipvan Andrie

3553 1696 2397 224 mans sield het pack A N 56 met 42 witte kersijen waervoore gelijck

3541 1810 2456 185 voor alle andere packen duijterste expeditie recommandeere want het

3564 1920 2443 176 siloen soo verre verloopen sijnde de vrees van opcomende toewaeten

3552 2012 2508 184 geeft ons reden ul de uijtsterste dilgentie te recommandeeren principaee

3541 2106 2466 196 lijk voor die packen die ul particulierlijck hebbe genoteert evenwel

3547 2182 2395 199 niets te versujmen om te versenden wat maer voor de handt

3550 2350 2444 157 gereet compt p. bargie oft & rapelinck gelijck het expedienste sal

3543 2419 2479 225 voorvallen, al was het alles par bargie ick hope dat gij d'officieren

3552 2540 2466 191 selt comen bewegen wat vrogh & laet te wercken met wat maer

3560 2651 2344 164 soon aende arbeyders te geven, aen de comisen & officieren eene

3535 2779 2487 158 contigie, welck niet en twijffe oft een ieder sal daer toe contribues

3520 2872 2475 143 ren, ners voor het mijn wille geerne eenige extraordinaire often

3535 2945 2483 202 gedaen hebben des noot sijnde het welck alles aen ul goededrrectie

3532 3048 2461 168 loete ter wijlen verwachte te verstaen, ofte de 9schepen, waerm

3550 3154 2359 211 ick intrest hebbe behouden binnen sijn, vande vers vaeders dat

3553 3255 2425 166 sames hoeese van corch binen was maet dat Jan houg voerende

3553 3361 2391 188 het schip be sucees noch verwacht weert oft die nu onder de 36

3549 3466 1891 126 scheepen is sal mij aengenaem wesen te verstaen

3442 3547 857 149 Rotterdam f bram de 122

5302 3555 495 164 adij 10 d

3553 3623 2390 218 bijden ul van 3: deser gesien, dat wegens d'aenge haelde packen, noch met

3577 3776 2413 111 wat gedaen om dat ul van epinus is als men wat goet wilt gehand ondle

3560 3831 2400 150 dat men sor pocipitant met moet wesen, is het costij soo de maneere

3560 3937 2450 108 en vont het ul soo geraeden soo ist mij aengenaem, maer het gaet hier anders

3536 4010 2373 124 vant alstgoet aengehaelt is soo vraeghtmangeldt oft wat gy begeiren

3561 4114 2298 127 wan soolanck ul geen geld ten vraeght, soo voelen hij sutdoghwel

3553 4203 2339 138 dat ick, soecken recemuseren en koehet langer aenloght hoe der

3551 4300 2380 140 sight ies. eerlieft hebbers totense karseyle sonden eemen evense

3581 4395 2380 113 conditin verargere waer by staet het vriesende weder voor de haet
