7787 4594
2171 147 1019 138 Aw: 6 mey 1695

574 177 915 201 brussel francois van heck

863 237 2373 153 int antwort van den u.l a gisteren hier is present veijnich ofte geen goet

874 321 2296 137 in stadt soo dat het niet en waere voor u.l over te colmen ick hebbe veel

862 386 2357 145 peirle coleure laeckens van hooge en leege vrijse eenige costi coleuren

847 450 2330 150 en grijsen en daer van staelen te senden heeft te veel vercks aen vant

842 542 2172 164 daer sij noch bij de 50 stucken isser iet daer ick u can in diest doen

579 669 720 189 brugge raphael coots

877 678 2305 183 in antwoort aen u van 22 passato in primo deser de francen sij

844 813 2329 140 soo menich vuldich in capers ter see en affacqueren 5 a 6 gessen samen

863 848 2386 196 soo dat eftectivelijck 1 coonvoij schip niet genoch en is welck die van rotterda

861 918 2256 186 die te laet sien vaerom sij nu 4 convoijers naer hul hebben gesonden:

848 989 2364 177 uve en andere vrinden van costi moeste bij vavaletten devoir doen noch

869 1070 2367 156 1 ofte 2 cruijssens daer bij te becomen, ondertussen loopt het verck langh saem

850 1176 2379 147 aen, en is op de osten dese convoij niet veel staet te maecken venste sij baest

853 1227 2263 171 bij ons de retoeren waeren, gesien de conossementen van 100s de panr

870 1304 2203 182 over het pack nN 52 sop kent die ternijn. heeft bij gestelt sonder hemns

859 1380 2366 149 van den schipper beeft hij qualijck gedaen en dan ick de alle de conossementen

860 1477 2389 148 die ick becomen sijn soo sal mij daer over informeren imidele tijdt consenter

844 1521 2394 167 den schipper ten besten mogelijck ingesloten een berijs gƒ 184 - 17 ½ corant

849 1599 2382 175 corant gelt ten laste van mons: ian batift de kins waer van de betalinge

866 1683 2237 188 met gelegentijdt gelieft te voorderen, en mij voor crediteren, ick hrijge

857 1758 2317 159 moelijckhijdt over het gelt voor uwe voor dese ontfangen van de batien

879 1834 2369 173 van hoostcans vaerover u.l den 4 ianie 1690 mij een aftestatie hebt gesonden

855 1914 2276 185 van maer 2 mael £ 10 hebbe ontfangen luijcende de selve aftestatie als

855 2004 2280 168 bij de ingeslotene copije. den heere alma perfisteert dat ick 3 mael £10

871 2123 2364 164 heb genonem waer om bidde te weten ofte den voorschreven balieu de ianss

864 2186 2301 165 op sijne boecken niet en heeft aen geteeckent aen vie hij de betaelinge

875 2260 2327 184 heeft gedaen, en doet velck eens met goede occasie versoeke waerdiede blijve.

2658 2338 255 129 6 maij

882 2378 580 156 de weduwe botton

602 2379 185 155 hulst

864 2392 2336 212 ick hebbe op 26 passato aen u.l geschreven wvaer op geerne antwort hadde

868 2496 2245 207 hadde gesien en alsoo de selve noch niet en heb becomen soo bidde mij

885 2576 2181 174 cito te antworden op mijne vrage, enden ingeslotene brief aen

880 2666 2228 166 cornelis hil te senden al sout het 6 oft 8 st costen dan ick gelove

874 2738 2308 184 hij de naeste maert dagh sal comen soo niet doet divoire dat hij voor

2621 2828 296 146 6 maij

870 2854 786 145 ronst dagh bestelt worder

887 2919 719 188 Joan batist de criets

590 2952 270 166 brugge

889 2994 2192 175 in antwort aen den u.l van 25 passato tis mijlet dat uwe

875 3101 2307 148 geproiecteerde rijse errewaert is verandert, dan ter wjlen het soo is

878 3188 2340 146 soot hope ick om een beter, dat te meer omdat onse meeste goet vercocht

873 3263 2313 147 ende door den langen winter tot noch toe maer breijnich goet bij der

879 3352 2372 145 hant heeft connen gebroght worden, hebbe soo groote quantetijdt onderhand

865 3459 2273 147 dat ick verwachte in 4 a 5 reken, eens een groot sortement van alle

876 3536 2307 114 coleuren bij een te hebbe als wanneer het mij seer aengenaem sal wesen

871 3633 2378 123 ofte u.l te sien, ofte vel u.l onderrecht te hebben om eenige goederen aen u.l

880 3719 2366 99 te senden, nu om u.l begeeven te voldoen, heb ick heden op u.l getroecken

863 3808 2360 135 £184:17 ½ corant gelt te betaelen aen den cherelier coots, stelle daer bij

883 3862 2332 162 geen tijdt, omdat het is tot remboursement van oncosten. twelck u.l

862 3978 2369 124 gelieve te voldoen, naer u.l wel bevallen, en in alle voorvallende occasien

871 4028 1155 146 mij lieberlijck te commanderen

4963 170 589 122 6 maij 1695

3260 148 1116 199 tundrhout robens J Robber

3495 239 2444 163 ick versoeke van u.l van desen dat u.l gelieft voor mij te laetten

3494 352 2484 143 blijcken het mede gaende stuck serrette soo wit als doenelijck is treemael

3489 440 2376 173 te melcken den oncost en u moeijte sal ten danck betaelen ende als niet

3513 545 1115 145 voorvalt gelieft te recommanderen.

5081 559 255 151 9 maij

3271 622 1096 205 mechelen gilis van couenbergh

3489 799 2388 150 in antwort aen den ul van 5 deser ben verwondert als dat adviaen mijs

3502 904 2489 116 van hebbegem op 2 deser u.l niet en heeft comen sprecken, ende overgelevert

3493 926 2454 182 mijnen brief die ick hem hadde medegegeven waerbij ick u.l adviseerde dat ick

3486 1006 2488 202 niet apperent soude overcomen den selven meijs quam andermael ommis

3483 1083 2460 189 ne beinde te coopen gelijck oock den vet veijder hendrick brans tot mechelen

3500 1193 2497 181 den genen die bende oock geerne soude coopen en niet ick dat niet hebbe willen

3501 1245 2400 136 doen heeft hij gisteren geschreven dat hij met een ander in hure over andere

3507 1338 2429 147 bemden was gepaccordeert oversulcke dat die ooccasie met hem voorbij is

3493 1406 2487 199 oft nu adviaen mejers am eppegem sedert bij u.l vas gecomen of en mij

3500 1481 2480 178 brief overgelevert ofte niet ben courieus te reten vant omdat ick hem nieten

3491 1554 2444 171 hende, ende omdat ick met den eenen ofte den anderen niet wilde doen sonder

3498 1638 2440 161 u overstaen en goetvinden soo heb ick hem tot u geramrooiert, ende miets nu

3488 1729 2449 175 weer ter plaetsen is soo bidde  gelijck meer mael heb versocht, mijn benden te

3503 1816 2422 171 regeren en in alles te doen als voor 11 eggen, ssij die te verluiren oft

3476 1906 2487 180 tgras op den stuyck te vercoopen oft gelijk u best sal geraden vinden best sal

3484 2033 2475 133 geraeden vinden tot mijn voordeel dan vreele dat men veder al sal gesoijvageert

3485 2119 2467 144 worden omdat men een campement gaet maecken bij oft halle, ende de troppen

3499 2212 2390 144 die derwaerts margeven apperent door eppegen moeten heeter is daer goede

3499 2276 2457 190 hope tot het contraur omdat de meesre vollen in valderen en aen de mase

3498 2332 2476 190 blijven. gesien dat fransens wilt gedaght sijn. ick bidde u laet geen tijdt vertiu

3460 2395 2510 218 zijmen cast wvat cost met hem een eijde te maeken, en soo sij wat mallinneeren

3482 2507 2507 199 willen de pretentie, tot sijnen last mijn te vergrooten miets, dat hij het carm

3481 2555 2472 187 van de hemde volgens de besproeckene conditien niet heeft volbraght, want ick

3494 2620 2386 199 mijne datter over al vat tot sijnen last waer te fonderen, en alsoo hij alleen

3482 2686 2483 262 den pachtbrief heeft geteeckent hebben vij met nietmant anders te doen. doch is dit

3486 2775 2333 159 geen practijcke van hem omtijdt te vinnen 2 cannen tot temits corte

3489 2850 2490 200 expeditie hebben 2 waer het niet beter hem al voorens te vermaenen dat ick uwe

3493 2934 2432 181 geordineert hebbe hem tot mechelen te apresteren. versoecke andermael doet in

3482 3005 2484 163 alles naer u goet duncken als voor u eijgens sal alle divoiren en oncosten

3488 3088 2482 216 ten danck vergoeden als mede over het noodich te besorgens wegens het huys

3505 3198 2184 128 van mijne schonfuster ter vijlen naer cordiale groetenisse blijve.

5059 3280 252 120 9 maij

3259 3259 623 148 leijden vromans

3481 3368 2503 201 in antwort aen den u.l van 6 deser soo desen brief in tijdts compt en dat mij

3490 3465 2412 131 ue laecken op tilborgh noch niet sijn versonden soo 2 paeckens daer van

3686 3512 171 72 bredan

3505 3552 2419 117 naer leijden gaen aen lauerijs caa en dander gelijck de leste 2 ongeperste

3493 3622 2463 141 laekens en de rest over heusdonck naer tilborgh. doch compt dies brieft te laet

3472 3678 2469 175 en is het al versonden soo moet ick passientie hebben laet mij weten hoe dat

3487 3767 1939 121 sal sijn geschiet en avanceert dandere 2 ter wijlen blijve.

5060 3840 234 107 9 maij

3270 3829 950 182 Amsterdam geeraert roevers

3501 3901 2453 200 in au sedert mmnen van 5 deser den uwen van den selven dato ontfange

3488 4017 2402 179 als mede een brtieft van lonerijs kan dat hij naerdere ordre van mj

3483 4070 2438 199 verwachte, die dan daerop eest heden oft morgen naer costi vertreckt

3478 4175 2427 149 en alsoo hij tot leijden hets te doen heeft sal apperent wel dejnde van de

3491 4235 2432 193 recke wesen voor dat hij bij sal sijn. soo recommandere sijnder comste

3487 4353 2308 119 de geordoneerde volle te coopen gelijck bij mijne vorichge heb vermelt
