7757 4594
873 156 2073 129 neven pour mapcine que vre amitie puisque ie suis

2753 246 459 141 4 maij 95

623 218 657 208 Brussel Rousseau

901 333 2352 162 ie is asponce a la en du p lor ie payerr pse

881 433 2346 157 en tratie ƒ 427:14 cotr. eepreqevenderoueren

882 564 2385 199 plus daccas un a sirer, payantt pas a presen plus

882 658 2370 190 a remettro, non olstale ie fereindevo

874 777 2344 212 peire en oblenin, iay ue geddeie ƒcoo sur sch

853 883 2403 212 du maish a 30:5 van ½- accrditlie luy pas

862 1030 2333 204 besoing sur londees, e ne firt survre grae pus

883 1118 1501 226 desfert du £1000: sur la elle

2693 1218 351 165 5 meij

617 1272 939 197 namut Philip Lurond

882 1306 2336 204 J'ay receu les vres de 28 & 30 passé et en suitte iay envoye a hier

881 1457 2286 169 o Engelsert diendonne le 10 ½ drap noir selon la lettre que

885 1561 2292 101 dit Engelbert aporte ouvert & que ne contient autre chose

877 1617 2364 165 que ce que mons le grand pourra lire et que uspere sesa avre conten

882 1699 2383 163 tement ie navois pas a present dis draps noir comme vous demande

891 1789 2320 169 ce quilest la raison quil ma fallu a cheter aillieur, et comme

887 1880 2307 132 cest lustre & quon ne trouve pas icy sans lustre il faudra mettre

884 1962 2293 158 dans lexu & secher apres ou se vous voulez iaurez pour la

1876 2029 53 69 bi

1776 2032 81 66 snl

884 2039 2352 167 semaine prochain des drape plus fines que iay fait vouir dholland

888 2137 2248 148 et fabrique exprez pour ds amis de toumay & il ne sont pas

882 2233 2210 121 lietre, prenne ce couronne pour vre bouts que et ordonne pour le

880 2294 2293 176 prochaine voyage ie couperez @ 10½ de cette drap fait expres

881 2417 2298 94 les estoffes de mons ondaert sont encoo chez moy en attendant

2577 2483 265 133 5 maij

879 2469 756 146 vreordre ie medirez

607 2560 832 185 lejden geerit vromans

899 2577 2344 186 in antwort aen den u.l van 3 deser die laeckens van bredael noch niet

872 2723 2370 123 ontfangen die 2 blouwen sijn noch niet gelijck sij moesten wesen alhoe

882 2762 2343 158 vel iet schouder als de voorgaende maer ick ben verwondert dat gij no 19

888 2861 2316 122 en 575 hebt doen blon ereven, nademael dat ick u wel duijdelijck heb

1754 2934 93 54 t

878 2925 2274 180 geschreven dat maer: van die 2 moest blouw sijn, ende no 102 blauw

2409 2984 168 67 Ladaer

883 2998 2351 154 mij dunckt gij hebt geen goede nemorie, ofte hout van geen goede notitie

875 3070 2306 157 vant 1016 en 22 16t sijnde ontrent eenen prijs hebt ick 262 tot blouw

872 3140 2355 170 geordineert en 2191 - 575 sijnde ooh eenen prijs heb ick het dunsten

880 3245 2357 148 tot blouw geordineert, ende de andere swart, en ual nu anders doende

886 3308 2264 131 maeckt mijn verck qualijck uytvalt dat gedaen is laet gedaen sijn

886 3370 2284 174 en seijdt het goet voortst naer tilborgh van ick daer om haestich ben ploet

883 3455 2352 182 n 184: 2 198 dat het beste is tot carmesijn en het ander tot brum blouw

878 3533 2353 167 volgens de mede van de stael, en geeft in prijs liever iets meer vant

879 3606 2386 168 het coleur moet het goet vercoopen. sent mij 1 staele van het schoonste

872 3683 2355 164 brun carmesijn tot leyden geverft wort want dit laecken moet het

879 3781 1670 212 schoonste brun sijn datter van gemaeckt worden.

619 3932 273 167 leijden

5339 166 460 128 5 mey 95

3280 151 1077 190 Londen Wall: & Willekerst

3505 206 2405 172 on the 2 curt remitted you  £300:- as there by meptioned, inclosed

3507 312 2482 159 £250:- more on francs gosfreigne procure the needfull, sence have yours

3517 398 2423 175 of 16 past, where by I finde an accompt of N12 sent to hull, which

3509 479 2454 155 is well butt now I contramand these 40 bayes of which I ordored in

3508 571 2297 189 my last, because this pack N12 will serve my turne for them

3498 659 2407 167 butt as to the kersies & cloathes, lett them be bonght & forwarded

3496 750 2399 153 to hull, as soon as possible & above all recommand you that in the

3488 843 2490 170 northrens be the darck grayes to the patt N1 & 2 & rather more then

3490 917 2433 192 ordered, & omittee some modich, therefore send presentley your order

3522 1005 2461 176 to leeds, to buy no moe modish for mee then what alreaddy bought

3520 1105 2417 158 & to make up the packs with clothes grayes to N1 & 2, though ½

3507 1197 2415 196 more then ordered, which pray lett be observed, there is 4 ships for

3507 1299 2439 177 convoy gon for Rott for hull vill one of 54, 40, 20 & ne

3492 1369 2484 209 of 16 guns, had they had alwayes such convoy, wee should have

3496 1490 2411 153 had no losses, & if such convoy comes to hull ships freeley

3515 1595 2415 169 for Rott yett part of my packs by the first convoy susppoe

3488 1697 2451 126 that these off Amst  the first, that is one pack of keosies

3480 1774 2371 152 & one of bayes, & one of cloth, & the rest for Rott, butt if that

3513 1859 2433 187 for Rott be the frrst & 4 convoyes as they write then shipall

3509 1989 2410 155 for Rott, except one pack of kersies & one of bayes for Amst

3499 2070 2414 155 not donbtinge butt that you shall have 2 packes of kersies readdy for

3499 2200 2339 140 this convoyes, I long to know what further passes to take my measures

3496 2277 876 152 accordingley whilst I rest

5407 2277 160 161 5d

3275 2348 931 178 London richard Southell

3516 2385 2417 213 on the 28 past was to you my last sence non from you att which

3516 2502 2349 213 swonder, if you will please mle you must continualls adivie the

3505 2611 2317 173 needfull, now a convoy is gou fran Rott for hull beenge as

3503 2674 2465 181 they write of 4 ships of 54: 40: 20 & 16 guw which I suppose

3518 2790 2437 143 can not forom hull home before these 6 wekes suppeseing bly

3510 2910 2254 126 ae to go to schotland before they shall soth the loaden

3479 2976 2412 162 ships from hull so you have time enough to compleate my

3504 3040 2458 164 ordres in the nord whilit I exspect from buden all of ordered wish the

3492 3143 2390 153 first convoy & to non what passe to take further mesures &

5194 3193 227 126 5 dito

3509 3246 578 131 to tewlils Joos

3277 3318 896 162 imsterdam geraert rovers

3507 3351 2470 138 op 2 deser was aen u mijne leste waer aen mij gedragen hebbende sedert geen

3503 3475 2443 136 van uwe oock geen schrijven van bredael ben ick van gedachten dat laverijs

3483 3559 2408 114 ka naer casti is vertroecken bealven contiieren mijne voorgaende ordere

3507 3589 2476 168 nochtans soo danich dat met 5 a 6 dagen te wachten eenich voordeel waer te becomen

3508 3659 2442 163 liever hadde den incoop gedillaeert vort vaerover morgen u advies te gemoet

3515 3720 2445 167 sien, ende al soo ick geloove voorschreven ta niet voor heden oft morgen bij

3498 3794 2489 173 u sal sijn soo doet hem vachten tot naeste derijft daght dat hij mij schrijven can

3490 3869 2483 185 ontfangen ten ware dat uwe sonder het selve tot den incoop valcomelijck

3440 3948 2529 190 tot contement conne te recht comen. de vissel is hier heden op 30 en 7 met meer gelt

3507 4028 2420 189 als briven gebleven a costi ½ en 1 percento biddende de ingeslotene voortganck

3494 4130 488 139 te geven blijve.
