7754 4595
869 50 2395 215 vant vorgaende crvit beandge, sie e anse leden ven

858 158 2394 179 wat gepasseert is, daer beneffens oft het contienueert datter noech geen

855 269 2361 152 convoije naer hun gegeven wort, die van rotterdam sijn mollereus

854 375 2337 162 un convoijen van erviets hun schepen weder genoemen. bidde de

863 433 2333 158 moijte te willen nemen van plack briefkens te senden van alle de

852 554 2314 102 schepen die naer lisbon cadie in ladinge liggen, en tot wat prijs

862 584 2399 183 daer op geteeckent wort, om welck weeckelijckx te reten, en die brifkens

860 690 2393 180 continuel te hebbe geerne iets te dispenderen, over sulck ingevallen

857 765 2414 179 u.l gelieft daer toe imploieren mij sal vrinschap geschieden, ende den

2525 869 368 144 28 april

860 877 1118 164 oncost geerne hun renvoceren.

605 963 957 161 rotterdam abrahamd braeij

856 986 2410 158 den uwen van 22 passado ontfangen foute van occasie niet beantwor

865 1075 2348 149 het verlies van cortrijck is groet, het waer te venschen het daer bij

852 1170 2399 136 bleef, convoij en scheepen van berwiets weder genomen doen claerlijck

863 1246 2396 180 die van costi oft wallerens sijn ofte al willens wet willen versoe

841 1340 2271 148 fven gaen dat de convoijers van hal hun clicht hadde gedaen

854 1438 2342 149 en buyten goets gebleven, sijen souden colthust in un gesicht

881 1508 2391 134 niet hebben sien nemen dese dient alleen om van u geinfortne

870 1581 2286 184 te sijn ofte convoij naer hul gegeven is ofte staet gegeven te

862 1686 2383 137 worden, en van wat qualitijdt om vervolgens mij iuwis te nemen

871 1753 1822 168 versoeckende expeditie van den ingesloetene blijve.

2365 1865 362 85 28 april

604 1870 1154 202 mechelen mijn hier couwenbergh

877 1950 2396 147 in antwort aen den u.l van 19 deser mij dunckt dat monsieur franssen

881 2040 2313 146 hoe langers hoe arger wort want volgens u schrijven soude hijn et

871 2091 2349 175 veel inclineren te geven, ia minder als hun eeste prepositie want

862 2203 2200 143 1692. 18 deeemb: heb ick op rekeningh van 1692 en 1592 van u

862 2254 2371 192 g:90 ontfangen en was hun presentatie per rest van die 2 iaeren

885 2310 2332 180 noch 30 te geven soo al wast saecken dat ick van de iaeren 1693 en 1694

874 2385 2237 203 maer de helft en ontfonge soo soude mij op mist gt120 te goet

885 2470 2235 189 comen het 20 soo uwe oock soo verstaet, wel is der alven bidde daer een

868 2537 2340 194 eijnde van te maecken niet tegenstaende men mij heeft geinformeert

878 2614 2361 199 dat mijne reijden int midden te leegh sijn en vol water blijven staen

864 2706 2308 208 en vol moesti dat de selve noht met hooren beesten sijn berijdt maer

869 2803 2277 148 wel met peerden, ende ieder iaer goet doch dat can uwe best wete als

884 2891 2297 137 mede oft hij sijne conditie int herpen voldaen heeft uijt welcke vedere

868 2968 2200 162 hij soo goeden coop dese 6 iaeren heeft genoeten, des niet tegenstaende

871 3039 2264 154 mackt met hem daer een eijnde af doende als voor u eijgen, ende

881 3117 2300 133 ick sal altijdt, voor goet ende ten danck houden het gene ull daerover

860 3188 2279 174 sal comen besluyten. sonder dat u.l hier over meer mael gelieft te

873 3276 2222 184 schrijven, want die saecke noet door verloor van tijdt beteren.

872 3342 2258 147 ick ben danckbaer voor de sorge die u gelieft te dragen voor mijne

876 3419 2320 174 berden en dat de molheurers hebt doen brecken, waert goet soo uwe

861 3471 2199 194 de occasie voude de selve voor vrij gelt te vernieren tegen alle

864 3551 2407 198 vatervloet heerwachten etc. op dat iccoten minsten ick sekers daer van

871 3616 2220 216 hadde. heeter is het niet geraetsaem met phips van til oft sucte

886 3682 2213 210 volck te doen te hebben maer die mij doen sprecken heeft comt

892 3754 2296 187 van wegens eenen hendrick brans ossenwjer tot mechelen die wel

880 3885 2235 120 een lange heere soude willen maecken om daer door de benden

882 3928 2387 138 tot sijn voordeel te governeren doende veele helosten vant lant deught

893 4021 2313 122 te doen, ende mij alle siaeren een iaer op voor hant te geven ick hebbe

885 4067 2314 148 hun geen politire prijs gevraght maer gesijdt voor desen wel £50

877 4151 2341 134 hebben gegallen ende nu f over, de s0 soude moeten bieden, ende

915 4228 2277 127 geseght uwe daer over direcke hebbende aen u souder moeter

957 4338 55 62 de

898 4339 63 64 t

863 4313 2373 129 addresseren, en soude ick met sijn swerger wienst dagh in de naeste

987 4419 919 62 che daer omme bij u comen

3510 223 2452 170 daer omme bij u comen dus bidde soo mogelijck is dien dagh te

3499 316 2458 157 willen tuys blijven want wij souden voor 9 hueren bij u wesen ten

3516 392 2473 176 10 tot sempt om savents weder hier te sijn. ingesloeten de papieren

3509 505 2477 151 van de affairen van surlefeber wederom met een acte auctorsserende

3503 555 2416 165 om het noodich te besongen tot het ondersoeck van de bewuste rente

3505 636 2355 143 ende het doen casseren van de selve sijnde manyeel om den cost

3497 754 2430 151 te spaeren hechter noedich hebbende gelieft te laeten weten op dat

3504 801 2492 204 wij daer oock eens moegen door geraecken het welck aen u gerecom

3471 882 1501 154 =mandeert blijve ende ick naer groetenisse.

5479 960 443 143 30 april 95

3275 961 1108 194 Brussel Anthoin Rousseau

3512 992 2421 263 Jayles cheres vres de 27 & 28 court il mest agriable que les lettres

3509 1108 2433 205 sur la ville seront fait comme ie les desire vous priit de tenir le

3509 1200 2454 186 main a leffect, iay paye vre traitte de ƒ650:- pour lucas fayd herbe

3482 1309 2477 158 et cy ioint vous avez 3 lettres comme au pied de cette esperant que vous

3505 1399 2385 174 cela n'incomodera pas, car ie ne pouvois pas trouver des autres plus

3488 1473 2456 230 promtes, esperant que vous trouverez loccasion de sires en si largent

3501 1555 2270 209 doit estre conte plus prompte il mon faudra vous lenvoyer en

3503 1652 2363 239 espece pour vre remise sur londres m'est rendu, aendy a sois toop tard

3482 1746 2479 227 pour ce iour deposte ainst il nys rien a faire que lundy, ie ne le pren

3490 1854 2458 214 die pas pour moy iele negotierez a la bonsse a cause quon ma frest re

3500 1960 2432 166 mise d Amstm sur londres qui ne vienent qua 30:4 et ie vous prie

3507 2026 1873 181 de me marquer la recepte de cette puisque ie suis

5318 2087 327 166 ƒ 100:

3502 2114 1504 184 ie vous ay debite pour paye pour fayd herbe

3520 2189 2302 209 lettre sur la vesve dominieus boully eschue 28 cour ..„ 133:6:8

5462 2313 302 118 49:-:

4973 2314 253 135 28d

3527 2339 1026 152 lettre sur jndoeus Jinbreghts

5321 2399 397 96 „50:-

3528 2417 1360 150 lettre sur quill walravens payer a viue

5441 2476 295 121 174:-:

5023 2477 218 100 2 may

3707 2503 911 148 sur Jan beinaert 2n

5037 2553 716 115 8 ditto.. 125:-

3714 2587 1166 161 sur J Ivalero in het ruysbroeck

5306 2597 562 193 £631:6:8

5186 2738 310 145 pr may

3271 2745 1186 214 Reggelen can eenbergh

3462 2846 2523 159 aemgien p ariae meys dat goneent woertsdach niet

5262 2955 310 166 2 maij

3462 2994 595 137 sal eogen

3279 3052 801 178 leijden geeraet vromans

3500 3102 2481 162 in antwort aen den u.l van 26 en 29 deser ick sien te gemoet de tee laecken

3501 3206 2479 133 N22 en 23 op bredael gesonden, en ick venste wel dander goet oock claer was

3507 3299 2413 134 dant ick om dat goet ben verlegen doet al wat mogelijck is om alles claer te

3510 3414 2370 121 hebbe ende ten eersten voorts te senden met 2 ofte 3 st: seffens over heus

3514 3465 2429 140 de naer tilborgh aen haert van gorp gelijck voor desen doet daer maer matten

3506 3524 2441 152 om en geen lijnwaert want de matten beter coop comen, en den regendaer

3508 3608 2367 159 beter afgact tis wel dat gij de blouw op een ander doet verven maer sij

3499 3689 2411 176 moeten schoon hoogh bruyn violettende blous wesen, ende gedaen sijnde

3501 3760 2317 163 segge geverft sijndt mij daer staelen af want als de blouwe niet wel

3501 3844 2482 155 geverft sij n en kan ick die niet wel vercoopen gij hebt 2 laeckens gecoht

3484 3910 2478 142 met sbarte lesten om roodt quaer gij seght den prijs niet noch gij en send

3490 3987 2370 133 mij daer geen staelen af, de roode moeten hoogh bruyn reckt janque

3493 4066 2407 132 de beuf wesen want de twee leste en can ick om hun leegh coleur

3497 4166 2302 146 tot geen prijs vercoopen daer om sent staeten, soo van de blous

3500 4220 2349 172 als roede om dan dar naer noch te doen verbeteren wille oock wel
