8193 4713
1140 206 2272 169 yett no matter, lett itt bee keept there for y convoy for Amst

1145 271 2262 174 as also n°29, & could have wished either oof y. packes of kersyes

2975 386 223 74 dan

1137 390 2203 139 had been left out for Amst., because these of rott. have

1127 475 2222 182 onelij 2 convoye, pray god send them well, there is no more

1138 565 2195 236 goods for my Acco. to bee sent fr hull, butt y. 7 pack now

1130 689 2232 162 there & as from londen & take notice that all is most

1145 805 2219 147 compleated, except y. dozens 10 ought not to bee left out,

3208 912 187 93 dam

1129 910 2185 208 god send now all well over, butt y dutch convoy for rott.

1128 1007 2254 186 es a pettyfull convoy & that for ostend, is not much better:

3063 1102 256 87 of warr

1134 1101 2203 239 can not you & othere friends procure an Englisman or 2

1138 1207 2222 208 to ioyne them for y risico is too great, therefore do all

1126 1326 2239 211 what you can to have a secure english convoy, for though

1129 1435 2242 225 I gett my great part en suved, yett in case of loss of disa=

1129 1557 2195 214 pointement, & loss of y saile here, would bee y. worst of

1126 1663 2170 174 all, so longe to know from time to time what passes

1141 1776 2190 246 I am starlett to see this viseinge ex. t'is well, I gott

1141 1907 2246 214 y last 2 bills att reasenable rate as alsoe y inclosed of

1146 1995 2192 203 £150, on Jas. challet, & Jeremias Gardenenn, for w procure

1140 2095 2196 232 y. needfull, as alsoe acceptance to y. inclosed ofon Carlos

1302 2232 247 93 which

1143 2161 2196 264 spuis & returne to mee, you had rec. bancknoates from m.

1146 2259 2206 264 wright, & aggreed with m. Remius att 25½ p c., & you say

1143 2399 2200 214 that is £86:10 money for £100: for bancknoates, w dothe

1172 2477 2192 229 not come out, neither finde I by anney of yor. letters

890 2613 2457 250 these 6 weekes that banck noates were so cheap, yor last of 16

1154 2714 2186 246 makes them to 2, so that is amistare or not well menaged

1163 2846 2213 214 now on make itt pery diffirult hew to putt o them noates

1154 2936 2167 212 indeed mr. Kent you play to hyard upon that Iboimg, m.

1140 3068 2169 237 fouthele  £130 en gearge drahe of y same Natare

1140 3171 2179 200 m du ma estre had abaut £200, & did not make mee pay

1155 3276 2183 231 for itt one forthing, & they have had a very small comissio

952 3403 2351 206 fron  mee, & you in so many £1000 can &as I remitted you

1249 3539 83 77 m

1149 3497 2210 208 y receaved in spetie, can not pat of y  £100 of noates

1134 3612 2117 210 you inoy hom I have been argent for you to receave

1131 3687 2163 202 nothing butt monney, whe in y. very same time,

1140 3823 2104 179 t'wal permitted to pay bills of ex. ½ bancknoates

1148 3906 2195 178 money, & that others have recd. so, & paed so & can not these

1155 4023 2161 166 £100 pass so., I assure you, I ded itt not on purpose to gva

1148 4130 2238 170 a farthinge byitt, butt f is don by a misinder standing, though

1176 4205 2176 175 I hope to gett time consideration of y. andorse, to whon

1166 4308 2147 161 I have payd  fall valew. I observe how m. Vollengere

5864 192 115 72 210

3554 191 2352 165 sonthele &others menayes their busines, continne to drat

3557 264 2446 202 banck noatos, & know to putt of them, t' is true they doe itt

3534 365 2454 204 for their acco., so til very hard to mee to see you so mucld

5218 471 426 101 for this simer

3550 493 2436 171 agasin banck sedutes. prae pass over that stile. as faron. Rover

3536 578 2439 224 of Amst. I have recomended you to him, & t'is by my meanes

3566 733 187 88 heef

3532 707 2415 215 if I hath a correspondancue  with you, I esteeme him

3545 763 2463 267 a tich, ingenous, & prompt man, & could wish I had occason

5399 907 246 106 uith

3540 940 2429 181 to make use of him as much  more a 9 can  you for

3541 1060 2242 213 I deale with him without escraple, & more I know not

3521 1168 2453 251 Isupose gold now a good comodite, pray hat prise

4577 1280 1332 137 I have a good quantitie en hand & quineer, &

3544 1308 2452 202 all tristols duats &  wish they wese in yo. cash, buy no mere cottons

3534 1428 2448 130 wrap with kersies, I wonder y. dozons se long indeiway, they enght to have been

3554 1528 2430 121 reddy before all, pray remitt some thingl 2 a 3 a £ 400 att this hugh y

3552 1581 2440 142 q i a take care to see you well rembourse for what I shall ow you, theups

3532 1658 2449 166 g was to allow some intrest I have writt for Amst for bills because

3564 1737 2433 140 y. ex. here doth not follow yo 4 rest to knew what passer, whe have

3647 1835 2287 116 ett it qreat storme, out of y swest, with a great flood, I hope no

5387 1884 204 133 dinto

3459 1856 1413 166 Amsterdam geraerd rover Coss & rest

5545 1899 374 144 gber 1696

3543 1965 2445 137 sedert mij van 29 deser geen van ul hebbe voorder gespiculeert op t d'avaree

3520 2081 2494 136 van bosua wilkinson, soo van die geheele ladinge 2  p. C moet betaele

3533 2175 2379 157 worden, moet dat schip een groote schade geleden hebben, want die

3529 2233 2448 223 avarie sal veel gelt bedraegen ten waere eenige goederen daer van

3532 2331 2408 221 exempt waeren, waervooren mij aen ul gedraegen als par vooregen

5528 2393 224 80 mijnen

3539 2421 2443 187 miets ul ter plaetse is ick en twijffele niet ooft mijn geremitteerde ƒ200

3543 2510 2432 171 sal behoorlijcke betaelinge vinden wegens de ssurantie en het vertreckt van

3529 2599 2408 198 het convoij naer hul sien ul antwort te gemoet: ick hebbe dese weecke

3530 2675 2351 210 wat op londen tot 35 gegeven doch deynst dagh met de brieven van

3520 2790 2430 162 engelant die wissel tot 37:4 gemonteert sijnde, heeft men gisteren tot

3513 2868 2504 201 35:8 a 10 gedaen int beginsel van de beurse et int eijnde quamen wederom

3522 2941 2465 241 brieven ½ uyt londen, waermede d wissel 37:9 wort gemonteert, waerop

3515 3049 2429 196 dan niemantt meer trecken wilde, oft het costij soo volgens soude soude

3530 3130 2379 225 geerne weeten en isbij aldien roo de cours costij leegh blijft en

3519 3253 2440 198 tot 35ƒ6 ofte onder iets waere te becomen soo gelieft voor mij

3532 3350 2421 176 1 ofte 200 stet af te geven ofte iets meer naer advenant het al

3521 3440 2462 188 mij raeden can: wat sal hier van conen, sij schrijven aen Jacob de connk

3519 3532 2463 156 onsen principaelsten banquies dat te hem soieden hebben geremitteert

3527 3670 2495 141 met dese brieven maer dat sij die cours par eerste noch hooger verwachte

3526 3720 2467 181 soude dat wel connen stant houden, wat passeert sen tegemoet en doet

3513 3809 2412 172 in het voorsch afgeven naer geraeden als voor ul selve, doch ick can

3517 3899 2486 207 ordinair daer gelt imployeeren, waert saken dat ul oordeelde voortvallen

3500 4023 2523 171 van de brieven eenige veranderinge soude comen, tot betaelinge van d

3532 4098 2406 149 de troppen wort niet geremitteert en als die van de lanck remitteere

3508 4163 749 137 tis al in bancknotes.
