8173 4651
2600 160 532 132 adij 29 Auy

888 174 855 130 brussel govaert ververs

1126 200 2228 184 ick hadde dheer verwacht souft ul dochter voor haer vertreet

1149 322 2227 147 noch te sprecken het welck niet geschiet sijnde, sende ick ul ingesloten

1127 396 2168 142 de facture van de 3 flannellen ende 6 kersijen aen haer vercocht

1136 470 2218 159 waer van de 6 kersijen heden blouw geverft sijn soo te droogh sijn

1141 576 2229 135 sal se met de flanellen citto voortsenden godt geve dat ons convoij

1137 645 2207 125 van londen met de eersten magh arriveeren. als wanner ick hope ul

1138 726 2257 146 mij dheer sal geven van te comen besoecken sal in alle occosie toomen

2894 828 211 120 29d

895 817 1119 210 brussel benaerd vanden clooster

1143 859 2202 205 hebbe heden op ul getrocken ƒ400:- wisselgelt het welck versoecke

1145 1002 2197 157 gelieft te betaelen aen mons. Anthoni rousseau, ul sal mij

1135 1063 2179 182 particulierlijck verobligeeren, soo haest ons convoij gearriveert

1155 1198 2229 106 is sal het al laeten weesen, hope dat ick de heere sal hebbenaen

1154 1279 2195 151 ul partije te coopen, bidde den ingesloten aen mons. ververste

1160 1348 2050 166 behandigen sult verobligeeren die naer groetenisse blijve

2964 1445 229 145 29 d.

909 1430 987 208 brussel christiaen segers

1144 1480 2256 186 volgens den ul van 24 deser hebbe heden op ul getrocken ƒ200:-

1148 1614 2223 129 wisselgelde het welcke versoecke gelieft te betaele aen mons Antoni

1157 1687 2162 138 rousseau, twijffele niet oft ul hebt het leste goet ontfangen, soo

1167 1783 1943 179 het convoij arriveert sal al het laeten weten die blijve.

2846 1852 325 157 29 d

902 1859 783 181 brussel henij russel

1152 1922 2227 170 alsoo onsconvoij dagelijckx verwacht wort, waermede veel vers goet

1164 2049 2184 118 hope te becomen soo ben ick om gelt verlegen deralven heden op ul

1163 2121 2137 126 trecke ƒ150:- wisselgelde het welck versoeke aen mons. rousseau

1151 2200 2175 173 gelieft te betaelen soo haest de goederen hier sijn sal ul laeten

1139 2276 2230 140 weeten, waerin middele tijdt can dienst doen commandeert die blijve

3042 2355 246 148 29 d.

914 2390 706 166 brussel Jan Sonaert

1166 2406 2219 188 ick hebbe heden op ul getroecken ƒ 300: wisselgelt te betaelen aen

1163 2524 2173 170 mons: Anthoni rousseau het welck vrindelijck versoeck aen hem

1158 2629 2050 156 gelieft te voldoen, het convoij met vers goet wort dagelijckx

1153 2667 2180 207 verwacht arriveerende sal ick het selve laeten weeten op hope

1171 2796 1809 143 van ul calendigie, sal doen al wat mogelijck is. blijve.

3112 2828 134 98 20

2991 2892 218 107 29 d.

923 2851 869 173 brussel Andries Aerssens

1165 2887 2183 179 in langen tijdt dheer niet gehadt van ul commande, ons convoij

1161 3007 2213 143 van londen woort daegelijck verwacht, als wanneer ul het selve sal

1173 3100 2232 134 laeten weeten, want ick seer veele verse goederen hope te becomen

1164 3171 2237 149 daer en tusschen hebbe ick heden op ul getrocken ƒ300:- wisselg

1176 3265 2223 133 het gene versoeke gelieft te betaelen den mons t: Anthonirousseau

1173 3341 2182 140 en voor soo veel als dan noch sal resteeren, can ul daer naer eens

1198 3422 2063 163 eftenen, ter wijle hope mij heer sult geven ul calendige blijve

3024 3498 247 130 29 d.

931 3502 903 152 brussel hendrick de Smet

1158 3528 2161 156 ons convoij van londen wort alle hueren verwacht, soo de goederen hier

1173 3658 2195 133 sijn sal ul laeten weten, daer en tussen dencke ick dat ul nu eenich

1152 3718 2259 143 gelt gereet hebt het gene de reden is dat ick ƒ 300: wisselgelt op ul trecke

1167 3781 2201 141 te betaelen aen mons Anthoni rousseau het welck ul bidde hem

1165 3865 2185 177 gelieft te doen, sal oock al doen wat mogelijck is om ul te dienen

1178 3952 2210 150 en goeden coop te geven, waerop moght verlaeten, ter wijle blijve

890 4000 1210 199 brussel Jouff: de wed: vander borght

3063 4041 221 117 29 d

1167 4092 2219 136 ons convoij van londen woort alle heueren verwacht soo de goederen

1160 4174 2220 126 arriveeren sal ul laeten weeten, daer en tussen, soo het ul gelegen cost

1171 4243 2201 99 eenich gelt te geven, soo gelieft het selve aen mons. antt Rousseau te

1172 4306 2238 129 betaelen hebbe hem een bewijs van ƒ4 a 500:- wisselgelde toegesonden

1172 4362 1980 143 omi ddele tijdt iess voorvallende gelieft te commanderen die blijve

3441 158 708 130 brussel guill walravens

5175 167 771 140 adj 29 Augusti 1696

3538 202 2424 182 in antwort aenden ul van 20 en 27 deser souffe vermeulen heeft een hondert

3537 349 2476 102 en twintich gulden betaelt, soo sende dit ander briefken tat haren laste wederom

3545 425 2418 146 ick soude ul eender beantwort hebben, maer hadderaeker uiyt de stadt geweest

3529 486 2439 155 en heeft mij selijdt dat gelt te brengen als wanneer mij noch sal resteeren

3543 588 2470 143 ƒ 123:16 waer aen ick niet verstaen te laeten corten, ick can niet bedencken wet

3538 629 2454 199 ul overgaet ul sal int toecomende soo goeden coop niet conmen coopen de convojen

3542 759 2430 111 worden daegelijckx verwacht, en soo haest de goederen hier stillen sijn sal ick ul

3548 823 2445 170 de prijse schrijven, gelieft ul dan over te comen sal al doen wat mogelijck is

3534 885 2452 165 ende beter coop geven om ul goede betaelinge als een ander waerop ul sich

3547 1014 2438 94 magh verlaeten, gelieft ul dat ick het op ul trecke soo sal ul moeten betaelen

3473 1060 1701 164 ƒ823:16 sal ul ordre afwachten waermede blijve

5442 1108 259 182 39 d.

3431 1141 797 153 brussel Anthoni rousseau

3535 1170 2450 206 naijant pas un une lettre de vre ne servira la presente qui pour courvert

3539 1328 2444 111 de 7 assingnes, si iontes mentione au pied de cette les quelles ie spere trou

3513 1393 2454 165 veront les payement, vous priant dimployer vre benevolance ordinaire

3529 1533 2453 127 principaelement au regard de mons. de smet et fertsens, dont ie vous deut

3534 1613 2476 133 la bonne suitte faite comme pour vous maine, et commadede me reciprocement

3682 1679 1539 145 sur christiaen segers argent de change ƒ 200:-

3676 1745 846 131 sur henrij rijssels ditto

4904 1771 313 127 „150:

3674 1796 1575 163 sur benaerd van den clooster ditto „ 400:-

3686 1914 796 138 hur Jan Jonaert ditto

4936 1951 281 109 „300:

3686 1993 1069 136 sor Andries Aert sens ditto

4923 2030 322 132 300:-

3681 2069 1059 152 sur henrij ij ditto de smet

4934 2121 289 106 „ 300:-

3671 2153 1848 150 sier la veu vander borght courant ƒ 400: a 500:-

4841 2242 375 156 ƒ 2050:

3452 2276 855 169 Rotterdam Abram de bra

5493 2350 235 123 30 d.

3541 2369 2454 197 in antwort Aen duwe van 28 deser miets uwe verstaet dat mijn gepro

3532 2494 2452 156 gecteerde clausele in de police wort vervat, soo sullen wij het daer bij laeten

3547 2574 2442 154 en omdat ick geerne weete met wie ick te doen hebbe soo sal ick ul voor

3547 2670 2483 114 1p descredre crediteeren, met hope dat die premio sal verdient worden i

3531 2740 2457 159 sonder schade, nochtans bij goet arrivement sekerlijck eenige avane sal

3514 2857 2491 145 voorvallen om dat die scheepen over wontert hebben het wel ul imers

3535 2931 2472 190 duijdelijck genoch hebbe geschreven, soo haest convoij naer londen valt gestelt

3532 3029 2458 165 is versoecke mij het selve te laeten weten, om vogens mijn messures te nemen

3521 3068 2434 190 wensche dat van hul int cort moght behouden comen om dat daer bij al wat

3539 3187 2252 201 sal sijn geintreskeert wat passeert verneme geerne waermede blijve

3444 3239 790 153 neerhous de wed: putsijs

5549 3321 269 126 31d

3540 3304 2454 236 volgens ul ordre hebt ick heden met den voorman gesonden de 2 lakens

3531 3427 2459 202 die ul voorlede weeck mij heeft voldaen ick hebbe daer bij gedaen het spaens

3548 3515 2418 211 lakens ende het root bedraegende te samen als blijckt bij de medegaende

3542 3614 2456 199 facture ƒ 165:17½ ick en twijffele niet oft gij sult alles wel bevinden

3531 3688 2484 220 maer soo goeden coop sult gij voortaen niet meer coopen, het spaenslalen

3539 3803 2423 183 dat vers comen is daer ick ul van gesprocken hadde a ƒ63- valt wel ƒ1:- op

3536 3893 2447 135 del erger als duwe, soo hebbe dat ongesien niet derven senden iets ander

3539 3986 1692 132 tot ul dienst commandeert liberlijck die blijve.
