8193 4719
1109 221 2244 110 gelijck het op sijn oock bieckt ende ƒ3:- tot ul staet op d0

1109 259 2210 162 sber soo dat ick niet oreders mijne oft ul is het schuldich

1099 393 2303 111 gelieft dat ick het betaele sal het doen en ul daer mede belaste

3032 439 383 120 13 xber 1690

828 432 1034 180 rotterdam Abram de bra

1101 471 2316 215 verstaen bij den ul van 11 deser dat ul met den generack

1094 610 2281 179 voor mijne 2 packen d'accort wat voor ƒ200:- & een goude

1082 722 2225 155 ducaton daer en boven patientie, ick hope dat de selveal

1083 805 2229 182 versonden sijn opdat dit vrisende weder ons geen voordere

1105 910 2163 120 schade veroorsake waerm bidde duytste vigilantie

1105 1030 2203 133 te doen en sent maenstons mijn veeekeninge van

1101 1141 2238 154 oncosten & courante op dat ick voor de hij lige dagen ul

1081 1199 2277 197 can voldoen, alsoo ick met het niew iaer nieuw boese

1099 1327 2299 171 maken moet waerm geen crediteurs soecke te brengen

1110 1436 2157 148 ick sken het voorschreven accort is tot mijn nadeele

1096 1525 2182 157 omdat dh vermolen maer soo veel geeft als ick, ende

1090 1634 2319 151 sijne 2 packen kersijen ƒ 600:- meer weert sijn als mijne

1097 1703 2145 195 2 packen, wij hadden hier samen geconvenneert dat de

1097 1816 2258 216 compositie door een soude geschieden ende de reparrie

1101 1934 2284 190 van het import pro rato van ieders capitael soude

1086 2035 2229 192 verdeelt worden, & nu moet ick ƒ200: geven voor

1101 2141 2266 195 1 pack kersijen en dh. vermolen geeft maer ƒ 200:-

1100 2249 2213 163 voor de twee, want ick reeckene oft considere het

1103 2355 2232 179 pack dosijnen soo veel niet het selve en soude op alle

2957 2481 130 77 dalr

1105 2480 2308 142 marten van hollant geen ƒ 700:- vendeeren, ter contran

1095 2574 2194 123 de kersijen hen weerde souden gelden het ul immers

1091 2692 2269 162 genochsaem voor desen hebbe beduyt, daer en boven soo

1120 2769 2175 141 hadde den generael aen ch: moijers al voor ƒ 200:-

1116 2877 2222 145 gelaeten dan ick sien hij heeft hem van het voordeel

1131 2964 2164 147 bedient dat & ieder appart gesprocken wij sullen int

1126 3079 2234 139 toecomende wijser sijn en sulckx prevenieren, adviseert

1122 3180 2185 135 morgen priceek wanneer de voorschreven packen sijn

1130 3298 2214 180 verlonden, want desen noorden wint can op een endagh

1102 3371 544 160 over brengen.

3105 3441 210 141 13d

827 3401 1362 190 rotterdam Ph. meyers gesien

1119 3495 2250 232 bij den ul van 11 deser het gepasseerde  wegens mijne

1108 3624 2269 176 2 packen dat wij waermede wij dan soo sullen satienteren

1123 3714 2208 201 en trachten int toecomende wijser te sijn, iet sien de

1111 3825 2216 181 bia heeft ul des sijn getravasseert, en daer door heoft hij

1123 3938 2248 160 mij quade conditien gedoen, want soo ick verneme soo

1095 4024 2275 154 geeft hij oock maer ƒ200: en 1 goude louvram voor 152

1112 4098 2210 151 packen kersijen van Dh. vermoten het gene al te veel

1115 4180 2296 161 differeert wartt mijne dosijn lakens niet veel aengelegen wat

1131 4287 2284 97 en voor die alleen geen moeijte soude hebben gedaen, ick hop

1131 4383 2040 128 dat hij te tijdelijck sal hebben geexpedicert op dat die

5871 100 108 161 d

3550 208 2450 159 onder wegen niet bevrosen worden ul oncosten moeijte p gelieft

3530 291 2415 122 voor te debiteeren en sal in vervolgh van reeekeninge ul vergoeden

3536 370 2468 136 accepteerende voor ½ p. ul presentatie voor provisie & de leredre te

3559 459 2438 171 staen over het gene in wissel soude connen voor te vallen, terwijlen

3561 583 2370 142 recommandere mij declachtich te macken, soo iets voordatt dat ul

3558 639 2499 190 voordeelich oordeelt om onse correspondentie te vermeerderen ter

3545 740 2482 193 wijlen bij occasie sal vernemen hoe de kersijen & dosijnen nettosijn

3544 810 807 162 aengegeven geweest

5567 860 328 172 13 xber

3447 891 832 164 brussel gilielt Walravens

3537 946 2440 205 ick en twijffele niet ofte den mijnen van 8 deser heeftul volcomen

3532 1111 2434 150 satisfactie gegeven, sedert sijnde wedergesonden en andere laken seer

3535 1207 2429 160 willich vercocht ick hebbe ul brief van 11 ditto ontfangen met

3541 1291 2273 177 de remisen van ƒ600 tot mijnen laste waervoore ul hebbe

3547 1389 2460 233 gecrediteert en dient desen tot quitantie ons convoij van londen

3540 1521 2384 160 is godt lof tot brugge gearriveert waer mede ick seer veel verse

3528 1578 2458 241 goederen verwacht doch ick vreere dat dit wisende weder het

3546 1706 2443 176 erre waerts comen sal beletten, can ick ul middetijdt dienst doen

3446 1761 1230 144 brussel benaert van den clooster

5499 1845 201 105 13 d

3534 1854 2327 188 ick en twijffele niet oft ul heeft verstaendat ons convoij wel is

3536 1937 2450 184 gearriveert wat het goet nu hier soo soude ick een groot sortement

3545 2036 2494 162 hebben, middele tijdt sijn onse grove goederen gearriveert hebbend

3537 2143 2452 178 nu veel baejen & kersijen tot ul dienst bidde commandeert hber

3518 2242 2408 200 lijck sal al doen wat moogelijck is, ter wijlen versocke ƒ 300

3524 2317 2480 250 wisselgelde gelieft te betaelen ingevolgene een bewijsken aen hem

3535 2437 2122 200 gesonden, sal ul verobigeeren die naer groetenisse blijve

3455 2502 825 149 brussel henrij rijssels

5512 2581 187 139 13 d.

3542 2581 2361 192 alle onse goederen sijn nu gods lof gearriveert warense hier soo

3535 2734 2472 175 hadde ick een schoon sortement tot ul dienst doch vreese dat het

3536 2813 2357 187 toe water het goet wel moght op houden, versoeke voor mij

3534 2938 2457 219 geleeft te betaelen £30.. weselgelde in treckende mijn bewijs

3522 3009 2359 207 met quitantie sal ul valideere in reeekeninge daens u blijve.

3445 3079 981 140 Amsterdam geraerd rover

5511 3159 219 140 13d

3535 3193 2473 217 op 10 deser was aen ul mijnen lesten sedert gene van ul desalven

3522 3253 2431 208 gedraege mij aenden in hout beter wijlen dat brieven van londen

3536 3359 2472 228 de wissel vallende noteert soo hope de naeste noch meerder dalinge

3527 3426 2488 252 sullen adviseeren deralven gelieft te doen als voor eijgenom mijn

3526 3514 2418 243 intrest te besorge ter wijlen ingesloten remitteere ƒ400:-

3520 3628 2375 227 a 124 ½ ten laste Antonie pincto inden hage addres bij

3534 3735 2431 209 emanuel bentiwgho overmorgen vervallende en ƒ 400 a 122 ½

3527 3829 2432 226 p louis de surmont 30 deser vervallende besorght het noodich

3544 3927 992 128 en adves eent wat passeert

5621 3995 242 88 13 ditto

3447 3989 786 130 iusses Ansoni rousseau

3535 4007 2474 195 le 11m courant este a vre grace maderniere, y estant incloses les 2 lettres que iastant

3519 4134 2511 144 de retour in dose a mon ordre, pour le ƒ60at que mons: walravens vous a paye vous

3534 4225 2502 122 en est debite, cij iount vous aves salignations come au pies de cette, vous en procureres

3543 4282 2467 122 les necessaire. pour mael vanderborght il vous plaisa de recevois, ce que vous donnera

3529 4371 2000 102 et en medonant advis de ce quil ce passes sur de vouve vander borgh £

5788 4372 140 87 sur

3542 4405 2468 115 henrij rijssels £30:-:- far benaert vanden clooster £50:- 14 sur christiaen segers

3895 4456 642 72 touts irgent de change
