7770 4594
2784 162 445 116 12 mey 1695

684 148 952 155 Londen Richard Souhell

928 172 2293 199 sence my last of 5 cur recd your of 23 past, where by take notice,

931 299 2330 141 that your friend in the nord had sent you in all 10 clothes pretty meare

902 379 2281 138 my patt & directions, & that you had bought about that number ay

894 492 2376 158 span clothes, which & a parcell of flannels you shall send by the first couto

899 548 2369 178 for ostend, all which is well, butt whereas I will gett the goods enfun

911 617 2290 162 here, so must desire you to send timeley invoyces & bills of loadinge, for I

908 707 2293 204 exspect our convoij with you by this time & that the shall not

924 823 2347 139 tarrij longe to come over, you make no mention of the EE½ yeallous

896 893 2376 166 marcks &yett as you wiitt by your formar, so concliede that you shall

896 1008 2369 141 sende 5 p, the dearness of wool can not cause 1o great dearness as you

925 1046 2268 205 apprehend, there is a parcell of kersies tought for mee in the nord,

928 1134 2302 170 that come not above the 3 p dearer then formarley, whoeves

919 1222 2339 190 you beenge upon th place & nse to the trade must doe as best you can

921 1324 2296 155 leave all to your direction if you iudge that kersies will be

917 1431 2332 147 cheaper towards June, or July, buy them, butt if you thincke

926 1483 2341 188 they will not be cheaper so buy now, & lett mee have patt of th

918 1587 2347 179 clothes ordered p vere first, that I may know what measures to tade

908 1687 2341 147 as to white flannels one pack with this convoj will bee hroug

910 1753 2331 164 & take your owne time to buy the rest for nhext convoij with the

923 1874 2339 145 white cottons, if you will have I imlarge my commissions so you ust

909 1966 2333 147 take the paines to writte every post, att least every other post, for

923 2049 2336 155 prompt advises & expeditions given the lights, which is the needfull

2653 2130 285 147 12 ditto

649 2131 978 187 amsterd: att present from

913 2267 263 113 ½ rovers

929 2269 2330 219 9 deser was van u mijne leste hebbende sedert geen van u gedragen mij

923 2375 2346 169 aen den selven om dat desen ten meeren deel diens tot convert van den ingest

910 2454 2291 189 den v: versoecke prompte expeditie te geven. vij hebben de brieven van londen

915 2536 2346 153 van 6 deser waermede de wissel herwaerts veder gemonteert is, en op costi a 31:7

907 2607 2339 148 geremitteert wort, sulckx dat ick twijffele off u.l voor gisteren voor mij sal te

925 2693 2334 156 recht geraeckt gerachkt sijn. wijffele oft langer wachten voordeelich sal resen

914 2776 2297 136 daerom wilt dat niet langer uytstellen. hechter doet naer geraede ter wijten

911 2882 2333 145 te gemoeen te verstaen vaer ontrent de volle sal sijn voorgevallen. blijve

918 2956 503 132 naer groetenisse.

648 2990 899 199 gentde weduse de buck

924 3059 2339 160 sende uwe per brenger deser 1 brief ƒ16:16 corant gelt opdat u.l gelieve

927 3147 2234 153 het selve te acccepteren sijnde voor het lacken 29 ian aen u gesonden

914 3213 2348 135 vandien dagh 5 maenden, is te cort uwcant 3 maent landen maken

909 3279 2339 182 ben nu wel versien om schoone blouwe en swerte hollansche lakens

917 3371 1439 155 is tot u dienst gelieft te commanderen.

659 3447 1050 166 namen Philippe Lurond

2889 3463 300 132 13 mey

913 3503 2272 174 ie vous envoye selon vre ordre de 8 court p Engelbert dieudonne

2873 3635 278 102 ƒ66:

924 3619 1425 146 une couron de drap @ 11 ƒ6 argt cour

3000 3709 179 77 1:6

906 3721 1081 167 pour tol licent & plances

2502 3741 736 200 argent ƒ67:6

903 3823 1629 192 plus curieux ou beau nest piut a trouver

2936 3911 197 166 12

655 3946 986 165 namen Philip lurond en

910 3984 2343 195 en responce a la vre de 8 cour, iay envoye auiourdhuy p Engebert

893 4129 2283 132 dieudonne le @ 11 de mon drap sans lustre tres fine comme je

2951 4191 251 105 ƒ66:

901 4177 1777 182 vous ay marque p la lettre de voiture contant a ƒ6

2979 4253 274 87 „1:6

892 4269 1269 156 pour tol planches & droits de sortie

3004 4323 246 112 67:6

3486 175 2481 107 voila be plus fine quon fait non obstante que le prix soit 15

3492 258 2481 117 moindre que la precedente, sela vient a cause quil me fallu cher

3513 328 2447 100 =cher dans une bontique & la presente est de ma ptrsete fattique

3508 398 2369 103 vs faut que la veu vous donnera satisfaction, cependait si les

3494 464 2475 160 petittes plies disgoustent mons le grand vous pourriez mettre dans lean

3488 548 2388 129 mais les tailleurs les peuveut bien employet du maniere quil

3496 640 2375 153 ny a point d'incomodité ie suis a present fort bien proveu de soutte

3510 697 2345 131 sortes de draps dhollandetant bleuu noirs que lranviie et en

5118 797 526 134 13 maij. a 1695

3492 797 1008 144 touts occasione a vre servire

3297 864 806 172 uijnsercken ian spijlet

3506 914 2465 171 op 21 passato heb ick aen u perpoest gesonden copije van de factueren van de 2 paecker

3509 1065 2482 189 die int schip van gilliam colhust heb verlooren daer benedens de staele van de laecken

3511 1142 2475 193 en al hoe vel ick sedert van u.l niet heb vernoemen soo hope ick heeter dat mij

3505 1218 2444 128 brief u is geworden, en omdat ick geerne geinformeert waere, wanneer die

3506 1323 2469 116 sooe den sullen vercoght worde soo bidde mij u antwort te laeten toecomen

3495 1349 811 151 het wi verwachtende blijve.

5326 1381 321 145 13 meij

3301 1431 797 162 ortrijck de weduve caussee

3511 1512 2458 189 op 12 passato vas aen u.l mijnen lesten den vi niet twijffele oft is u.l wet

3493 1625 2470 151 gevorden als mede het goet daerbij gementioneert, sedert heb ick van dagh tot dagh

3495 1731 2489 169 verwacht u.l advies te hebben om te weten wat schrijvinge ul van dunckercke

3497 1775 2477 188 soude becomen, dat mij dunckt den tijdt verloopt, en de goederen daer lich telijck

3503 1839 2300 174 soude connen vercocht worden sonder mijne nete, sijn die et te l

3504 1933 2388 126 in het schip willem colthust daer op gebracht. heeft ul noch geen tijdinge

3491 1991 2415 165 soo bidde andermael daer over te schrijven, en soo haest u.l advies becoempt

3505 2097 2031 126 mij daer van kemus te geven. waer naer wachte, ende blijve.

3307 2140 589 140 verenhout ian bapt

5267 2179 259 106 16 maij

3513 2245 2476 183 in anwort aenden u.l van gisteren soo het serret gedaen is sult mij

3906 2302 138 51 doen

3490 2313 2496 202 reint schap. weder te senden uwe oncosten en darck vergoeden present

3515 2413 2457 193 maer 3 laken van mede gaende stael in cort wort 4 convoeij vervacht

3490 2471 2496 229 met vers goet doch can noch vel 3 a 4 reken aen loopen, hebt present

3481 2538 2156 225 geen tijcke noodich als occasie hebbe sal van u.l ordoneren.

3295 2633 508 189 Londen kent

5548 2693 306 132 16 mey

3505 2712 2439 181 sence my lat of 12 cur non from you so referre you to the same

3481 2820 2357 140 & where as I doe much want the clothes there by mentioned, so

3511 2931 2348 105 desire they bonght as soon as possible, some letters of the 26 past

3488 3014 2400 130 from london make mention that our convoy was arrived corth youso

3497 3123 2416 110 I doubt my last order can not be compleated ther fere gett them read by

3499 3152 2453 126 whoever & send them y fiost opportunitie for Amst or Rott & what

3503 3265 2468 129 clothes of formars orders be not readdy to provide them with all ppeed

3506 3324 2397 162 I question not butt convoy now att hull from Rott in exspectation to

3498 3444 2372 118 know how & what further shipped, pray itt must all ensured, for

3510 3510 1304 150 the french are with 20 capers I rest

5582 3530 228 152 10d

3303 3590 799 169 londen Jan du maistre

3494 3616 2474 227 In answer to nome of 23 past shall take care of your connyyon

3488 3723 2419 177 att arrivall butt that com is att precent vee cheap here about ƒ4:5

3502 3803 2349 146 the & whoever shall ho feale on my endeavour to doe as for my

3504 3884 2352 156 self. you need not to be in hast for lenght, buy when y ou iudge

3507 3980 2401 162 to mate the best opport butt buy not small pichs then great

3502 4065 2388 181 picks for they noe the best demanded & what ever you huy best

3520 4148 2373 175 good rend the best & as you say charges are the same or gors -

3511 4236 2343 162 best goods 2s tot don, in sugars, to bacco silck sail must les

3517 4340 2255 115 broake imployed & trokeridge is easeley gained theoefire att
