9029 4671
3431 145 812 148 Adij 29 April 1697

1572 158 1263 182 brussel pierre niclaes parboms

1863 219 2369 164 ick hebbe op 23 deser ul staelen gesonden van 12 fijne lakens en oievoor

1853 320 2357 163 ul reeckennge gepresenteert miets betaelende den eersten en incoop

1844 430 2393 141 a 37 & 3 p. cte voor assurantie hebbe geen antwort becomen is ul die

1857 558 2377 141 conditie niet aengenaem, sal om ul te animeeren de 3p. C voor

1827 644 2418 148 gslasantie cederen & alleen mij met de winst vergenoegen tot  37

1857 748 2395 140 en soo ul het selve soo niet accepteert soo bidde laet mij wetenost

1838 839 2356 136 gij die voor mijn reeekeninge niet vercoopen, want anders soude ick de

1850 920 2397 147 selve aen een ander senden, omdat men hier wijnich fijn goet vercoopt

1852 993 1805 146 dul versoecke een letter antwort ter wijlen blijve

1569 1042 877 206 Leeds thomas potter

2758 1086 56 89 th

3709 1064 463 159 R may 1697

1856 1121 2404 196 mij last to you on y 25 past carried order & instruction for 36 Jmsh

1852 1221 2344 147 desens to bee made up in 3 packes as alsoo go white bayes inone

1860 1331 2380 115 pack, where by pteck please to provide, so white kersies 30 sty 30

1848 1439 2403 97 of Abram intey y half & the rest such like, not worse, to bee sentto

1844 1504 2380 127 hull for the forst convoij for holland now have before mee yours

1857 1571 2393 152 of 16 march 8 posts beinge come together, for the charges of £19:5:3

1845 1680 2344 155 you have credit & seinge that fine dosens from N 4 to 3ƒ raw

1852 1773 2353 128 are a scheape, as they can bee, & the holland fleet beinge gone, &

1861 1863 2366 102 that buyinge for hamb: will bee ended in 20 dayes, & what is more

1872 1960 2393 145 that you iugde the lattes, end of Aprill, to bee goed time to buy, so

1871 2051 2383 99 expect, these mj orders, sshall reach y.s handes for the best markett

1866 2118 2396 142 you make no mention of what you have disposed by m. Bollangere

1854 2226 2407 152 I have remitt: hera in all £366:15: 4 where of hee is that har

1866 2331 2384 137 es provision & charges we can not come to top. to so ordered hin

1852 2425 2411 127 to fallow your order with the ballance dew to mee, whilst I shalllenm

1856 2475 2410 126 you my remises dirteely, payable in milt monney or quinees, wheres

1838 2586 2390 134 you my depend for next week, when you send patt. oft the clothes

1860 2692 2341 118 bought, lest them bee made on a paper a part, as 6i9 againe, as

1876 2740 2341 119 them you send, because wee pay no port for them & wee want

1874 2848 2347 139 them so shew to our customers, so that s'is un propre, to finde

1874 2913 2380 138 them on yeu invoyces please to advise what passes from time totime

1875 3010 2386 141 principalley about the new wooll to & take mij measures accordingy

2935 3062 1027 104 £366:15:4 is all ghave & had re mens

1578 3091 2515 175 London walter & Will: kent  hellenger & you make no meurn et

2913 3167 941 82 ythharl dissased, so rake yo mea sures

3721 3126 479 130 Jaccorda 2 maij

1940 3202 2334 140 mj last to you was on the 25: past, sence 8 postes come, thereby yu

2851 3243 83 96 th

1936 3295 2307 111 23: march, 20 ditto & P: April N. 9 was all that I see time hath

1922 3376 2351 142 ermitted to ship by this convoy, because all the vessels where gone

1936 3470 2314 111 non, beinge in the swaille, attendeinge for winde & that theij haveone

1942 3546 2307 105 can of wars, of 48 guns, for their convoij to the downes where they

1943 3625 2328 145 all have 6 man of warr of ostend, I wish they were well over al alloo

1943 3714 2311 129 hose for holland for those of dunkerque are fitteinge out all what sen

1929 3793 2337 138 hey can, to sett John bait att sea with en esquadre wch is to connan

1930 3898 2229 98 els de so manney kapers as now are, every where about, tis jours

1915 3948 2271 112 dinion on the 23 march, that in 4 months goods maij bee bought

1922 4039 2344 155 heaper & better made of wch one month is all ready past & they suppoe

1917 4135 2341 125 haf wee shall not have an othes convoij, before july of August here fore

1919 4225 2305 135 ake the best measures you to bus to goods ordered 25: past to wek

1927 4294 2203 118 ost bee added some clothes to the inclosed patt. send you also a

1882 4355 2360 112 memorandam for that I desire bought for the first cnvoy convoyel

4412 160 2531 86 for w please to take the best measures, that can vee done to have 16s

4411 201 2503 144 the best and cheapest goods and further in all acteinge as for the self for

4313 278 2611 133 d the great risico & kigh ex. is cause that wee have greet pams to advance

4426 388 2509 140 on the risie goods, wee are all de ceaved in your exspectation of a sall ofex.

4397 461 2545 147 because everij one beleaved, that the great remises must cause a fall

4411 544 2406 138 of ex. where upon everij one wweld not give, though bils have been

4405 638 2502 165 presented at N34:11 2ock now yalƒ 35:6, so that s see, that I may de lay

4424 728 2498 129 net langer to remitt you as spromise you to send considerabeley within

4418 814 2515 138 this & 14 dayes for I have meare £10000:- readdij & hath this good

4411 919 2420 139 while, & could not resolve to so high ex. af now I must do for

4422 1040 2541 114 I would not have drauwen upon mee, where I can advance 3 a 4 p. 19

4426 1103 2328 184 bij remitteinge, your say mij pack of cotton remains of mij order

4405 1153 2515 212 s suppose you will not finde anney order this yeare for cottons for

4436 1294 2436 146 mee, except t'bee to wrapp the packes, there fore if them goods

4433 1376 2459 144 come cheapes within a month or 2 as serpect, to these mij not bee

4418 1517 2429 125 for my accompt, further thus memorandum is all what I delire

4434 1580 2196 127 bee bought in exspectation to knouw what passes remaine

4260 1617 656 195 Amst. geraert rover

6221 1660 634 159 Adij Bmay 1691

4398 1694 2508 159 ben ul danckbaer voor duwe van 25 & 26 passato sedert hebben wij dan 8 poster

4429 1847 2525 121 van engelant becomen waernevens de wissel in een doen blijft niet tegenstaende

4433 1929 2407 122 men hier seght datter groote remises voor d'engelsche sijn overgecomen die

4427 1996 2492 146 bestaen in court gelt te betaelen, het schijnt de soden aen dit werck geracht

4423 2075 2546 118 sijn & uijtgevonden hebben sonder de wissel te altereren depeningen te foernier e

4422 2182 2509 135 nie can ick niet wel langer dillaiygeeren derrewachhtss te remitteeren, over sulck

4424 2234 2467 149 geerne verneme hoe het costij sich sal draegen, ick vreese dese continueel

4416 2321 2527 167 coste winden nons noch mochte schade doen, dat men schrijft van dunckersen

4402 2419 2473 171 dat men daer onophoudelijck doende is om Jan bart met een esquadre in

4428 2508 2481 142 see te brengen, goot wel ons voor verliesen bewaeren, sal de doort vanden

4405 2619 2486 126 coninck van sweeden het werck vanden vrede niet seer verachteren iets

4404 2677 2491 151 particuliers voor vallende versocke te wete & expeditie aen d'ingeslotene

4276 2714 826 168 London charlas Bollengiere

6437 2802 252 121 2 maij

4409 2809 2437 189 den ul van 2o februgry lest op sijnen tijde & dien van 23 meert maer

4396 2930 2438 143 voor gisteren ontfangen om datter & posten te samen sijn aengecomen die

4250 3004 2666 156 door de noch continueerde ooste avinden aen ul sij de worden opgehouden, waer

4379 3080 2496 191 door vwij onse convoijen niet overkrijgen, godt wil geven sij behouden mogen over

4414 3192 2553 140 comen omdat sonder de menich valdigecapers van denckereken. noch in sel met g

4391 3276 2484 127 alle spoot een iew esquader voor Jan boort wort geprepareert het welcke soo

4394 3332 2451 159 danige ongelegentheden inde negotie couseert dat mij best dunck wat stil

4405 3410 2495 172 te staen & alleen geraetsaen gevonden hebbe tot dat het vreede is meester potter

4399 3490 2475 158 is meckelijck te comitteeren, deralven gelieft hem het nitto van mijne avance

4408 3588 2451 153 in ul handen te laeten uijtvolgen, afcortende ul provisie & oncosten omonse

4405 3677 2501 154 reeckening daer mede tot daer toe te sluyten, opt hope dat den vreede haert volgen

4415 3776 2433 125 maght om met meerder animo de negotie te vernieuwen en onse kenisse te

6798 3852 138 74 Cren

4405 3840 2525 153 vergroeten, en middelijck tijdt eenige dienst voorvallende gelieft te commmand

6266 3939 532 143 adj 2 ueyel 889

4426 3976 1370 169 ul gde edre lenue comste de Dde masne

4439 4120 2427 83 B:S: ingesloten eenen rief aen P: delet fantuue gesoyt weert die versoecke nat

4435 4154 2443 158 occasie gelaeten behandigen & doen seggen dat ick ordie hebbe hen ƒ 226:15 te betaelen

4454 4268 2412 113 doch dat ick wej de court van wissel gerealte hebbe en daer over entwoordt

4460 4341 2245 125 vewachte als wanneers  hem op ue sal bewijlen als haer naer breede
