8187 4678
5703 58 74 89 16

4072 146 289 64 MMont1

5240 132 819 176 ady 3: 9an 1693133

4244 151 362 118 ½ lawet

3474 147 666 186 d

3473 225 2591 219 you have honored mee yo with yo of 28: July last, & n

3518 358 2448 174 yo siinde ofters ofcr & advice, for 0 I am very much oblig

3519 454 2390 185 to you, & returne you my harty thankes, & wish  was capable to

3518 552 2442 178 ronder you service on this side, where I desire you not to spare mee

3524 602 2553 198 in no occasions an ge  mecyu pla ssed rosrdte maeme basye lase or

3533 748 2377 164 hade bibe cemardeo sme af  wish you an hapy new

5956 769 115 120 ist

3526 832 2373 220 ay lare with all y content & blessinge, your sart can desire rest

5956 869 109 157 sef

5282 905 643 220 ady 3: d. 1697

3533 975 1048 191 with mj humblee respects

3544 1075 643 188 Thomas Potter

3481 1140 2502 265 S. I have recd in due time yo of 25 sbre last, & sence my goods

3519 1270 2429 197 arriv from hull att rott. so that itt was to late to demand anney

3516 1361 2412 225 thenge from you for wintfer, & now would willengley make a

3526 1463 2471 173 tryall forsents provision suppose goods areto bee had en reasona

3528 1562 2340 201 ble termes, whilst no shipping presentes, butt one diffrecultie &

3524 1628 2459 284 finde, that is how to gett y money in yo handes, I shall take

3520 1765 2431 222 care to previde my money in london of you will take for yo acco

3515 1886 2434 223 presico to gett itt from london to you, if by carrier, I shall nay

3513 1988 2438 240 y. charges, or by wl, if you can draiw from londen, butt & will

4487 2090 613 89 from lendnto

3523 2118 2476 177 not van y risico by y sendinge, further I have nocerrespendent

3513 2219 2524 179 att londen butt what buys goods for ance, so would bee best, if you p

3540 2337 2456 174 have a friend there, that you bee satisfied with all for y remi=

3536 2426 2412 213 ses that I am to send him, because trade will nott a ford tibee

4143 2553 138 65 dutt

3529 2518 2416 217 dramie upo,  shall send my money by time te lenden, so

3534 2608 2379 244 desire hereon yo advice hew to settle this business, till monney

3541 2723 2358 211 bee more plenty, when I hope you shall bee able to draw

4101 2867 160 92 send

3522 2828 2491 266 y bills, I shall you direethey, whilst in hepe that you shall firde

3524 2938 2457 241 have y oportunitie to leure my money seut you incles. seme

3527 3018 2485 273 patt, & instructions forsome clothes & one pack of bayes te beco

3545 3155 2410 252 gent to hull for y first convoy for holland fors. 2 supese

5413 3252 249 84 hebbe

3552 3257 2415 215 there is time enough, principalley if this frost olves en yltt

3543 3363 2459 252 you mest not bey these goods onles you will assure, & ta kke for

3548 3426 2508 300 yo accot my money when att london accordingla to shall go

3554 3585 2433 220 vine mee acordineley to yo order & advice for shall want mon

3529 3689 2403 212 goods towards  t prilk & may, wish you an happy I prosper new

3527 3793 2480 228 geen et PD. 1is William scaven is an able man in london

3520 3894 2503 200 aft pressent a parliantman & forme leij mij correspondent shallmeplh

3536 3988 1882 222 hun if you have no other butt thus man S know
