8180 4671
2773 163 606 101 adij 168 ber 11696

869 158 1054 168 brussel mons P. du mont

1112 186 2279 156 ick hebbe den brief van mons. sion van 3 deser ontfangen, ende

1101 304 2260 113 de ul van 10 & 15 ditto, mijn broeder sal ul dese weeck comen voldoen

1117 385 2178 119 dat procureur van partije op de rolle voortsgaet racht mij niet

1098 463 2283 152 laet hem doen wat hij begeere het is genoch dat die laecke bijgelijdt

1095 566 2156 136 is en is daerover op 28 passato wettelijck contracht gemackt

1113 627 2269 158 dat compensatis cxpensie die saecke comt toe sesseeren sijnde partije

1110 745 2180 142 dien dagh in den coop gegoeijt met obligatie van het verhet

1114 849 2241 135 te betaelen, der alven gelieft sulckx aen den procureur met tes

1129 917 2248 131 mimen te laeten weten want sij hebben dicn dagh de coopeniger

1114 1020 2128 117 niet alleen betaelt, maer oock aengenomen alle costen te

1103 1098 2220 117 voldoen die naer 28 sber soude connen te vallen, soo lest die

1119 1155 2221 162 procureur sijn meester wat gelt te doen betaelen soo magh

1124 1259 2205 142 hij voortgaen ter wijlen ul voor mijne veeekeninge niet een

1121 1324 2258 181 stuijver sal hebben te becostigen ten waere dit weltelijck moet

1107 1420 2229 171 gensinueert worden het gene sij mij gelooft hebben niet noodich

1118 1497 1657 182 was ofte begeerde het oock soude geschieden

2566 1550 716 187 adij 18: sber 1696

879 1612 534 218 London Kent

1169 1720 2141 230 Sence my last of 15: cur reed yo of 29: past, with acco of

1185 1848 2112 188 n° 25 & 26 sent to hull, where I exspect the rest p first

1130 1898 2113 250 & in case a convoy bee or comes there for fmst, then llst

1154 1997 2036 258 most part bee shp for Amst,  i that for

1158 2082 2126 285 rott sealex fast, ship most all, there win, yett

1159 2236 2106 242 in case of a pareice of y doparting of boaths convoyes

1193 2302 2101 275 thenm lett one nach of karseyes, one of bayes sione of

1144 2465 2155 190 clother bee shipd for Amst. I eae alwayes, these of

1149 2562 2143 187 Amst are f best convoyes & y. best hutl, bett do as

1150 2663 2139 241 fot yo selfress iudge for y. self our convoy foon ostend

1157 2763 2174 240 dares not go to zea because  french m of varniere

1149 2852 2142 242 a crusing beson y cost, whilst I an srj that y.

1135 2970 2238 264 ship for rott. have missed I convoy of y. king. I seae

1154 3091 2146 203 they shall not come so seente, god servesz frcosses, for

1157 3209 2190 229 flligh exn dear goods can not bare itt, exspect farthre

1164 3327 2143 165 acco ond sabove all level draps princiqpelley N1„2 a 85

1158 3412 2157 203 of 28. ma last, if y. frises not gett pack, take alle drays

1136 3514 2127 246 if possedlatt to saed culleurs of 28 meay fram n°1 to 5

1159 3612 2156 192 for  Brwn van still resting & ihgoed as to y banck

1161 3715 2130 237 noates de as best you can, & putt them of ƒnot doubting

1159 3818 2163 235 butt yo shall do my feave theren whthout yo preiudice

1160 3977 592 168 whelst d resse

5804 68 130 150 1d

4902 157 753 120 Adij 18 sber 1696

3419 170 809 171 Amsterdam geraerd rover

3497 209 2419 156 op 15 deser wal aen ul mijnen lesten, sijnde ample ordre om 1 pack met

3516 337 2376 133 40 witte kersijen voor mij te coop het welck verwachte diens volgens

3514 382 2447 139 sult hebben geestectuert, alsoo ick staet daer op macke, doch in gevalle

3512 484 2463 132 het par fransito niet conde voorts gesonden worden soo sult de selve

3513 566 2460 140 voor noortse kersijen aengeven ende selve op a 26 reduceeren en morgen

3507 670 2481 142 mij adviseeren wat des wegens is gepasseert, verlangen te verstaen, waneers

3503 751 2450 120 convoij naer hul sal vertrecken oft vertrocken sijn sekoorlogh slepen

3502 847 2331 114 van s. molo blijven voor ostende cruijssen opparent tot bat sij

3490 921 2442 152 verstaen den coninck in engelant sal sijn gearriveert, ende dan op de

3505 1027 2463 117 cust van hollant cruijssen, voorleden deijnsdagh wilde hier niemant

3515 1082 2439 169 op londen geven soo dat brieven tot 34 t 6 wierde verlaeten, sedert

3517 1192 2335 115 sijn brieven van londen gecomen waer mede de wissel a 36:5 a 6

3492 1289 2432 106 afcomt, waer op hier heden tot 35: 2 a 3 partije is gegeven, en sijn

3502 1384 2481 162 differente van opinie, dat in die wissel weder wel eenige veranderny

3499 1443 2460 190 mochte voervallen, op het vermoeden dat in engelant eenige verand

3508 1559 2407 132 eringe soude worden gemackt, ul openie verneme geerne en wat

3508 1627 2405 178 costij morgen wegens die wisselsal voorvallen, men wel dat het

3501 1701 2380 192 wetel van den vreede teenemael af is ter wijlen recommendeere

3517 1799 2384 197 expeditie aen dingeslotene blijve de kersijen te redusedn op a 26

4345 1893 1538 160 at 49a 40a en daer de 26 uyt te hoelen het

3434 1887 2478 232 rotterdam Abram de bra pack beschadicht ontfangen op 10 stucken naer

3506 2036 2418 150 den ul van 12 deser op sijnen tijde wel ontfangen ende de kersijen tot

3511 2128 2378 193 content bevonden, soo noch soo een pack te becomen waere gelieft

3517 2218 2446 185 in bespreckt te houden ende mij adviseeren om naestcomende maendagh

3511 2332 2435 126 daer over mijne resolutie ul toe te senden doch soude niet immaer maer

3494 2388 2438 156 wel beter mogen wesen de scheepen van londen naer costij waeren

3496 2489 2465 147 vertrocken, ende hadden het convoij gemist, soo dat sij apparent sullen

3509 2583 2485 181 tardeeren, en wachten naer het leste convoij van costij vertrocken

3509 2679 2473 183 ondertussen blijven de 6 franse oorlogh scheepen voor oftende crugste

3472 2771 2479 174 ben apparent tot dat sij tijdinge hebben den coninck in engelant is om

3512 2863 2364 141 dan op de hollantse custen de parten te speelen godt wil ons de

3516 2955 2414 121 schade behouden, het packet N40 inhoudende 12 stalt witte

3524 3054 2452 183 coddens, aen te geven voor 25 witte frisetten ofte cottont het stuck

3523 3141 2439 183 van a 40 samen weert ƒ 550:- wat passeert gelieft te laeten weten

3434 3178 791 160 brussel govaert ververs

5572 3255 316 115 18 ditto

3500 3246 2414 204 volgens ick op 8 deser aen ul hebbe geschreven sijn gisterende baeijen

3516 3389 2471 127 hier gearriveert, mons. vanden elboster heeft die gesien en oock bij andere

3507 3482 2469 121 maer alsoo het goet buijten mijne verwachtinge diervalt soo hebbe ick maer

3506 3543 2444 183 & stucken voor eene preuve gesonden volgens de medegaende facture naer

3515 3642 2428 137 den incoop hadde ick gemeent die van tt 44 ten wtuster elt g8 souden

3515 3731 2430 162 hebben geweest die van tt 40, 44 ende die van 22 wel tt 40, en

3503 3822 2481 189 als ick de wissel soude & 36: souden reeckenen, soo soude ick tot dese prijse

3515 3870 2366 187 gelt toewesen oversulckx minder can ick niet geven de rest tot 25

3515 3986 2347 160 stucken bewaere ick tot ul ordre oft ul die tot die prijse belieft

3523 4098 2416 124 ende wat rootgeverft hadde ick hondert stucken gehadt ick sbude

3522 4171 2448 135 de selve tot meerder gelt comen benificieren, daer en tussen doen ick

3523 4263 2420 125 seer geerne voor ul mijn uijterste beste het gene ick voor een ander

3521 4349 2395 113 niet doen en soude ter wijlen naer cordielijcke groetenisse blijve
