8018 4623
1070 178 2229 81 van dien, cadere ick de pretentie die ick hebbe over het nat maecken en

1066 243 2233 127 droogen van de witte kersijen, ende den oncost vanden berijder, end

1067 298 2236 144 met den tol dat te samen 52 stuijvers bedraght de fouten sijn

1045 368 2260 143 geteeckent & sal ul cleermaecker dat genoch connen mijden ick

1064 434 1793 165 anders tot u dienst gelieft te commandere die blijve

1064 532 672 119 Adriaen Everaerts

2516 532 750 159 adij 12 sber Ao. 1695

1055 568 2233 199 Mons in antwort aenden ul van 7 deser het convoij en is niet

788 538 249 239 loven

1068 696 2248 98 allenelijck gearriveert, maet sijn de goederen oock al hier, en

1066 823 2242 122 alsoo apparent voor den winter geen meer verf goet sal com

1047 874 2236 154 soo waer het best, dat gij eens u mart self quam doen, want ick

1058 969 2251 143 en geloove niet datter in 10 iaer soo veel goet hier in stad

1048 1040 2251 130 is geweest, & het heeft noch goeden aftreck, ben vande couleuren

1050 1168 2206 102 die gij vraght, seer wel voorsien, als mede van kersijen, hebbe

1074 1225 2229 108 wallenus noch niet gesprocken, waermede naer groetenisse blijve

2684 1319 337 112 12 ditto

761 1281 877 162 Amsterd geraert Rover

998 1390 2299 127 gesien bij duwe van 8 & 9 deser, dat de wissel op londen van st 27:0

1037 1463 2254 151 op st 27:6 is geloopen & dat veele die geen opinie van de wissel

1051 1540 2260 135 hebben op asaert hebben getrocken & dat uwe mede in dat gevoelen

1051 1620 2263 135 is, dat het geen standt sal houwen & alsoo ick heb ondervonden

1046 1735 2239 127 dat het meermael naer u.l gevoelen is uijtgevallen, soo sal

1063 1831 2199 112 ick vervolgens mijn misures hier nemen, hebbe voorleden

1045 1873 2254 187 saterdagh a ƒ 26: 11 partije gegeven en is hier heden a st 27:2

1028 1974 2257 176 gedaen alhoe wel het soo van londen maer afcomt der niet

1053 2079 2224 135 tegenstaende soo geeft mijn avance eer de cours noch hooger

1045 2184 2212 146 loopt want t' is sekerlijck dat aen die van de banck voor eerst

1048 2238 2138 155 niet sal werden geremitteert, & dat sij in hollandt 2 ½

1040 2355 2223 133 millionen op intrest hebben becomen, is het van den staet

1042 2433 2177 120 niet, soo ishet van andere, maer het gelt arriveert hier

1026 2516 2132 110 in staete iachten, ten deele meest in spetie. ick hebbe die

1040 2597 2257 147 resolutie van partije naer londen te remitteeren, om daer uijt te sette

1034 2686 2281 145 op de revenue van den coninck die bij anticipatien worden opgen

1000 2801 2297 97 =omen, ofte op d' eerste andere voordeelige occasie die sal voorgeno

1035 2872 2155 135 worden omdat mijn vrindt van gevoelen is, dat dese winter

1029 2953 2240 127 met het sitten van t parlement wel iets considerabels om

1028 3042 2199 100 gelt te fornieren sal voor gestelt worden, waer toe dan

1041 3076 2271 193 nauw het principaelste is wanneer die, penningen het voordeelicht

1032 3210 2221 132 derwaerts te remitteeren ick ben niet geluckich in de lotterije

1034 3269 2248 118 van Amelfort volgens het leste billet hadde ick wederom 2

1017 3343 2229 167 nieten soo dat ick despere van iets te becomen, dat dan morgen

1016 3461 2205 108 van u sal vernemen, die van colsti sal voordeeliger wesen, als

1016 3527 2216 140 die positivelijck gereguliert is sal ick daer toe ordonnere, terwijlen

1009 3604 2298 161 ul versoecken voor in die van schidam 10 lotten in te leggen

1032 3698 1801 126 hopende de ordre daer toe, in tijdts sal comen blijve

720 3725 1166 154 Mechelen Royted van Cauwenbergh

2678 3725 324 138 12 ditto

1021 3790 2221 185 ick hebbe uwen aengenamen van voorgaende week ontfangen

1001 3895 2276 121 ben blijde dat ul ten laesten van francens ƒ 125:- over de bemder

1025 3973 2253 183 van dese iaere & bij provisie 1695 voor rekeninge vande voorgae

1024 4071 2175 124 & dat de f 50:- die daer noch resteerden aen uwe bewesen

1006 4151 2276 153 op eenen vander wijgaert pachter tot semsen, de wecke hopte

1007 4217 2285 125 hij oock de voorgaende week soude tellen sal mij seer aengenae

1011 4322 2231 116 sijn soo het soo is geschiet, sijnde mijn versoeck daer gelieft af

1007 4402 2226 99 het gene ick uwe schuldich ben & mij een volle quitantie

3505 204 2462 120 toe te senden met den overschoet met den bode awij biddende daer geen uijtstelia

3479 253 2370 160 aen te sijn, want voor leven & sterve ick niet geerne hopenstaende

3493 354 2343 124 schulden houwe, het sijn de mijne gewonte, ten minsten eens iaers

3487 429 2426 129 te heffenen, & begeere van u mijn gelt niet ten sij ul al voorens

3484 509 2474 144 van alles tot den dagh van heden voldaen sijn, waerop mij verlaete wegens

3475 584 2425 157 de laecke van mons sefeber blijft uwe gerecommandeert doet als voor

3487 687 2431 139 eijden hij heeft ons gelooft in 14 daegen satisfactie te geven, even wel moet

3478 771 2434 155 dien pant costi ontfaet worden, is iets tot udienst voorvallende gelieft

3481 839 1812 130 mij te commanderen die naer hertelijcke groetenisse blijve.

5425 924 459 132 12 sber 95

3295 950 635 180 london du maistre

3495 963 2426 211 le 5 court estoit arre grace ma derniere a la quelle ie vous referre depuis

3494 1074 2403 186 reccu le vre de 27 passe vos merchandises sont encor agand mais comme

3490 1156 2406 161 nre asmee ou les cau sont encor arrette, mais comme leroy est marche

3478 1224 2373 194 pour flandres on laissera passer les cause et aussi les bascause die

3474 1311 2417 215 maniore que i attend encor cette semaine vos merchandise puisquon a dis

3486 1406 2312 159 change toutte la drapperie et charge dans autres bateau, vre ballotte

3490 1471 2364 182 5 st est vonne icy, mais comme ie ne puis pas refus er de vendre une

3495 1563 2410 182 p icy et un autre la celon que les chalants en ont besoin, et que

3478 1656 2366 187 le payement vout fort longes, il vous seroit trop fachieux de voir si

3481 1733 2425 182 longe comte d'une bagatelle cependant ie nay pas trouve pesson qui veut

5101 1790 816 84 moy mesrez Etpourne p as broullier

3481 1834 2433 177 prendre le paegentier, et raison pour quoy ie la tiondrez vous etan credi

5489 1894 434 118 £80:12:9

3478 1893 2091 175 bescl pour limport de £57 ƒ12 a 28, & ma gasin de ex commiss

5637 1980 280 123 6: 911

3483 2009 822 178 pour vre advance 8 pe

5455 2044 481 141 £87:1:10

3468 2049 1645 242 vous estant credite argent de change et contant

3478 2133 2376 216 ce que ie ne douste pas mais il sera a vre contentement vous priant de

3463 2234 2435 201 ne m'envoyer plus de drapperies sans ordre & direction car le coleut quelque

3485 2343 2372 175 frises sont des mechante coleurs. ie croy que le tabacq est a prest bon

3487 2416 2377 161 mianx marche chez vous a cause de l'arrivement du convoy de

3487 2490 2389 210 vorginia vous auriez mienx fait d'avoir attendu, cependant si cette

3481 2578 2432 199 15 p sont de bonne merchandise il se vendront bien et si vous trouvez

3479 2703 2442 148 encor antant mienx marche & de tresbelle ieanne large longe fieul

3466 2746 2435 191 les vous pourrez encor envoyer et de sueres pour rafinor, car comme namire

3477 2853 2414 161 est pris on espere icy de plus grande advantage et la negoce un peu

3474 2946 2399 156 restablie, vous me mande que ie fairois vous ioner de basse change, ie ne

3480 3048 2455 161 cais pas ce que vous voulez dire avec cela, vous avez dere tire £4001-

3464 3124 2429 166 et mal minage le change et tout vre carge, ne port que £560:- les

3478 3199 2367 164 fraises a bruges sont £58:10:- lesquelles iay dea paije, et voulez

3477 3281 2364 150 vous encor lirer ou attendre remises, explique moy vre intention comment

3476 3358 2338 204 que vous voulez negosier avec moy, car dpour debourser plus que iay

3485 3454 1579 186 spropose ie ne fairez pas, cependant ie suis

5261 3476 345 157 12 ditto

3314 3550 881 139 orricl De weduwe, Causse

3387 3609 2470 146 in antwort aen den uwen van 8 deser t is mij leet dat ul geen

3480 3665 2446 181 engesche goederen noodich hebt, hebft ul dan geen hollandsche, swerte

3477 3793 2459 124 blauwe, oft carmosijne van deen oft in landtsche, ick hebbe te veel goett

3464 3895 2458 141 bij mijne wensche ul dienst te connen doen. terwijlen ul die monsters

3465 3992 2327 131 goudelier bij u hout soo moet ick die man daer voor betaelen

3462 4100 2453 120 en sal ul rekeninge daer mede belasten. it ick hebbe ul geen reden

3452 4197 2450 116 gegeven te oordeelen clachten over uwe betaelinge dat ick versoecke

3474 4207 2465 162 wat gelt wa is, om dat de wissel op londen tot ƒ 26: was gevallen

3473 4335 2358 112 dat noodt sijn leven gesien is, ende men present met gelt meer

3465 4399 2422 125 can winnen als met coopmanschap sijnde de wissel 8 dageen aent
