7593 4614
3741 387 2235 233 to marorem Des Derparegho

3887 561 2050 316 ddrginis Marie Honorem

4362 929 962 167 N 9 Lorian

3810 1157 1911 336 Amnt Donni 16895

4275 1640 1014 147 Jar16

5317 2140 371 167 3 Janu

3184 2130 1050 214 Brugge JB decridts

3447 2246 2478 223 op 27 pas wae aen ue mynen laesten tsedert niets van ue Jan dobbe

3408 2398 2465 137 claer is heden hier gecommen vertreckt morgen wederom haer brugge

3419 2457 2529 190 met den selven seynde ick ue een paxken 18 d daer in het laken van monsr

3408 2519 2552 206 delicht & van mij N° 902 . a53 ½ 101. a52 ½  ƒ 4:15 ƒ 249:7½

3411 2666 2457 153 court selt, ick en twijfele niet ofte sal ue tot volle contentement wesen

3424 2751 2523 170 & dat ick het minder conde geven soude het noch minder stellen blyve

5394 2848 230 136 8d

4446 2924 85 111 g

3166 2886 744 196 Brugge R Coots

3446 2920 2447 213 ue brieven van 29 & 31 pas ontfangen & tpack N54: gelieft in

3432 3039 2489 177 antwoort deser d'oncosten rekens van myne 3 packen te seynden, alsoo

3419 3106 2525 191 mijne boecken anders niet wel can ballanceren waer mede ick nu besighten

5459 3223 257 197 5 d.

3413 3281 238 140 Blijse

3162 3280 1321 247 Amst  Con Janssen & Caert Coman

3417 3354 2459 241 In gevolge den ue van 27 past seynde ingeslotene de reken van de vercoghte

3443 3449 2497 204 18 prelakens waer van op ue reken court ue goet compt ƒ 21916 wisselg

3436 3552 2476 181 waer van ue gelieft ofte magh disponeren, alhoewel peeter vanden Crusees

3430 3633 2491 193 noch niet heeft betaelt, maer mits hij een goet man is twijfele niet ofte die

3420 3736 2489 179 betalinge sal volgen eghter blijft tselve voor ue reken, inde lotterge

3413 3834 2494 143 hebbe voor ue noch niets gegeven, & mits ue contramande sulckx ing

3435 3907 2353 182 houden, iedts anders tot ue dinst gelieft te commanderen die blyve

5640 3997 180 127 de

3171 4023 1024 205 brugge JBapta de Crits

3449 4075 2445 199 3 deser was aen ue mijnen laesten tsedert den ue van p eerst gisteren

3433 4159 2325 181 becomen te laet om het packie hier te houden, tselve is dan gosteren

3446 4201 2504 182 vertrocken onder eene particuliere pasport & alsoo desen brief ue can ter handt

3422 4326 2372 160 sijn voort arrivement van dobbelaer, soo can ue daer in voorsien blyve
