7780 4593
853 147 2368 117 gecoht sijnde sal ick u de noodige remisen besorgen, heb heenige brieven die

856 238 2386 100 noch wat hebben te loopen daoncke daer mede de contante betaelinge soude comme

860 286 2404 125 geschieden, het afgeven op londen blijft uu als voor eijgen gerecommandeert.

876 387 73 68 8

853 343 2398 147 andre lison is gisteren hier geweest, en heeft goede moet dat hem tot groeni

860 415 2378 192 sijn gelt sal volgen. ick hadde hem voor sijn vertreckt naer holandt die

858 537 2286 114 rijs ontraeden dan niets hij daer noeyt heeft gereest en een eerlijck

856 609 2401 154 goet maer niet vers inden man is soo heeft hem die rijse satisfactietegen

855 637 2394 157 omdat hij sijn leven sulcke dinge noyt hadt gesien, den ingeslotene voortgan

2579 733 225 149 9 may

867 762 465 134 te geven blijve.

593 817 856 215 brussel hendrick de smet

871 866 2309 201 heb u.l brief van 7 deser ontfangen ende de al400 wisselgelt daer bij

858 956 2394 164 vermelt waer toe dese u dient voor quitantie. hebbe present gene baeijen van

850 1040 2326 163 £40 soo vel het mij als alle de pachtuijsen hier sijn onversien van goet

857 1113 2263 173 dan verwachte ven alles godt wil het sal overcomen sal u.l dan anders

868 1250 550 146 adviseren blijve.

604 1319 1063 257 Londenwall & will kens

859 1393 2291 254 sence my last of 5 cur recd yours of 19 past I am Glad you

881 1524 2349 189 have mine of 14, so that I exspect part of the span clothes

868 1612 2362 185 there by ordered shall come by the first convoy, which I wonder tarries

857 1709 2324 183 so long, butt itt zeem they rather go acaping then to minde

877 1789 2318 176 trade, those of dunkorque are si together out & tock the convoy

880 1888 2279 169 from Colchester river to Rotte no hull ships by, inserin

832 1969 2299 225 wee run great risico & if our convoy of ostend becouley the

860 2099 2261 191 quience itt will be a great risico, for these of dunkerque

857 2184 2263 169 are to strong att zea & so manney, as to the yeutelman

873 2276 2240 153 rementor when I was in london I had alwages the choice of

866 2373 2238 169 all goods that were bonght for whom soever I amglad he

852 2430 2261 227 shall not finde itt so with you there is a great convoy arrived

885 2549 2202 184 from london to Rott with militia 4 men of warr & when

867 2640 2293 167 an other suffient so present you may ship a pack of spant clothes

858 2748 2299 163 that way or for Amst what passes plase to advise mee where

2778 2827 181 181 9d

840 2854 838 163 m you shall oblige

600 2963 627 185 Brussel Rousseau

873 2963 2340 188 mons en e spane a la chersnde 7 cour is vous sui obl

844 3122 2366 114 ou loffert qui vous avez roune delarente defwaue

877 3160 2323 153 en seneblables   q a

937 3226 2320 151 ene vans. is paijeeen prontenent ferewatt od ƒ 120:1: 10 vonden

791 3290 2450 142 gs  siver vlu gras us pernies, can nalroz

891 3377 2337 115 as a vair remett r. le s Bekmard a 2 letter 5schand

870 3464 2292 116 211 et 22 couran si ce la vous pairra servir fau mo

878 3562 2374 79 davoir en rsponce de cett pousqu ie prend la preus

866 3601 2335 126 p la preseer p C S. franis selcobs efondre ayer £100:-

859 3695 2325 119 55 amenn £50, te vagen il mesera ay greebl sis

850 3756 2383 150 0  lience la site van e recomrande

859 3841 2121 126 comt ƒ 271:13 argent de change sur¼ als velravens

851 3931 2327 135 2 lalettesur vanden boock ul van hoften aeglh

865 4000 2379 122 01„ 11: a presente auvendhuy  matiu 30. 6 pour

867 4067 2363 142 de remmises sor londies, et ij en bairse die nebicula

984 4183 2126 114 n doon ver rierestant fart suclcondies is ser

914 4247 2347 115 ane la prochant pur qp i procurere ek ielessa

733 4314 1355 133 oen la nem d 160 a94

3882 1642 929 190 12 maj Antw 1695

3840 1808 914 182 1provid for moljn

3847 1949 824 168 25 p cloth N 10 ƒ 8 a 9

4254 2052 452 141 1 of 10 a 11

3947 2093 125 114 20

4224 2150 439 170 2-8ƒ

3254 2260 137 175 18

4236 2289 98 131 2

4496 2392 136 160 &

4243 2398 136 130 3

3244 2446 52 106 6

4239 2519 370 157 3- 10„

4211 2673 119 119 4

4206 2774 401 161 4—10

4210 2912 367 138 5-8

4223 3014 504 132 5 -10 a 11

3871 3123 846 184 11 p all close nins

3887 3261 860 176 2 mochet of 5 a ƒ5:6

3898 3399 564 172 66:6

3839 3538 900 209 4 p so beaddod tothe

3977 3671 709 170 order oƒ 14 april
