8187 4623
1200 161 2224 134 connen sluyten, derhalven bidde eens te doen in femeren, totw

1195 233 2209 191 noys ul mij soude doen connen geassureren d'een dotr dander: dock

1217 323 2194 159 over al soude ul een goet suffisant mar moeten crediteren, aen

1214 421 2172 185 wie dese partije int geheel d'ien doordanden wast te betrouwen

1222 509 1335 191 waer mede naer qve tenisse blyve

1686 598 1251 191 menierie te laeten assureven

1178 697 2205 196 van Surinaine on Amst: de hope herman Rorers  £50:0

1214 882 2154 121 va Livornoon Cadix de laege Boort Corneeis van Oeverondenw „ 100:-

1200 943 2177 131 van Licornoopeadie de sheenelluys adriaen vos hot ...„ 100:-

1184 1031 2173 108 van vlaems Eylanden an hollant marten stent van doot 150:-

1194 1119 2158 160 van galipoly op meodelborgh Cath Edisaberk willem van herensom „ 100:

2670 1214 180 80 me

1176 1235 2159 126 van Licorno op Amst en teascs de enroyee geron Tepolo „ 100:-

1175 1303 2158 164 van handrine en middeloorgh geleyn drunckaert schip deverskenka 130:

1633 1396 1435 166 van Archangelon Ampt nmet convoy

1192 1464 1430 223 schip de yp Jan Claese haen  ƒ 600:5

1204 1628 1379 129 denouden tim merpearn„ 400:

1194 1707 1388 141 den witten alischant 400:-

1196 1793 1388 158 t vergulde hert bo Albers. „ 400:-

1195 1891 410 154 marie

2268 1908 308 120 „ 400:-

2650 1909 726 202 ƒ 3800-„ 633:6:8

1199 1968 1394 173 t' vergulde hert stoffel Jacobs400:

1183 2057 1414 192 Jff. Cotarina Jacobs leker a 400:--

2621 2155 755 160 antgeheel. £1333:6:8

2363 2219 221 122 400:-

1174 2191 527 168 Joff Jonnne

1196 2274 1383 189 Joff Catarina Claes wester  „ 400:-

2971 2321 351 215 „ 125:0

1181 2388 1453 178 van ostende peadiust jagode vietere

2294 2509 1077 224 banco gelt. £1458:6:8

2610 2659 414 153 ady 12d

921 2632 1138 226 Leyden hendrick her manse

1175 2779 2170 212 ick hebbe geen gelt tot leyden t'ontfangen connen denen anders

1194 2911 2140 194 soude ick u eerder hebben gesondeen soo moet gij ue devoeden

1169 3021 2136 200 sijn niet een brief op toust die ick u engesloten saade op

1173 3137 2139 162 2 daegen sicht ten laste henrij men lenaer van ƒ550: cont

3061 3255 112 77 l

1157 3268 2170 132 besorght daer vooren wat noodigh is, en sent my gaet dat gij

2874 3349 190 87 Pato

1160 3356 2017 199 van mij voldaen sijt, van alles tot alles tot heden

2644 3470 419 140 ady 18 d

893 3491 1066 181 Brussel Antonij Rousseau

1146 3556 2201 196 mons. ce suishonore p. les vres de 7,8 et 10 cour, la negoeiatcon

1150 3751 2184 101 que i'ay faiut p. vre remise de  £100: a 28:7, ayant este

1160 3814 2193 139 d' advis de mons de Coninck, m'a chapine plas que 3 fas la valleur

1142 3890 2194 171 cependant ce n'est re la prem fois que ie stoit malheureux e

1134 4035 2203 135 reatience, i'ay page vos traitter, eyionet ƒ 176:6 cour ermons

1152 4130 2194 147 de t, vous en procurerez payem, esperant que l'derre meer

1164 4202 2163 147 e he paryera propten, ie vous remercie treshumblem pour

1179 4330 2163 115 honieur que vous m'avez faut, et la momptet ude que vous me

1176 4385 1737 93 je smenghez & mon es gerd pour mons. ordaers et

5131 193 822 153 ady 14: April 168

3562 180 971 200 JP Cauwenbergh

3430 320 133 137 hille

3566 301 2335 241 geschriven dat ick naeste maendagh tot mechelen soude

3568 437 1906 150 comen dienende het selve tot adverventue

5524 520 78 89 6

5042 542 492 166 ady 16d

3470 555 83 135 mM

3408 546 805 305 p bBeroed Bover

3535 660 2436 224 Myn h. en cosijn den uwen van 23: deser ontfangen, beneffens my ne notiie

3517 799 2459 187 wederom, wegens d'assurentie sijnde aende cant de iours van de premengestelt

3517 892 2422 175 die wat te hoogh is om daer toe te resolueren, sal middeler tijt noch wat

3531 978 2427 170 eensien, wat convoij naer ne scovien sal worden toegestaen, en volgens woy

3517 1089 2420 208 cleuleren uyt de saterdaeghse galerte van costij, soo sullen de schepen

3521 1167 2419 222 van oftende naer cadincerte reyle gemaeckt hebben, om dat een van hun

3520 1263 2440 243 geselschap den 6: dagh te s sebartiaen wat gearriveert, en de apparent dat

3508 1348 2457 216 de frange vlote van toulon niet verre salsyn geavanceert door den stonme

3502 1450 2449 247 waer mede sij frttent minerea waeren overvallen. het schip de hope van

3498 1582 2442 216 Gurinane op Amst is volgens de les te brieven van Engelant toop bey

3489 1678 2482 221 meyden gearriveert, il seer wel beseylt, en sal van daer apparentnies

3502 1782 2350 232 sonder convoj oft goet gesellap vertrecken , den schip isgen hermen

3515 1919 2437 195 Pietert, soo ul mijne £50: can gereassureert becomen van pleymnyden

3501 2020 2452 191 met convoy a 4: pc ofte sonder connoy 5:6: a 7: soo gelieft sulex te

3497 2149 2403 185 effectiunen, sijnde op teasco, en mits reasturantie is, moetende

3496 2254 2475 222 polut gestelt worden, en dat in cas van vercies er. niet anders all de e

3499 2358 2448 228 preve, die aen ul geteeckent wordt te produceren. het schip van mar

3487 2470 2418 199 en stout, daer niets by staet is gen de maeght vanderth, een seer

3496 2616 2368 198 cloeck wel beseylt schip, geheeef op de seylagie gebeiot inde 20

3502 2706 2430 195 stucken cenen, en in e 30 man voorsien, 29: x ber lest van cadie naer

3486 2830 2420 170 de vlaems cplanden vertrocken, van waer het daegelf wort verwacht

3490 2948 2415 175 eenschte wel op het selve envees conde gereassureert oorden, als mede opt

3475 3036 2455 149 casio van t schip d Enrope, Cap. Jers Rpolo sijnde aen veneteaen vanvene

3479 3191 2418 123 bien naer fnest, en volgens het leste advies, te lucorno wel gearriveert

3486 3254 2448 181 en is costij van venetien tot 15:p c daer op getegekent, en nu hiy looveen

3479 3348 2427 195 geavanceert is, behoorde die premio minder te syn over sulen, soo het selve

3471 3449 2445 152 voor 12: a 13 p. c. waere te becomen, soo gelieft dat oock mede te effee

3468 3556 2445 160 taeren, het is op ½ not casco sijnde het schipgen d'Europe laeke, et pone

3484 3664 2439 128 tiche, en hoorttschip toe venetiaenen, dogh dat moet inde pelve niet gestelt

3469 3808 2464 111 worden, en geene condiier maecken dan als voeren in cas van kereles geene

3481 3839 2446 182 andere pampieren all den peliue te produeeren, wat men heden weseelen

3467 3934 2459 184 sal can ick niet weten, om dat ick heden heel vroegh uyt stadt vertrecke

3473 4043 2452 203 voorle den saterdagh heeft men a 30 op lorden algegeven, dat men heeft

3473 4159 2142 198 connen vinden, bidde den ingesloten vvortgacktegeven
