8700 4593
1920 70 2208 170 her iver de illie vne e aelen a beye sin wiet e wilie

1905 208 2236 106 om dat de packen maer 12 stucken in hielden, examineerende d'oncosst rekenie

1904 260 2211 109 van de commissie, staen verstelt over de rechten, het loot betaelt hier 3

1907 321 2163 149 van ieder 100tt gewicht convoij & het ten 12 stuijvers het gene dat

1900 436 2229 128 merckelijck differet, oock sijn de hondert slaeken present maer ƒ1300:- werd

1892 498 2235 124 ick bidde ul examineert die saeck, & canders iets gerabbatteert worden, aend

1901 572 2223 145 oft d'ander gelieft sulckx te doen & mijn intrest als u eijgen behertgen

1889 624 1022 144 waer op mij verlaete & blijve:

3663 676 414 138 26 sber

1649 718 527 136 londen kent

1845 807 2287 161 my last to you was 22 curt, sence recd yours of 6 ditto, by which I

1899 923 2201 136 indge that you have not writt to mee 3 ditto & 30 past, if soo pleate

1887 1029 2226 121 to send copies, because them 2 males are lost, I take notice that wo

1885 1105 2184 130 goods continne to risee, woe must have patience for I can not

1901 1184 2175 140 help itt & not withstandige I desire you to compleate my orders,

1883 1274 2229 116 which I now repeate againe, att first the pack whites EE yexlled

1882 1331 2229 167 mach by every convoij att prise cur a pack of span clothes accor=

1886 1417 2153 175 =ding to the patt sent, a pack of worster frises as by formar

1892 1547 2174 119 in struction. all or halve the parcell, as best you can, 2 packes

1888 1627 2202 141 of cottons as directed, & if no reds readdy, make one pack of white

1890 1701 2217 153 & the 10 a 12 swanskins bayes green streep ken, with 6 a 7 diis

1884 1785 2202 169 white cottons, a pack of dyed flannels & a pack of white flaunels

1877 1854 2183 176 all which I desire p first convoij for ostend, dooing herem

1868 2007 2205 116 as best you can, & rather bestow a penny more then to leave

1875 2081 2183 107 goods behinde, as also endeavour top the best sorts of all goods

1884 2157 2202 138 yett doe according the markett  affored, & if the cottons

1878 2264 2178 132 be extravagant deare send instied of 2 butt one pack, as also

2844 2319 236 78 some f

1883 2339 2182 147 of the frises of which buy a lesser sort, because I have had

1860 2424 2193 147 with last convoij a pack from an other hand att 4 p yours

1866 2531 2212 148 costed 4:4, butt indeed theij were 4 pence better, yett I she sold

1860 2597 2216 125 them vere well, they were as broad as yours & as curdous nopped

3287 2665 529 100 Smewhrt courser

1869 2676 2208 126 excellent good cullours, butt of a e wore, soy it you meet

1864 2766 2212 153 such, addsome of them by the sort you are usad to send, lett each

1856 2895 2185 96 pack from london be wrapped with a whide cotton, without

1857 2975 2221 134 faile, cost what itt will of about 24„ 25 a 26 pence a good

1851 3062 2213 120 that is all I have to recommend you from london, from the

1837 3150 2254 132 noth, for holland, besides the pack N68 now att hull, I exspect

1834 3220 2241 145 2 packes of white bayes as I have directed you, & lett 12 single

1834 3334 2244 91 dozins be bonght to the inelosed patt, which if can not come in time

1819 3404 2253 140 for the first convoij for holland, must be sont up to london. I

1831 3509 2217 94 have sent you by Jacob van herentals here now in loadinge for

1844 3572 2180 96 london 2 bundles of ropes one contaninge 30 endes  190:

1834 3665 2229 125 the other 60 endes & 200:- which att arrivall make the most of

1810 3728 777 146 inclosed remitt you £

3022 3731 961 143 s bij bills here inder noted

1826 3849 2247 100 prouvva sheneedfulls I remitted you 18 aing £100: on Sourson d

1814 3912 2248 194 giiger, the drawer is dead, & sus bussines are likely to fall

1827 4032 2240 211 ont ill, so pray what do you iudgn of this Tourson drptt

1812 4131 2254 220 for they have been nd ne shill great dravers on ca

1811 4233 2240 197 ther, thoss of Amsterdam, Pans & charlier here

1813 4347 2246 144 now deseasedy secepall bills are protisted, butt wee beowe

4276 210 2436 132 itt is becaup hebbe  branger & hath no boddy that witt meddle with his

4259 261 2471 201 deadhoiss, though great sommes of monney are in cash, gett pray

4261 361 2456 194 aword of the acceptants because inelssed there is another £oo

4265 501 2435 176 on thet. the lamt. convoy for Hull is vindibourd in Scnel & may

4261 595 2241 123 begon bj this sims a governo ff volght tblat achtoo in

6327 727 314 121 26 sber

4121 728 739 202 ondon Richard Southell

4263 778 2428 176 sence my last of 8 cur non from you, inclosed remitt you s2 £69:13:4

4265 892 2381 160 on Jan du maistre for ballance die to you & iifull of what I am debtor to

4273 957 2410 171 you, I thank you for your good credit, when goods shall b cheppes &

4262 1053 2258 172 that you can encorridge mee shall sennd you nore orders whilst I rest

6291 1127 280 141 28d

4118 1182 538 144 Londen dumaistre

4272 1203 2374 179 depuis ma derniere du 12 court, receu la vre de 6 ditto, vn merchandis est

4258 1293 2419 198 tout arrive icy et ie suis bien surpriz de vois les fraises extravangaules

4250 1392 2441 157 sur tout, ayant deia paye pres de ƒ950:-, 26 patas voitux pour chaque

4325 1468 2308 125 de grand ploms est intollerable, tont ceux qui ont receu de ploms

4244 1525 2364 212 p cette convoij la plus chere voitnre a este 16 patar, 12 pas & moins

4255 1583 2439 189 nor obstant le prix est a present icy si bas a 19 p que vous ne pourriez pa

4245 1684 2363 163 trouver vre compte, tellement que le plon doit absolutement rester

4252 1773 2412 176 imsque printemp, car devant ce temp le on ne pourre pas vendre que

4252 1871 2358 138 19 ƒ il ya deia si grande quantise en cette ville qui on ont achese en

4257 1909 2346 172 lesbas prix et bas cechange quil ya assez pour fonnis deux fois

4249 2007 2351 153 brussel, mais cela est fait sur les perince dioie quil viendra a

4245 2080 2368 155 2 a 23 p i'estain rendra mieux compte et sere vendu quand ie voudrois

4266 2167 2360 160 ƒ 38:e mais il nya pas un de ce gens la qui n argent content

4238 2252 2411 166 costume estant d'acheser a 5 a 6 mois, pour le tabacq il n

4247 2315 2410 196 pas encor estez ouvert, tellement que ie ne scay pas vous dire comment

4254 2404 2346 183 que ie le trouve, il va de chalants qui ont promis de veuit dema

4255 2482 2369 179 mais sil ne soit pas restonne ie vendre pas, pour l'allun il ne faut

4230 2569 2452 191 plus envoyes car il nest pas estime icy a cause quon a detres quinde

4243 2663 2417 175 quantisies de lege qui ess beaucoup plus fort que le ve tellement

4236 2728 2380 204 que iaurez de la peine pour mon de faite, pour vous de remises ie

4246 2809 2302 170 ne faise pas avant que sont soit vendu et largent en cas a vre

4237 2918 2423 132 grrem et selon que vous trouverez que cette mes chandise soo bourne

4238 2965 2434 162 ra bon compte, vous pourrez allors prendre vos mesxe a ladvenand

4234 3067 2380 135 mais avant cela, ie ne vous coureille pas de vous engager beaucoup

4246 3122 2358 163 bautant moins a cause que la merchandise d'estrangees payent

4231 3197 2025 198 plus de fraises que de ceux, qui sont france ie suis

5885 3297 316 131 26 ditto

4080 3307 949 187 Amsterdam geraert Rouer

4223 3336 2441 178 in antwort aen duwe van 22 & 23 deser heb ick u voor de geremitteerde st

4234 3505 2421 92 250:- a 28t gecreditteert, daer ick dan al weder aen beset ben, en is vrij een

4218 3541 2459 152 hooge cours in regarde dat het van daer comt, en hier is tot 27:10 di nu geen

4219 3614 2327 173 gelt, ick hadde uwe versocht bij monteringh van de wissel en soo het uwe

4208 3703 2452 172 geraeden doch en mijn voordeel a tout pree as te geven, welckers iugement te

4219 3783 2430 143 nemen uijt engelsche brieven die u eerder hadde als wij en alsoo de cours daer bij

4225 3903 2415 101 niet monteerde hadde verwacht uwe soude geoordeelt hebben het mij voordeel

4210 3959 2457 118 niet te sijn tot 28 te geven, tot u ramboursement remittere ingesloten £304:13:10

4216 4047 2424 102 als aen den voet deser biddende de ingeslotene voortganck te geven die blijve

4196 4146 2455 109 Schalier correspondent van de mess tour tonsoo costi als elders is gestorven

4211 4207 2424 93 & alsoo hij een vremdelinck is van luijck & groote affairen gedaen heeft, soo

4219 4262 2437 131 dorst nergers aencomen, ontfanckt penningen adopus, ius habentis, & laet alle

4221 4332 2452 148 brieven protesten, schoon groote partije gelt in cas is, hoe is het met die vrinden

4227 4403 2419 124 staen de toursons vost genoch, den ingeslote trato is tot een ramboursement:
