8132 4665
936 161 2289 92 No° 328 aƒ 4:10. 321 a 4:6. 311 a 3:8. 319 a 4816. 315 a 4:16. 299 a 4:6

963 206 2273 128 „ 318 „ 3:16: 271 „ 3:18. 255„ 6:6. 276 „ 3:18. 279„ 3:12 260 „ 3:18

988 295 1106 102 „ 334 „ 5:6:17.„ 4:2343„5:-

2777 275 553 153 Adij 27 meert 1697

674 357 637 133 brussel Jan Jonaert

923 374 2350 158 volgens den ul van 24 deser hebbe ick ul heden p beurtschip toegesonden

928 484 2394 138 het packlaken row wit wel geconditioneert net in een cleet gepackt onder geleyde

936 575 2373 120 van ul tolbrief met geloste aende factoir van een nieuw iaer soo hij den tolbrief

925 650 2382 132 bewaeren wilt ter wijlen ul voor dit laken hebbe gedebitteert ƒ100:- courantgelt

949 711 2065 157 iets anders tot ul dienst commandeert die naer groetenisse blijve.

2941 763 351 144 30 meert

689 794 885 143 brussel henrij rijssels

938 824 2377 180 in antwort aenden ul van 26 deses de 2 kersijen sijn eerst voorleden

941 948 2399 140 donderdagh geverft, gisteren gedroght & heden p beurtschip ul toegesonden

2956 1055 281 110 3a ditto

680 1024 946 170 brussel guell Walravens

935 1070 2302 179 in Antwort aenden ul van 27 deses, sal ul de 4 lakens niet senden

945 1225 2240 115 en staen sij ul niet aen ten prijse gelijck ick die hebbe gest elt &

928 1298 2237 129 schrijft niet over & weeder, want ick die niet een duijt inder

931 1393 2396 139 geven can als ick die gestelt hebbe, & alsoo het goet dat nu verwaght

913 1498 2308 134 wort van engelant noch dierder wesen sal soo hebbe ick seer

932 1574 2406 123 wijnich laeten comen van sp: laeckens, dan wel eenige noort te goederen

931 1697 2389 127 want ick sal lieven een ander wat laeten vercoopen als schade te dan

948 1751 2360 109 tot dat het wat beteren wille als wanneer ick ul geerne voor een ander

947 1860 2352 109 diene, dat ick voorlede iaer in engelant ƒ380 de hebbe gecocht cost nu

949 1933 2383 168 ƒ4:- deelle, soo laet ick ul oordeele hoe ul presentatie te pas can comen

935 2023 2316 127 het waer mij leet soo het bij mij alleen was, dan ick twijffele niet

929 2104 2365 142 ofte de experientie leert ul beter, nochtans wil ick mijn goet engagere

933 2176 2391 154 dat ick het ul presentere wel 8 p. 1o coop als het een ander tot een

934 2297 845 137 winst can vercoopen

2940 2317 150 151 31

705 2395 971 177 brussel Antoni rousseau

949 2418 2368 179 en suitte a la vre dhier, le messagier mellaert de cette ville partira

929 2526 2395 165 deman a 8 heure du matim iay luy donne le saegid argent, il sera

951 2610 2200 163 a brussel environ le 3 a 4 heure apres niddy, vous pourrois

964 2693 2363 211 envoijer a la rencontre, il faira pour 5 a 6  de sacq sera marque

1026 2806 1869 164 & contiendra £400 en s & pattacons a governo

2751 2884 479 152 P April

729 2906 677 181 brussel rousseau

972 2958 2358 176 en suitte a maderniere dhier le presente pour accompagner le sag

949 3070 2264 137 d'argent estant marque 4K fort bien conditione conttnant

941 3146 2400 186 £400:- argent de change ousme marque le receu le messageer

943 3228 2303 174 veut six b iaij luy presente 6ƒ8 cost un fort honest hone

966 3358 2310 160 nomme mellaert, iay reccu les vres du 22 & 26 passéé et paije

977 3457 2342 132 en scette vos traitte, ie soet le sacq est double sont patfacons

2911 3522 109 82 mo

2664 3525 646 164 adij 2 April 671

972 3564 298 168 sd

701 3593 973 245 Amst geeraerd Rover

984 3677 2330 218 nantu. aen duwe van 28 on 28 pass t is een seers leght voor nemen

963 3775 2361 191 van die van erchhuyle de menscken wijk te maecke dat uune

980 3850 2341 208 lotterije bij naer vilwas, in datter iu nech wel ¼ aenmans uelt

983 3969 2338 196 ick bidde ul over mijne miest neffeut din woe te serge sen dat ul

979 4079 2325 228 naer inne doen sult sal vel gedaen wesleg het sij het daer inte laete

1012 4185 2285 175 oft datse getrecken oorde oft geldt weler t'ontfange icl

1004 4287 2337 207 Enete van 20 pass. van hul was het convoy valt costij ktessat

5910 161 81 60 161

3527 171 2481 155 bestaende van 4 ooploghschenn, die ordre hadde naer yay

3533 259 2500 155 den te seylen, omal daer met noch 6 onloghscheen te eenungie

3529 343 2482 145 die van lenden hadde inneeowaerdijscheren daer gelaeten

3519 430 2426 249 & waeren naer hull vertrocke hoe sy hn die saeck bestiere

3543 548 2425 234 sullen, leert den tjt. het pack M n°.4 18 pass vermelt

3536 636 2428 244 is geleeede ent schip van tho Haijns, vels 't medegaende

3561 771 2374 193 conossen. wat desweg voorvalt verlange te verstaen de

3564 926 2424 221 silvere godt loft tot cadiwel geaio. hebbe, neff Leonden

3560 1008 2392 207 eenen schoonen premco verdent wat verandeinge hir ind

3545 1132 2434 209 wissel sal maecke hebbe uy te verneve heden is cxlende

3673 1229 2277 218 35:8 en gedae, iost f naer groetenisse bijte

5550 1363 410 133 2 April

3377 1383 804 177 gent francis Herrebout

3495 1443 2510 167 den ul van 29 januarij is bij mij onbeantwort gebleven toute van occasie

3506 1592 2520 143 hebbe sedert mijn receleninge van oncosten voorleden sondagh is van hier

3507 1692 2497 143 naer gent vertrocken san guilliamsens met den welcken ul hebbe toege

3508 1755 2477 104 londen een pack S B wo 3 ende voor vraght ƒ3:- geaccordeert het selve

3508 1828 2441 121 moet naer engelant gesonden worden, isser tot gent een schip in ladinge op

3499 1915 2523 136 londen, soo laeyt het selve op londen, maer boven al soo moet gij de waght

3490 2013 2487 123 accorderen soo danichlijck, dat het niet veel en gaet bovende 20 st st

3505 2131 2417 125 voor het pack doende daer in wat ten besten mogelijck is en soo tot

3497 2186 2439 162 gent geen occasie en is adroctuer naer londen soo sent het met den

3494 2254 2524 178 rapelinck naer brugge aen den chevalier Coots om mijn ordre te volgen

3497 2381 2524 142 en adviseert mij wat passeert beneffens d'oncosten over het selve soo

3501 2464 2435 149 ul occasie heeft adroituer op londen soo laet het cognossement macken

3473 2517 2523 175 van den chevalier samuel blewith alwachtende te verstaen wat passeert

3361 2625 635 134 adix Luis callebout

5673 2639 251 94 April

3380 2621 2624 184 mergeden ul van 26 Januarij lest hebbe ick op sijnen tijde wel ontfangen hebbende met het

3364 2774 2617 83 allen ooslujten van de reeekeninge van het voorgaende iaer mijn rembdiessement op ulgevonden

3363 2819 2627 102 ick den sijnde sedert iets wijnich ingecomen het welck met genoch en is tot voldoninge van eenig

5287 2889 107 68 1t

3353 2890 181 76 pliigen

5377 2883 572 79 t dien ul moeder in halr

3499 2894 1795 92 saraere reparatien die onvernijdelijck sijn geweest te laeten doen

3364 2921 2614 89 at lange le ven wijnige ofte geene preparatie hade chedaen seo is het grootnuijs inde motte straet soo overvallen geworden

3364 2976 2412 104 de  aendaecken, muragen boven dien een steene sieresthuys trap ende murck paet den hof afgaend

4853 3010 93 81 d

4699 3009 161 75 int

4950 2982 995 135 6 werck leeden doen de geweest

3375 3016 1213 125 woonen & hebbe nu wel 14 daegen met

3479 3054 2455 139 om het het gene het alder noodtsaeckelijck te erstellen en sal het selve naer

3493 3144 2475 147 mijn opinie bij de ƒ200: costen, soo dat dit geheel iaer niet veel voor u

3459 3284 2533 111 te verwachten is, het gene wel anders hadde gewenst, en dat ick die costen

3482 3339 2522 138 en moeijten hadde connen spaeren tot ul meerder iaerichijpt, hier door is dan sen

3481 3399 2448 140 oock benomen dat ick voor ul bij dit saison geen 2 a ƒ300:- in canten

3489 3482 2485 154 hebbe besteedt het geene anders wel hadde geliteelt om dat de seke tot noch toe

3481 3547 2452 151 seer goeden coop sijn ende nu met de goede tijdinge van de silvere vloet

3482 3628 2517 130 meerchelijck staen te monteeren ende noch meerder soo de gallionen behouden

3498 3723 2435 127 aencomen, ick hope dat gij door ul conduiten ul sortiene soo danich sulf

3494 3815 2480 111 stellen dat ul in comptt & capitael dat hier is ul maer wijnich sal hebben

3492 3872 2507 132 ick voor mij hebbe noodt veel spiculatie op spaense ne gotie gemaekt omdat

3486 3944 2510 139 ick een ander cmploey hebbe het schijndt dat godt begeere dat sick een ieder

3480 4040 2526 117 vergenoege met het gene men het best geleert heeft mijn eerste malereuse

3502 4105 2399 166 sereluve ul het cxempel, hope met uijtwal int het gene ul voortaen sal

3502 4170 2403 146 ondernemen, ul om soris borsveeck is over 10 dae gen gestorven het welck

3504 4291 2490 82 mij al weder nieu werck aenbrenght, dan men moet sich in alles naer den

3500 4336 2500 138 ulldes keere voegen wenschende ul den wil des heere blijve. naer groetenisse
