7905 4584
2362 131 788 134 adij 23 augusti Ao 1695

819 144 956 146 brussel Gulliam Walravens

1052 226 2262 122 Mons ick heb u brief van 21 deser ontfangen godt hof dat onder aldi

1072 299 2246 146 ruinen u huijs noch is blijven staen, s ick wete wel dat sonder schade

1086 396 2186 102 voor u, voor mij en voor veele, dit droef ongeval niet en is

1035 461 2247 159 geschiet doen wat is hier anders te doen als sich te vreede te houden

1075 515 2235 143 met den wille des heeren die ick hope den uijtslagh beter sal laeten

1095 612 2223 109 vallen als wij ons inbelden, en dat hij een ieder het 3 dobbel sal laeten

1077 665 2229 112 herwinnen, het gene gij eerst sult gewaer worden, soo haest wij

1086 737 2221 135 te namen victorieus sijn ende de legers in gernesoenen sullen

1078 809 2188 145 ick geloove, dat u l als dan meer sal te doen hebben als wel

1085 897 2233 159 doenelijck sal sijn, daeromne sijdt voor eerst soo niet bijmoed

1087 987 2223 157 en verwachte dat gij niet alleen u bij hebbende goederen int cor

1083 1071 2220 172 sult vercoopen maer oock vers te merdt sulto comen, en

1084 1186 2225 142 gij wet wel dat ick om de betaelingh soo niet verlegen ben

1083 1249 2196 165 dat gij u daerom in pijne moet stellen, oversulck wensche t

1077 1349 2230 161 gij de goederen tot u contentement moght veregopen, dan sijdt

1089 1457 2219 95 li vervaert voor de francen dat die andermael souden wederco

1078 1528 2203 125 en dat gij u goet sout willen vluchten dan is mijn huijs tot u

1101 1583 1974 181 dienst voor al dat gij begeert dan hoop beter die blijve.

2669 1689 156 125 24 d

795 1684 1047 191 gent Francois herrebout

2191 1749 211 81 uwen

1095 1751 2228 172 sedert mijnen van gisteren den vanden selven datum ontfang

1088 1881 2234 140 is dat gij mijnen van 22 hebt in tijde becomen soo sult

1075 1958 2226 105 no 72 oock te schepe hebbe gelaeden soo niet en dat het

1083 2031 2198 116 heden per wagen is vertrocken is oock wel, heden weder

1072 2132 2246 116 ander packen sult ontfangen soo de wagen niet vertrocken

1081 2218 2244 121 en is soo sendt die met de selve het de wagens senden

1090 2309 2222 123 van de op gegeven nommer is uijt vrees van de francen

1088 2415 2201 118 daer om soo spoode occasie scheep te comen die mogen

1073 2500 2220 108 wel comen soo lanck de francen soo ver af sijn, en naer

1093 2574 2184 171 het valt tusschen bijde een te wagen, want alser geen

1096 2677 2160 142 perijckel te schepe en is soecke soo veel packen met te

1081 2736 2209 183 waegen, ago verno blijve maer om lanck te wachten dan

1082 2827 1249 155 de opgegeven nomber te wagen.

2494 2930 247 147 29

845 2904 875 203 ussel housseau

1095 3004 1993 191 re donvelar dhierd malind

1093 3087 2214 221 dehander den rin paysnde det 101

1080 3198 2158 191 de benbardo et n du ie vre

1114 3283 2211 160 a 7 dischunge in cante de ƒ200 sur rijsse spons

1049 3373 2274 228 que i espere lesaio 6 aura sau de psur paye

1081 3511 2236 167 a qulll'at auxe ce quie ie voir recommand

2647 3592 337 145 25 ditto

813 3594 1011 187 Cortrijck De weduwe causse

1085 3675 2207 138 sedert dat ick aen ul op 28 passato lest heb geschreven ende de

1072 3796 2250 116 drij monsters goude hier gesonden, heb ick van u niet verno

1086 3874 2201 116 biddende het noodich daer over te antworden, ende die niet

1091 3958 2214 152 begeerende, weder te senden, ons convoij van londen soo wel

1064 4053 2248 141 als van den noorden is gearriveert, en comen de goedere

1077 4115 2201 112 hier daegelijckx aen, en hebbe met het selve becomen een

1076 4223 2236 130 overgroote partije van alle sorten principaelijck spaense lake

1091 4287 2219 147 engelsche gemengelde frisetten en anders goederen naer

5896 164 48 70 9d

3520 173 2442 153 advenant, en alsoo hier seer wijnich sal te doen vallen, souden ick mij wel

3523 243 2393 124 geerne van een deel ontlasfen, daerom ist sacken dat ul gesindt ware

3527 304 2411 136 eenige provisien te coopen, ick soude in dit geval presentelijck meer

3521 419 2428 131 doen als op een ander tijdt, als mede in swerte carmosijne, en hollandtsche

3533 496 2414 98 blauwe sijnde van gevoelen, dat het ruijm u reijse wert sal wesen

3531 586 2406 106 en beter profijdt als naer brugge te gaen want ick hebbe over de hondert

3538 665 2420 120 stucken nieuwe spaense laekens, en andere goet naer advenant, de wissel

5217 737 70 54 nu

3527 763 2433 115 op londen continueert leegh, waer om u l mij can een ovrgoote vrinschap

3511 818 2359 126 doen noch wat gelt te senden ter wijlen ick naer groetenisse blijve

4897 897 787 124 adij 25 augusti Ao 1695

3331 908 871 161 gent Francois herrebout

3519 1021 2333 128 heb u gisteren gescheven de 2 packen ontfengen, hope de shajx al door

3504 1062 2374 136 der monde is, en datter weder een ander schip aen leijdt en soo men vande

3512 1151 2410 136 francen geen voorder vreef heeft, soo laet 80:82:83: en 85 te schepe

3526 1263 2421 127 comen want al die packen te wagen soude costelijcke vallen, nochtans

3520 1347 2382 145 soo daer eenige vreef vermeerdert soo laete te wagen comen het

3502 1437 2424 147 gene aen u laete maer no 85 te schepe en 77 oock, en allernelijck

3524 1503 1123 144 79 en 81 te waegen ago verno

5105 1550 325 178 25 ditto

3338 1540 911 188 Rotterdam Abram de bra

3525 1679 2363 194 bijden uwen van 21 deser seer geerne verstaen, dat de vloot van

3513 1774 2332 150 hul behouden was gearriveert, doch alsoo ons de engelsche brieven

5849 1888 116 64 En

3512 1877 2446 127 manckeeren, soo wete niet wat voor mij per de selve is neegecom

3517 1928 2342 202 als alleenelijck de het packen No. 52 int schip van thomas Staman

3498 2059 2450 154 inhoudende 12 laekens aen te geven, en te verclaren voor 43½ dosijn lake

3511 2113 2444 167 ieder van 18 a en 2½ witte baeij ieder van 65a samen werdt f 1250:-

3507 2223 2346 172 het pack No. 58 int schip van Jan leamon inhoudende 50 witte

3505 2325 2447 214 kersijen ieder a 38 samen wert ƒ 1050:- ingeslotene 2 noodighe conosse

3481 2388 2415 225 menten, gelieft het lossen niet te verhaesten, om dat ick twijffele

5360 2512 195 85 sullen

3496 2520 2430 135 per naesten te ordoneeren die packen in hollandt te laeten, waervan

5321 2615 188 65 mijn

5804 2642 126 53 gaen

3493 2631 2458 142 per naesten breeder recommanderende de expeditie van brieven soo

3509 2670 369 148 ofte comen

3332 2768 484 145 onden kent

3498 2786 2375 213 sence my last of 18 cur no vost cane the convoy from hull

3498 2894 2455 193 arrived att rott inclosed  £140:- on pedro heuriques junio

3508 3001 2357 190 procure the needfull, have no more to en large till I see yours

3333 3081 787 151 msterdam geraert rovers

5423 3124 281 133 25 ditto

3502 3137 2459 215 op 22 deser was aen u mijnen lesten sedert geen van u, nu geloove datter

3491 3248 2411 124 brieven van engelandt in hollandt gearriveert sijn, de welcke tot

3492 3367 2464 117 mijn voordeel int afgeven op londen sullen dienen, waer van in antwor

3509 3455 2448 123 deser het succes verwachte te verstaen, het blijft ontrent hier N 26: 2 uso

3505 3525 2438 134 het convoij van hul was tot rotterd: gearriveert met het selve eenige

3503 3595 2438 155 packen voor mij de welcke wel voor eenigen tijdt tot rotterdam soude

3507 3667 2327 151 willen laeten berusten waer toe wel een vrindt begeerde die van

3500 3795 2369 115 volcomen betrouwe waere sij om die tot mijn orde te bewaeren

3514 3861 2417 144 oft aldaer te vercoopen, en miete ick buijten de bra niemandt en

3502 3955 2311 142 kanne, ende het hem niet toebetrouwe, soo bidde mij iemandt

3496 4056 2463 118 aen te wijsen die mij daerin kan dienst doen opper eersten om dat

3498 4132 2463 135 de goederen niet lanck aen boort mogen blijve hope niet

3497 4229 2354 148 sult vergeten mij toe te senden de billetten van de getrocken

3520 4331 2375 106 noten in amelfoort waer van hier de 4 eerste bekent sijn

3516 4391 2247 96 van 16:17:18:19 deser waeronder een van mijn nombers
