8139 4630
3523 150 2486 141 mill is well made, so doubt not butt the payem shall follow exactely

3534 218 2434 173 a gouver no as soone as the 2: packes of tyhes are shipped shall aevise

3533 302 2097 221 you the charges & send the bills of loadinge whilst I rest

5209 367 799 186 adj 2: April 1696

3527 419 589 192 Amst. Kent

5290 517 116 84 th

3543 521 2440 218 Sr. sence my last of 261th past rec. yo of 3, 6 & 17 d on which I have

3549 637 2421 199 butt lattle to say, as that in the pack n° 68 is a mirtgke in prise, & that

3524 747 2456 216 you made yo advantage to much upon that pack, w pray reward in what

3518 821 2462 213 now I order by the inclosed novice, lett the sp. clothes be bought, & forwar=

3526 915 2410 174 ded forostend, as soone as possible, I wonder our ostend convoy was not yett

3540 1005 2429 214 arrived, buy k EE y allow marcke more p. next convoy not p. this butt

3536 1074 2428 226 what sp. clothes can be reddy lett come p first: inclosed £300: on ben

3535 1188 2400 247 Imy the nrocure the needfull, I wonder ex. continews falling & qui

3483 1292 2217 245 &mes att 24: what is the reason, what passes please to advise

3880 1340 1956 171 when maij wey da well to order cottans flannels kersies bayes

3530 1438 1510 120 vervolgh van den brief van geraerd rover

3531 1471 2464 157 nochtans is heden hier tot 28b op londen gedaen oock 28:10 tot op 28:6

3530 1606 2363 131 men is van opinie dat dit vallen compt om dat een ieder uijt

3536 1726 2458 125 vreel van confusie in engelandt gecommandeert heoft a tout pris te remitteere

3525 1801 2475 125 ende ter wijlen alles daer alles wel gedisponeert wort ende de guineer alreede

3548 1884 2338 110 tot 28 s 6 waeren gevallen soo verwacht men int cort dat de wissel

3545 1993 2388 157 merckelijck sal monteeren doch alsoo men continueel in die wissel seer

3553 2075 2422 107 bedrogen vint weet men niet wat messures te nemen, wensche dat ick de

3559 2170 2428 165 lest st£ 400 die ul mij heeft geremitteert op sijnen tijdt hadde ingetrockt

3542 2282 2426 161 s00 daer van tot 29ƒ4 gebeneficieert ende soude van de andere wel het

3539 2372 2447 140 selve hebbe gemackt maer st£ 300 in eenen brief is nietmant gerief

3535 2488 2442 153 clijne partije sijn hier best om in te trecken iets voordeelich voorvallen

3545 2536 2291 208 de bidde mij gelieft te laeten weten die naer groetenisse blijve.

3457 2611 751 171 brussel Anthonij Rousseau

5426 2688 301 126 4 april

5891 2725 65 78 n

3532 2704 2449 202 en la chere vre de 2 court receu cette apres midj avec les trois remises y mente

3547 2806 2407 178 pour les quelles ie procurrere le necessaires, iay negotie lundy vostre traitte de

3553 2894 2372 196 £100 sur jan du maistre avec le S. wellens a 2887 ock nayrat

3427 2892 2490 244 otachose que mon amij d' Amsterdam me consiel de mander faire de mes

3537 3057 2453 219 remises sur londres sur iapperance quil y a d'augumenter les courones a 6 sche

3532 3158 2443 234 cline, cependant on ne se plus que mestures apprendre sur cette charge. i'ay paije

3509 3239 1257 165 de £25: ie suis de tout mon ceur

3504 3343 512 180 Kent

3544 3417 2425 193 S on the 2. cur. remitted you £300 & ordered severall goods, thereunder

3525 3566 2391 139 24 sp. clothes to 10 4 de sire may be added 8 a 10 p more as to the inclosed

3539 3638 2400 127 patt & where as this casterley 2 vmde doth continue so hope you shall

3537 3724 2364 157 have reddy mort pass or all the sp. clothes if possible n. first centop for

3532 3840 2416 164 ospend achere in pray do all what is possible p. first convoy butt pray

3534 3917 2373 196 tatie notue that for the blew gray non mageneed & s a yd, att

3537 4049 2369 157 most ƒ.6, for in xber last I ordered 5p. blew prayes ander 3

3536 4150 2396 136 or there about, & you sended 5 or 7 ƒw are still imsped, al beenp

3546 4256 2369 135 ont of mode except in a vere low prise, or nothren, therefre f

3540 4401 2403 71 hon to be had under ƒ 7:6 send rather nen & if to be had att
