8187 4651
878 152 717 147 brugge raphael Coots

2758 148 586 126 adij 12 8ber 1696

1141 171 2133 174 in antwort aen du van p5 en 10 deser ul trato promtwereert

3329 215 71 104 6

1135 301 2176 152 den geprotesteerde brief terrugge ontfangen, den cost van protesten

1135 394 2068 107 gelieft te laeten weten om een anders daer vore te debiteeren

1116 462 2279 108 faute van tijdt de reeckenngen van oncosten niet naergesien behoudelijck

1109 549 2267 114 dat ul mij debiteer IM N2 den tol het gene soo wel broij is als dander

1128 659 2214 115 want ick diene in comissie niemant in wolle goederen ingesloten

1114 722 2212 137 de noodige certificatien deralven gelieft mijn reeckeninge daermede

1127 806 2276 92 te ontlasten, tis mij leet dat een van ons convoij scheepen is genomen

1142 891 2073 118 en vervolgens ons convoij betwijckt, wat wijders daerover

1126 978 2175 123 passeert versoecke van tijdt tot tijdt te laeten weten omdat ick

1137 1053 2196 106 al wat veel intrest tot londen gereet hebbe ter wijlen blijve.

870 1125 729 139 mons Jaques trivier

2948 1138 260 135 12 d

1131 1165 2236 151 la vre des courant mett plus aggreable, a chose qu'il a companie de mond

1113 1312 2279 140 fils ordonnes de contentement, iespere quil ne manquera rien de sa parti

1137 1386 2170 148 pour continiuer en vre bonne grace et ie l'estioneray tout iour fait

1116 1460 2165 156 a moij meme vous luy feres, vous priant de consideres par ocasion

1135 1539 2076 150 comment quil tient son corps a chose quil est achoutaime de se

2935 1633 220 181 12 d.

1160 1657 787 130 tenir prest, et si vous

884 1670 970 202 brussel Anthonij Rousseau

1131 1759 2236 199 i'ay l'honneur de les vre de 8 & 9 courant, on me na marque

1133 1897 2245 150 de fraises de protest de lettres d'ostende, i'ay escri pour le seivoir

1121 1979 2223 144 pendant que vous pourres bien debiter 4ƒt avez port de lettres

1124 2051 2134 162 ie suis vous obliges pour l'honneur de ma traitte en faveur

1125 2144 2193 139 de S: brockmans qui pretent de ne pas connestre le S. goris

1131 2244 2095 99 ie crois quil est de cette ville frere de S. goris marchant

1136 2305 2104 139 d'entelles a vous connus, ie me ay pandu de sa conduitte

1143 2390 2199 172 et pour dit la verites pour en scavois ie demanderay a vous

1144 2509 2119 126 menme. puisque vous aves eu tant de bonité pour mon

1136 2593 2092 156 frere religieux, vous m'obiges de faire de memne en cette

1139 2674 2085 159 ocasion, ie soiette par occasion un novelle peruque de mons.

1116 2761 2168 191 gilson de chez veu couleur de iacttaenne, que celle que est trops

1131 2851 2212 180 claire, il faut qu'il sout  sur la teste, ie voudrois bien

1140 2954 2175 169 avoir comme il a fait pour mons. gansacker, ie vous pries

1137 3042 2194 174 de le perlouder pour faire queque de bonne pendant que ie suis

867 3129 861 171 Ath martin massart

1154 3149 2182 185 ie vous ay escris le 4 courant la quelle lettre iespere que vous

1127 3280 2246 127 aves resceu, non obstante que vre grace ne fait pas mention

1122 3381 2273 108 dans la chere vre du 9 ditto, en responce de quelle vous ie vous

1136 3467 2270 143 diraij que toutes nos marchandises arrives par le dernier convoy sont vendu.

1128 3550 2211 126 tellement ie na pas de present ni de payes tt 48 ni d'autres ni

1123 3645 2288 129 frisettes memne ie suis si inporveux que pour dire ie ne rien a vender

1118 3745 2283 140 non obstante, iespere de recevoir un novelle asortement, dans 14 iours

1138 3838 2196 129 oùt trois semaines tout estant prett en Angleterre pour venir

1132 3892 2205 132 icy, nattendant que le vent favorable et le bonne de grace de dieu

1128 4015 2227 108 pour venir en bon port, a l'arrivement ie vous pourres servir

1136 4082 2135 98 a des baeyes que vous de mande et toutes autres sortes de

1150 4173 2227 152 marchandises que vous pourrois avoir besoing, sur quoy ie suis

1137 4247 2262 122 attendant vre responce pour scavoir si vous nouves attendre. cependa

1129 4333 2191 115 vous menvojeres vos remises quand il sera passible car on ne veut pas

1146 4404 2135 71 tirer d'icy 1p. de parte pour les draps que vre grace a souchie icy

3514 153 449 123 sont envoije

4992 145 929 186 adij 13: sbre 1696

3426 224 948 203 russes frans. Ansillion

3580 260 2323 237 mons. J'ay reccu la vre de 6 court, avecq les 73ƒ 14 pasart

3565 395 2304 194 pour la teinture au S volmermen, a qui j'ay vendiu les 3 pieces

3547 486 2428 176 depuis recenes pour , besquelles il teedre lundy. auiourdy

3548 611 2394 154 le messager m a mis en mains une ratine pour cramoisy palle

3542 660 2340 246 et que jtrois une de mes flannelles, sans qu'il m'explieque

3537 772 2426 189 pour qui ce soit, et come je sonbienne, qu'il sont pour vre grace

3552 885 2363 257 je vous prie de me respondre deman a double port, et en voyer

3544 994 2411 202 les eschantillens, canr vous les voulez avor teutes pour des draps

3546 1102 2365 225 a la mode, je n'ay pus des autres que ceux que vous avez veu

3565 1212 2382 198 et la luspart en est vendue, s'il s'ostue quelq. chose a vre

3568 1343 2349 207 service en attendant vre responce cito a cause que

3522 1406 2449 220 or d aussi si vous voulez avoir rame vre marchandise

3534 1530 981 195 ne sculem s

5199 1518 761 177 ady 15 sber 1696

3555 1657 596 182 Mess. Kent

3442 1710 80 101 19

3432 1761 121 117 London

3554 1734 2349 248 S. mij last to you was 11 curr., then wratte what was needfull

4063 1904 52 59 6p

3546 1861 2435 208 & can say no , exspecteinge my comission fulley compleated, prin=

3536 1959 2450 181 cipalley in cottons flannells, colchestor, & swanskins bayes, northeren &

3527 2035 2464 237 other clothes, y northrens that you ship att london might bee

3542 2159 2379 235 some what  pressed then y. last. y. countrey press att leeds is

3543 2266 2430 175 very good further lett no dullish  drap bee sent, as there is

3548 2368 2412 198 3 in n°37, & n°39, & what you can norha to my natt of

5027 2469 92 81 th

3534 2473 2443 199 draps, sent them not. have yo of 25 past with acco, & bill of

5243 2579 178 75 m

3534 2584 2449 216 loadinge for N°:40 aboard robert fox for rott., is ships as stold

3541 2688 2474 188 you by my last have missed their convoy, so exspect to know, whatt

3519 2794 2446 206 convoy they shall have

3735 2920 719 107 the convoy

3521 2887 2463 244 & that from rott.  hull, where I hope these of Amst. shall

3533 2981 2440 218 nave also a convoy beforewinten, least hanney of my goods might

3530 3133 2453 167 not bee ready for y first departing convoy for holland, for if boath

3531 3232 2403 171 convoijs should bee att hull, then you must devide my risico

3511 3315 2448 169 6 french men ol warr are a cruissing before ostende

3536 3445 2431 216 those that look our convoy ship of contalis, so the rest

3529 3540 2454 187 dares not godut, which will caus a great preiudice

3510 3655 2490 212 do our Trade, god send them of Rott well over,  rishan

3521 3795 1648 210 good convoyes nothing to be don
