8187 4665
2722 134 592 138 adij 26 sber 1696

875 155 756 123 brussel govaers ververs

1128 186 2174 155 het goet op 20 deser aen ul vercocht hebbe ick voorlede saterdagh scheep

1113 287 2190 131 gedaen in een pack gemerckt 6 V daer bij het lakenen colchester baiy

1103 373 2263 138 van mons. vanden clooster oock isser 1colchester baij bij voor monsr.

1125 501 2205 95 vande heck, het scheen dat de lassen maendagh soude hebben ingeloopen

1129 544 2235 125 daer om heb ick en een ieder de goederen scheep gedaen, nu dunckt mij sal

1133 633 2198 111 het wat langer aen loopen, het pack kersijen & 27 is nu hier, en sal het ul

1130 703 2158 116 toesenden soo haest de scheepen vaeren: het convoije van hul is nu

1130 770 2183 123 mede tot Amsterdam gearriveert daer mede verwacht ick, noch wat

1137 877 2133 95 kersijen 30 swaere en eenige andere baeyen met een partije noortse en

1119 958 2266 141 geperste lakens, soo, ick ul can dienst doen gelieft liberlijck te comendeeren

2970 1023 241 111 26 d.

873 996 966 164 brussel jouff: vander borght

1128 1059 2171 171 het goet aen ul op 21 deser verkocht hebbe ick selve voorleden beterdagh

1136 1194 2155 108 toegesonden par beurtschip, ick hebbe daer bij gepackt het goet van

1119 1279 2075 111 mons. segers, omdat men voorseker sijde, dat de vaert voorleden

1124 1343 2177 112 maendagh soude hebben ingeloopen, maer nu dunckt mij het noch

1132 1420 2229 125 wel 8 daegen sal aenloope, het is gelaeden in een cloecht brusselle plaitte

1142 1506 2192 147 het convoij van hul is tot Amsterdam gearriveert, doch ick hebbe het

1140 1596 2149 121 ongeluck dat mijn packen kersijen weder te laet sijn gecomen, men

1119 1693 2230 114 beloeft mij datter noch een ander convoij in it daegen doch ick vreetk

1130 1774 2181 139 dat dat al ruijm een maent sal aenloopen met dit convoij is voor

1129 1842 2097 138 mij gearriveert een partije swaerbaeijen noortse en geperste lakens

1131 1928 2153 123 doch het sal wel 14 daegen aen loopen eer dat goet hier sal wesen

1142 2001 2236 123 en alsoo ick ul eenige kersije hebbe toegesijdt, soo sal ick wel mijn beste doen

1143 2088 2247 127 van van iemant anders die te coopen en dat ul niet verlegen sijn, het ismij

1134 2174 2233 106 een groote schade dat mijn kersije niet in tijde sijn gecomen omdat ick 200

1145 2235 2020 150 stucken in engelant gereet hebbe, waervan mij niet can bedienen

1148 2276 2203 173 en oft ul par avonture dachte sulckx niet waer te wesen, ie can hetselve

1133 2418 2236 130 altijdt goet maecken met de leste brieven voorleden sater dagh ontfangen

1128 2476 2147 135 dat de schepen vertrocken waeren 4 daegen voor dat mijne kersije tot

1148 2534 2207 154 waerl, het gene goet gedacht, hebbe ul te laeten weten om ul geen vercort

1148 2633 2152 111 aen te doen, en soo het ul gelieft dat ick eenige voor ul coope laet het mij

1149 2701 2140 98 naer weten sal doen als voor eijgen en in alle occasie toonen dat ick ben

875 2737 718 155 mons Jaques Trivier

2934 2765 209 132 27 d.

1153 2853 2140 128 mon frere francois melijn pere dominicain partit diey a hier a midy

1154 2897 2223 163 avec mon fils pour mons, sil le chariot de brussel part auiord huy il seront

1147 3025 2223 120 chez vous de main, si non, ils seront landy, a chose quils netarderont

1137 3115 2130 129 a brussel, ie vous recommandant fils achose quil est un peu tander

1141 3181 2214 162 et ieunez et que ie ce que le commencement sera un peu diffrcil au temp

1144 3287 2207 135 plus a chose quil ame demeure du logis, ie me veu rien deparner pour

1152 3392 2118 112 son bien et tout que vous depancere pour luy soit ordinaire ou

1138 3441 2244 139 exordinaire vous sera rembourser et satisfait avec toutes obligations

1142 3534 2150 149 pendant que ie vous suppliez d'avoir soing pour luy et la conduite.

1141 3628 2211 157 come pour vre fils mesme, ie soiet qu'il s'applice a tout bonnes offiis

1142 3717 2158 174 et quil soit tous iour en occupation: il a commence d'apprendre la

1152 3867 2155 114 mussque, pespere quil trouveres un maistre pour lay pour la suivre

1143 3922 2027 149 pandant qu'il sera fort necessaire quelque maistre luy vient

1144 4001 2195 160 encines l'overture de la lanque francois, tant pour la pronontigtion

1151 4090 2232 151 que l'orto graffe. iespere quil vous te mognera tant de respect et obeditsin

3289 4168 109 62 Conm

1162 4184 2232 145 pant moy memne, et qu'il suinrx en tout vre bonne conseil comme ie leyay

1174 4264 2204 135 voycy trois lettres un a malson, bascourt bouyson, ie me referre a ta

1163 4350 2171 120 contenue intormet mon frare pourialligier a l'advenant, comne is luij

1159 4410 2097 66 envoiyé pour cela sans quisieydent scavois qui revenu pour mon sils

5223 126 780 159 adij 27 gber 1696 1

3447 157 811 159 Amsterdam geraerd rover

3517 201 2427 149 bij den ul van 24 deser seer geerne gesien het arrivement vande hulse gloet

3536 283 2412 171 daer onder die 2 schippers met mijne packen die ul mij meende toete senden

3529 367 2426 132 met den beurtmant die aenstaende saterdagh van costij errewaerts direckt

3533 487 2463 121 vertreckt, het geene mij aengenaem sal wesen soo het soo geeffectueert wort

3526 594 2469 124 en dat die beurtman niet langer aende laedinge blijft. daer waeren eenige

3534 647 2463 131 scheepen van hul naer rotterdam gedestineert, de welcke soo Abram de bra

3521 738 2495 140 schrijft mede in tessel sijn ingeloopen, waeronder is solua wickinson aen boort

3533 845 2488 123 de welcke ick hebbe 1 pack met 40 witte kersijen sijnde gemerckt  N 3 waervan

3527 889 2449 200 het cognossement bij voorschreven de bra rust, hebbe hem heden geordoneert het

3515 1036 2483 128 ul toetesenden, der alven versoecke op het spoedichste het selve te doen lossen

3540 1138 2406 122 en soo mogelijck is met den voorschreven beurtmantoe te senden het selve

3523 1228 2464 139 te verclaren voor 61 witte noorsse kersijen ieder van a 26 samen weert

3514 1300 2413 178 ƒ1000:- en al hoe wel ul het cognossement niet can hebben voor saterdagh

3525 1387 2485 160 smorgens soo twijffele niet oft ul cande lossinge genochsaem vervoorderen

3543 1514 2423 122 dat ul seer recommandeere. tot rotterdam leijdt een convoij claer naer hul

3544 1597 2448 123 te vertrecken, soude van costij oock niet haest een derrewaerts gaen, want

3511 1693 2476 159 mijne winter provisie daer gereet gemaeckt woors, waer toe het monteeren

3515 1768 2488 163 vande wissel op londen ons seer qualijck compt die van de banck hebbende

3532 1867 2453 160 wederom brieven van voorleden vrijdach waermede sij segge de wissel 35 6

3527 1979 2476 168 afcomt en is de cours heden daerop a 34 N 10 & soo den oorlogh bieve duren

3531 2084 2335 146 soude die cours wel comen houden: geschiet dit subiet monteeren niet om de

3523 2174 2381 143 vercoopinge van goederen van de oostindische companie, men discoureert hier

3530 2243 2455 182 niet anders als vanden vreede een gedaene saeck te sijn en daer aen geen twijffel

3518 2338 2381 170 meer te wesen, godt wel geven dat waer magh sijn ten mintten int waer

3537 2453 2386 109 worden, gelieft morgen te adviseeren, wat gepasseert is wegens winkinton

3518 2553 2420 104 mons. leson hadde geordoneert dat s. wijnendael aen ul soude tessen het gelt

3529 2622 2411 116 soo als hij dat soude ontfangen ick hebbe hem daer toe een schriftelijcke ordre

3535 2697 1655 162 gevraght die hij mij par naesten sal senden blijve.

5489 2724 216 167 27 d

3430 2789 823 141 rotterdam Abram de bra

3523 2823 2401 159 bij den ul van 25 desen gesien de hulle schepen naer costij in tessel waeren

3524 2960 2425 151 gearriveert daeronder so ua willinson het gene hope soo is desalven sult

3513 3043 2462 145 gelieven mij cognossement citto te senden aen mons. geraerdrover tot Amster

3504 3115 2473 168 verhope de schepen naer londen en hul met desen ootten wint sijn vertrocken

3510 3209 2448 112 het gene geerne verneme, de kersijen van tt 30 g. 30 waeren a 1¼ a 110 breef

3532 3307 2401 118 waeren costi a 31 a 32 gulden het stuck te coop die vande court vercoopen hun

3514 3366 2395 167 goederen met 5p. rabat hollants gelt en sp promte betaelinge can ul

3515 3475 2474 158 die conditien bedingen soo coop 20 stucken voor 1 preuve, doch soo die conditie

3507 3588 2350 140 niet waere te bedinge ende geen rubat weerde toegestaen soo coopt alleen 12

3520 3665 2462 170 stucken voor 1 preuve de beste soort omdat de gemijnste niet wel willich sijn

3540 3754 1906 128 leet op de breede et leeghde bove de ƒ32 iudt beted

3443 3815 360 172 Londes Kent

3821 3882 113 120 76

5100 3836 705 181 ady 27 d 1686

3555 3913 2375 178 Mess. depuis madermere de 24 cour, rien de vous, mais les res

3549 4039 2381 155 sont en hollande, je vous diray seulement quele convoy oh ull est

3553 4124 2386 170 bien arrive, et quity at un convoy de rotterdam pourhull, qui

3547 4189 2375 165 do ia 8 iours qu'il a faut voile attendant levent favorable

3556 4334 2337 150 & quel estant apresent a l'eust, il sere party asseurendit
