8844 4644
3276 71 515 161 Adi be 1681

1579 152 924 119 brussels Anthoni rousseau

1835 170 2214 145 depuis maderniere rien de vous la presente seulement pour advies de ma

1826 256 2245 135 traitte de £150:- de change paijable a deux iours par veu par casse a lordre

1830 343 2182 138 de mons. Theodor Brockmans ie vous pries de le payer ett m'en debites

1835 396 2205 196 en suitte, i'aurois de l'argent a brussel pour la semaine prochaine

3428 515 616 175 adij 11: sber 1696

1565 528 869 249 London Mess. Kent

3107 657 70 94 o

1973 649 2047 201 sence my last of 3: cure. ro.. yo of 23: past with bills of

3192 775 117 65 m

1924 766 2103 181 loadinge of n°35, 36 & 39 for Rott, as alsoo, that you shall

1877 889 2151 175 ship a baile of white cottens in robert fox p. is well, I doe

1889 955 2124 191 exspected itt accordingley, butt I doubt,  ships for rott

1870 1043 2195 238 have neglected their convoy,  supposeinge, they intented

1887 1142 2117 189 to come with y esquadre, that is arrived for y king, they

1899 1304 249 85 wite

1872 1270 2155 202 from rott. that their convoy for Lendon is still there

1879 1377 2132 204 for want of wind to gett over, so pray advise what convoy

1877 1468 2144 198 they are to have, & what passes about them, Intrim

1878 1574 2128 179 desere y rest of my orders compleated for ostend p. first

1882 1683 2135 177 convoy, & lett nothing bee omitted, of possible, principalley

1862 1825 2192 192 y. white wares, is itt deare buy price curx., for I may notbee

1861 1914 2198 199 disapointed, for I  exspect this time no goods butt from

1868 2026 2128 186 yout, so pray lett nothingh bee leeft out  ast Hull &

3318 2102 205 77 boath

1848 2089 2178 206 london, &  , that I will have no more goods

1872 2244 2163 184 after y. orstend convoy, is  to urge you to compleate

1866 2327 2152 174 all, because there with I would faire make up my accompt

2431 2456 180 79 yeare

1851 2388 2148 209 of bescurrant  yett pray neglect not one p. for that, & if

3200 2507 218 116 peirle

1825 2513 2213 218 fime would permitt, desire some lovelye perle cullours might bee

1855 2618 2205 228 added, of 9: a ƒ10 with a suprafine of 13 a 14: ƒ butt in case

1879 2758 2126 191 non  ready made, so desire, you order, some to bee made

1619 2836 2394 194 towards  springe of all prices y draps cullours in n°37 & 39

2404 2966 96 83 are

2296 2978 102 77 shey

1708 2959 2329 214 are not well, too dull, & too darck, I hope you have better

1874 3067 2169 163 cullours ready, as alsoo severall more coffee cullours of 10 a 11 ƒ

1845 3166 2218 219 further con  no more butt what I have ready said, xspe=

1860 3275 2140 203 tenige from you y. compleance, I advise what passes, itt

1844 3377 2153 159 is good for you to hate so  trade t is not so with us

3731 3482 101 67 out

1864 3490 2064 180 here. wee have too much risico by zee, & by standing ..

1864 3570 2171 214 debtsy y gane not beinge answerable. if anney of my remises

1860 3698 2124 199 should bee protested for non payement, desire you to keepe no

1881 3784 2124 186 such bills, till a next post, always return without loss of

1882 3879 2182 207 time, when y bill on wright shall bee recd advise att es

1874 3977 2177 216 what price you shall regulate y bancknoates with m. felmus

1858 4084 2144 195 hee comeinge for y inderser. I desire you so keepe them bancknotes

1877 4192 2102 196 for my acco. & not to sell them, part thereof you have order

1874 4295 2136 181 to pay to m. dumaistre, & of y rest I shall dispece, in case

4211 166 2364 138 you will not pay them to y custome house, & other charges where

4131 249 2497 184 they  are cururant, for I will not have you should buy for mee one

4184 345 2440 195 p. of goods without reddy spetie  to have the best prised

4177 448 2459 215 P.S. advise from ostend that 5 frenich men of warr have

4189 541 2390 214 taken one of our convoys caut. contales, on the coast of

4188 652 2396 230 ostend, so the convoy shall not be so soone yott with

4207 767 2390 250 you, they have heard great grinning yeasterday so

4216 889 2273 211 wee feare the ships for Rotterdam shall be lost

4192 1048 1189 198 in car they are att zea

5892 1108 711 181 Adij 1 8 ber 1696

4102 1167 777 142 Rotterdam Abram de bra

4185 1205 2488 153 den ul van 9 deser wel ontfangen, westhuysen eerst heden te lillo aengecomend

4192 1350 2493 143 wort morgen hier verwacht, hope de kersijen content sullen geven, en terwijlen

4185 1427 2485 156 costij geene coddens ofte baeijen van 40 a 50 tt te becomen sijn, soo sullen

4185 1480 2404 159 dat laeten berusten, brieven van londen van 2 deser seggen dat de

4203 1580 2411 180 scheepen naer costij sanderdagh soude vertrecken, wat convoij sij hebben

4188 1691 2474 146 is mij onbelent maer ick twijffele hun dissijn was, over te comen met de

4196 1766 2452 148 scheepen die gecomen sijn om den cones te connen haeten, het sal wel

4215 1862 2427 153 sijn soo sij niet sijn vitrocken omdat 5 france oorlogh scheepen van

4194 1927 2409 151 so malo voor gisteren op de cast van ostende hebben genomen eene van

4182 2051 2419 104 onse convoijers van ostende en dat men daer naer noch seer heeft hooren

4186 2110 2488 206 schieten in de see, waer door seer lichtelijck conde gebeuren dat de schepen

4173 2206 2465 186 van londen naer costij het ongeluck soude gehadt hebben die vijf france

4187 2325 2437 162 scheepen te rescontieeren ick ben geintresseert inde scheepen van thomas

4183 2400 2398 166 wjkin en robert fox in ieder 2 paecken in cal van arpvemente

4196 2465 2406 193 aen te geven en te verclaren als aenden voet deser, ick bidde ul laet

4186 2553 2356 186 mij morgen weten wat tijdinge ul heeft om dat mij vrint mess. kent

4203 2662 2441 200 positivelijck schrijven 2 deser dat de schepen naer costij sanderdagh sekerlij

4193 2728 1798 158 ick soude verfreaken, geeft den ingesloten voortsganck

4201 2850 2368 159 P Thomas Askim AN35 met 5 wiste pack laken van a ieder 38

5208 2905 1381 195 2 witte frisetten, oft coddons ieder a 40

5208 2989 803 146 samen weest ƒ 400:-

4232 3053 412 167 ditto

4986 3074 1663 167 „36 met 4½ witte baeijen ieden van a 65, 2 witte

5211 3178 1330 156 coddens ieder van a 40 ende a1500:

5205 3248 1411 139 wit flannels samen weert ƒ 1050: doch

6253 3358 335 71 inden tarrit

5218 3339 1426 142 ick vinde geen mentie gemackt van de witte

5215 3437 1397 123 flanellen der alven het selven voor witte

5206 3521 1420 111 baeyen par avonture soude mogen aengeven

5195 3598 1321 114 waer over costij gelieft te in formeeren

4971 3582 1701 193 „39 met 10 gemengelde couleure lakens on de spaind

4237 3593 595 203 P robert Jox

5194 3723 1457 146 manier gemaekt ieder a 45 en 2 witte coddens

5199 3807 1127 128 ieder a 40 samen weert ƒ 1250

4962 3890 1704 160 „ 40..met witte coddens doch den rechten in hout

5183 3958 704 152 mij noch niet bekens
