7940 4583
2310 150 814 125 adij 13 augusti Ao. 1695

720 135 886 170 brugge Raphael Coots

962 205 2313 152 Mons: gisteren heb ick u geschreven, ende geadviseert den inhout van ua

987 319 2293 122 goederen te londen gelaeden sedert den uwen van 11 ditto ontfa

958 385 2328 171 waer bij sien het convoije gearriveert is, dan soude blijer wesen

996 471 2287 137 dat de goederen hier waeren, want die nu meer perijcket sul

971 582 2313 117 koopen van londen, daer om versuint geen tijdt, oft occasie om

985 636 2262 128 de goederen voorts te senden, alle de wolte goederen, per eerste op

1003 721 2278 120 gent, de reste adroituer, twaer goet dat een schip met passe bort

960 830 2243 118 tot antwerpen conde comen doch in die paspoort soude

996 875 2171 127 tot antwerpen moeten wel vermelt sijn want men

995 982 2290 153 vreest dat de fransen weder naer vlaenderen sullen heeren

993 1074 1862 135 daer om bidde u.l de ujterste expedictie te doen.

978 1133 2180 173 en soo dobbelaer ofte iemandt anders met paspoort can

954 1233 2321 136 connen, sendt 2 laken paecken op ieder waegen, en laet

978 1329 2244 162 de andere laken packen op het alder spoedichste per bargie

977 1436 2261 138 op gent comen. ick hope de officiers wat expedienter sullen

970 1518 2248 137 sijn als voor desen en miets ick 9 laken packen hebbe, soo

992 1581 2288 190 can het nu niet missen om dien ofte dander citto voortsenden

969 1712 2179 154 sult mij verobligeren advies te geven wat passeert en

971 1795 1338 120 n uytterste die voer is noodich

2486 1859 334 154 13 ditto

706 1858 569 166 brugge Coots

967 1934 2309 191 Mons. naer dat ick u heden p bode hadde geschreven heb ick den uwen

957 2048 2318 112 van gisteren becomen waerbij gesien de schepen van Londen gearriv

983 2140 2283 110 daer onder alle daer ick intrest in hebbe, dat tot mijn groot leedt

981 2214 2281 126 desen gesien dat de schepen int sal moeten lossen het welck seer

969 2296 2240 128 tragh sal voortsgaen derhalven wenschen wij eenige schepen tot

985 2395 2274 138 ostende bleven tot dat die costi sijn geexpedieert, waeren voorders

963 2513 2249 113 is ons versoeck dat uls schip ofte 2 adroituer aflaede ende daer

972 2593 2290 133 voor een france paspoort betorgde van brugge tot Antwerpen

990 2652 2155 105 om dat van gent herrewaert te groot blident perijckel is,

983 2751 2177 98 miets de francen tot op de schelde geheet clijn brahant

969 2826 2241 117 plunderen, en gevreest wort naer den uijtslagh van brussel

969 2878 2203 174 sij wel maghten int landt van wals vallen oft eenich

975 3010 2213 114 plaets in vlaenderen emporteren waerdoor wij dan

989 3114 2284 115 onde goederen in groot gevaer sijnde, oock niet soaude connen

977 3163 2300 127 becomen, soo dat het goet waer dat eenige schepen geoomman

955 3233 2293 125 wirden tot ostende te blijven waer in laet niet vershemt worden

977 3312 2296 108 en soo haest als gij eenige van mijn lacken packen becomt, laet

987 3407 2268 115 die met de bargie naer gent voortsgaen verdeelende mijn

965 3495 2278 137 risico, en toonende in dese soo dangereuse occasien de eustende van

965 3581 2302 126 u vermogen tot het best van mijn intrest, want alsoo geen

953 3637 2306 170 scheepen van hier tot gent sonder paspoort magen comen soo

953 3742 2333 118 moet ick trachten met de wagens te krijgen al wat doenclijt

959 3796 2291 141 e is, en meets lieven dobbelaer nu hier is soo twijffele ofter

956 3925 2321 140 oock wagens sijn bij u. l adroituer daer om laet p bargie comen

969 3978 2243 150 dat voor eerst gereet is van de laken packen rekenende onder

965 4068 2325 150 de haestige N: 78: en iets adroituer soo der schepen met paspoort

961 4125 2328 149 tot hier toecomen ick bidde antwort hier op hoe de saeck gelegen

965 4226 2314 106 is en wat mestares het best comen wesen want ick in vallen

950 4299 2206 83 ongeraest hijdt ben, mijnen van gisteren, heeft ul volcomen

963 4366 2210 88 kennisse gegeven van ul dat voor mij gelaeden is. blijve naer

4695 123 878 156 adij 13 auguti ƒ1691

5884 162 91 92 6 3

3349 158 884 143 gent Francois herrebout

3518 194 2456 163 ick heb u heden mijnen tol brief gesonden ende alsoo wij verstaen dat de

3516 320 2472 137 francen gedurich op de schelde comen soo magen geen schepen afcomen

3504 394 2421 115 sonder paspoort geconditioneert van gent op antwerpen over sulckx

3486 456 2459 118 informeert u oft dit te becomen is, ofte gij cont afvueren clijn

3505 510 2442 172 vaertuygh binen doort te comen, ick heb u geschreven wat no ick

3508 625 2347 144 p wagens begeere daer om soo bidde ick bij tijdts dat gij alles

3500 698 2442 168 vervolgens preparcert, en soo u een van de gementioneerde packen

3398 768 2500 141 ter handt comt p wagen voor tesent, doch als daer schepen met

3503 882 2445 137 pospoort waeren dan magen daer eenige te schepe comen sijnde

3500 948 2451 140 mijn sorge alleen om de goederen op het spoedichste en het geruste

3512 1031 2374 199 te mogen becomen: daerom laet op alles wel letten en dat gij niemant

3492 1129 2390 213 anders goet voor het mij te waegen sendt adviseerende continuelijck

3490 1185 932 151 wat passeert dit blijve

3320 1289 906 214 Londen wall & Will Kent

5485 1282 288 172 15 ot

3509 1351 2441 192 sence my last of 11 cur recd yours of 26 past our convoy is arrived att ostend, butt

3495 1461 2361 186 how to gett the goods safe here I know not, as long as the castel of

3503 1563 2434 161 namur is not taken are wee exposed to the rase of the french, who have

3494 1687 2387 135 bombed brussel sence saturday night & are still doeing, what will be

3500 1805 2449 97 come of itt god knowes, if namur be not taken in 8 a 10 dayes wee will

3504 1885 2377 122 be tobaley be recined, I wish all my goods nare were with you, you

3516 1932 2424 193 have order to provide in the nord 2 packes each with 24 single dozens

3491 2026 1772 193 I wish you could dispose of one of them to an other

5068 2518 275 122 15 ditto

3304 2486 845 209 brugge Raphael Coots

3423 2616 2532 171 al hoe wel dat ick u geschreven hebbe, soo ben soo verlegen hoe mijn goder

3505 2733 2422 106 hier te crijgen ofte best die bewaert te laeten dat ick nauwelijckx wete

3500 2807 2453 131 wat daer in doen, het sekerste, waer dat eenige scheepen dat ostende bleven

3652 2867 99 68 10½

3500 2905 2370 152 liggen dat dandere goederen in salvo waeren oft dat men sagh waer dit

3487 3011 2429 123 werck henen goen sou, want soo lanck het casteel van namen niet

3478 3082 2483 122 over en is blijven wij geexpomert aen die barbarisse france furie, ondertuss

3483 3145 2475 139 magh geen goet adroituer comen als met france paspoort gelijck wij hebbe

3472 3225 2482 157 geschreven en behoorden de vrinden costi te samen d'officiers te bewegen dat

3465 3350 2507 118 onse goederen die herrewaert moeten van die schip naer dander te laeten

3474 3381 2357 168 voortsgaen sonder tijdt verlet van op de halle voeren oft looden

3470 3482 2481 146 want ieder heure is nu ruijme eenen dagh waertoe gijt: nu moets aenhouden

3472 3564 2391 145 voor ons dat op de declanatie de officurs int lossen wilden visiteeren

3474 3646 2482 171 sijnder wagens met pasboort heerrewaert oft op gent sendt van de laken

3482 3727 2439 168 packen voorts, dat eerst aen landt comt oft p bargie, en schrijft ieder

3490 3828 2430 159 post dagh watter passeert en hoe de saeck gelegen is en wat schepen aent

3463 3861 2492 210 lossen sijn, de grove goederen van Jan de maister moeten al tol betae

3454 3946 743 168 elen ago verno blijve.
