8180 4623
2587 188 809 164 ady 20: April 168

863 177 783 206 Brussel Rousseau

1201 251 2193 208 Mons iay la chere vre de 18 cour. avecq vre remise de N 500 a 88

1197 428 2203 126 Sur robert mutlew, pour la quelle ie procureray lenccessaire, et ie pa

1202 463 2194 175 vre traitte de £650: pour le S. scrappers, cy ionetencore ƒ323 cour

1210 562 2177 180 fiir walravens il payera ala presentation, et vous souhaittant

1201 654 1099 197 les pas ques heureuses ie suis a

2802 668 380 196 de d

954 768 1072 230 brussel Suill. Walravens

1191 889 2216 182 mons. in antooorst aenden ul van 18 deset, ick obbe heden ul pe

1194 1041 2212 131 beurtschep toegesonden het laecken n° 604 en 2 glannelen omdat het

1204 1086 2194 166 derde niet en is geef gij presenteert, soo hebbe ue even wel ul het

1214 1178 2195 209 alsight daer van willen geven, en soo het ul niet aen staet soo pa

1215 1266 2192 174 het nettiens toe en sent het p beurtschip wederom want ick niet een

1209 1381 2201 175 duyt anders can doen, en hebbe lieverd oncosten te betaelen, gesehe

1213 1473 2189 180 den de dit opdat gij de goederen teg die van mons Perrebooms moyn

1214 1558 2179 194 vergelycken, en sien wil dat den besten coop geeft, en sent het soo

1218 1674 2192 197 vrijeef. wederom als ick het is sende want  enden prijs met

1211 1763 2198 200 een duyt en can verminderen volg ul ordre hebbe heden opu getine

1202 1883 2197 186 ƒ325: court te bete aen S. Rousseau het gene dien volgens

1188 1969 2197 246 gelieft te vereeren aenschende ulemen senge pressn blijve

1372 2075 1993 166 het spaens n°604 . g. 26.. a 34 a ƒ 4:4 ƒ 1411:18

1363 2190 2035 181 feadinel.. „ 241.. 54.—„ 73-142 ¼ a 16 „ 143:16

1378 2274 1290 151 195„ 279„ 52 ¼ „ 70 ¼

2581 2313 794 180 samen ƒ 253:14

1254 2363 631 207 Abrchen de Ba

2620 2434 655 123 dn 23 April

1456 2521 70 67 2

921 2441 302 176 Reterdam

1225 2477 2130 198 Mons ick hebbe geassureert op eenige schepen geef aenden voet

1187 2585 2203 181 deser sult sien, en soude geerne gereassneert sijn oversulen bidie

1198 2676 2204 196 segh te informeren tot wat prijs mij lont connen laeten icassiren

1196 2776 2170 199 by goede suffisan te leden, waer opputen eersten ul antwoordt

1202 2904 791 177 verwachte en blyve

1216 2909 2156 233 van pleynmeerden op Amst. de hope herman Reters. sijnde van Heermane

1209 3051 2144 188 totpleymuyden gearriveert sal met goedecemp oft convoy comn £50:

1202 3163 1949 133 van norno op dam de laegeh wort Cornelis van beveren een

1216 3243 1962 137 cloeck wel besoylt schip niet volck en conon voorsen sijnde

3009 3346 332 121 „100:-

1239 3342 1336 145 van Atenandieste daer gearriveert

1203 3411 2119 146 van Tinorno opeadir de steene fluys Adriaen voshel  180:-

1198 3496 1892 177 van vernoo neAmst. cnreasco denrope seronime Sipolo en

3097 3591 244 114 100:4

1219 3614 456 140 venetiaen

1192 3630 2153 231 van Archangel op Amst met convoy in 9: diff: chepe „ 600:-

1185 3777 1876 173 van vlaem enlanden naer eenige haven in hollande

1198 3890 1957 122 de maeght van dorth marten stont ceer seer bekent

3020 3931 321 131 „150:-

1205 3974 598 163 cloech schijp

2788 3981 428 193 ady ditto

833 4110 88 101 k

962 4073 863 197 mons. Guille walravens

1206 4101 2206 209 in antwoordt aen ul van 21: deser, alsoo het packien voore dee oede

1216 4240 2190 149 al was vertrocken, en ul brief eerst gisteren ontfangen soo en conde

1203 4333 2176 129 ick het sele niet uytergjn en saldenoneest beteelle van vule

1227 4431 2124 81 en ieder comen dan ic k hebbe mijnlenen noyt soo enredelyck iets

3546 192 2412 129 geshoert, dat gu wil toet deelen van t goet sonder t selve geien te hebben dabis

3554 231 2387 140 maer capricie en sienelyckheyt, dat gij niet meer wilt besteden als ul eerste

3538 316 2434 179 presentatie, en terwijlen dat ick wesentere het gaet ul te senden tot mjnefce sa

3545 383 2433 165 en weder te ontfangen doen ick emmersal dest gij cont wensen en hebbe mij ieven

3529 468 2436 144 aen een ander sulex niet willen doen oock voortaen niet meer doen sal daerom ontfange

3546 554 2410 157 t goet besiet het en ordeelt dat naer ul consaentie want de flanellen costen my

3555 622 2400 175 selfs ruyn 15st d'a en tot 1 6 gen blanch sal winnen sende wel geastrvart

3525 705 2443 139 mant anders als ul soo weeldienen geef ick doen voor ul goede betaelinge

3960 786 1357 128 waer vooren ick u bedancke aen blyve

4810 815 134 83 46

3418 820 740 185 russe lerard rover

3691 828 2176 170 't sedert mijnen van 19: deser gesien bijden van selvendat a dy 23 ot, wik

3510 948 2397 152 mons n ot gesien bij den ul van 19 deser dat ick inde, roueteer de

3522 1025 2394 194 reassurant ue costij niet wel can tereght comen soo moete dat laeten

3527 1143 2390 156 brusten ondertuschen gelieft voor mij telaeten assureren door de

3522 1204 2386 219 beste en suftelante lieden van londen tot bragge met convoy op de

3537 1339 2410 227 schepen gelijck aenden voet deser vermeltes ingevalle tot 2 2 ¼ a 22

3539 1437 2408 252 p l comt gedient sijn, dweck. ul recomandere aes voor eygen, en sal

3539 1528 2395 265 apparent meerder laeten teeckenen soo haest wy engeesp brieken beco

3515 1680 1920 187 nen, en dat van ue advies hebbe wat hier inne il te doen

3711 1811 366 88 ongoederen

3519 1774 1274 220 £100: int schip van thomas Ackin

3504 1876 1459 198 £180:- cint schip van Paulus betaert

3508 1945 1513 234 £150:- intschip van francois de gracke

5039 2056 714 216 dp 26: April

3517 2137 462 205 ƒ 210:06

3527 2219 741 235 Abram de Bra

3522 2291 2413 214 in antwoordt aen ul van 24: deser sult gelieven te laeten te

3505 2423 2424 166 aflureren pont fanck deser t gene bij de medegaende nemorie ver

3510 2493 2437 246 bulltis trverende de clansulen daer beneren uptgedouckt, n prin=

3501 2612 2451 223 cipaelijck serge draegen, met goede varte lieden te doen, op dat ick den

3505 2727 2450 228 premio en cette vergeefs en gene, wann, en laot mij morgen weken

3509 2837 2421 176 wat ick sult hebben geeletueert, op dat ick aenstaende maendagh ul

3491 2953 2436 90 voorders magh schrijven van de rest, presseere hier over des te maer om

3493 3028 2458 99 dat ick maest godende dijnstdagh voor 4 weecken uijt de stedt goen ende ick al vooren

3534 3056 2249 138 sjn  Evinden naerdorth op t caseo van t'schip de maicht van

3504 3095 369 79 dett saecke gereci

3522 3110 2413 176 marten stout op 29: xber van cadiinaer de vlaems en canden vertrocken

3402 3166 165 136 otsh

3513 3214 2388 148 en sedert daer van geen advies, en alhoewel het voors schip van vlaemh

3508 3290 2424 170 by landen lanck moghte vertrocken sijn de recdsurant ie geschiedt

3496 3385 2436 186 p alle goede en quaede tiedingen, en voor alle bedaghte ie optedaghte

5437 3482 462 109 £150:-

3494 3468 1770 225 peryekelen ter schaede geschiedt oft te geschieden

3504 3541 2101 211 waer vooren den maeckelaer stelt 12 p c. hope minder salt

3497 3671 2122 173 becomen dogh om de beste lheden t& hebben een weynigh met

3514 3790 420 120 aen te hen

3411 3738 2258 301 mo ght la seo vant blyn donroyea Cap. Bronimo TRiiblo vanckincono

3506 3846 265 113 3ntht

3504 3883 2131 175 noAmst. sijnde de schip van venetten tot bivorne gearriveert

5413 3928 492 139 niet gehoort

3517 3994 2210 169 toebekoerende aen dh mighiel moens tot venetien en alsoo men e

3544 4122 240 81 Albbl

3494 4081 2437 182 hieft dat het voors schip van Lieurno is vertrocken soo laet in

3495 4163 2342 217 de police tellen, dat het niet en sal preiudicieren, cioon d schis

3508 4270 2348 144 alvertrocken was, geschivende de assurantie opgoede enqualde stj
