<?xml version="1.0" encoding="UTF-8"?>
<alto xmlns:xsi="http://www.w3.org/2001/XMLSchema-instance"
      xmlns="http://www.loc.gov/standards/alto/ns-v4#"
      xmlns:page="http://schema.primaresearch.org/PAGE/gts/pagecontent/2013-07-15"
      xsi:schemaLocation="http://www.loc.gov/standards/alto/ns-v4# https://www.loc.gov/standards/alto/v4/alto.xsd">
   <Description>
      <MeasurementUnit>pixel</MeasurementUnit>
      <OCRProcessing ID="IdOcr">
         <ocrProcessingStep>
            <processingDateTime>2022-02-04T12:21:35.984+01:00</processingDateTime>
            <processingSoftware>
               <softwareCreator>READ COOP</softwareCreator>
               <softwareName>Transkribus</softwareName>
            </processingSoftware>
         </ocrProcessingStep>
      </OCRProcessing>
   </Description>
   <Layout>
      <Page ID="Page1" PHYSICAL_IMG_NR="1" HEIGHT="4706" WIDTH="8200">
         <TopMargin HEIGHT="0" WIDTH="8200" VPOS="0" HPOS="0"/>
         <LeftMargin HEIGHT="4706" WIDTH="0" VPOS="0" HPOS="0"/>
         <RightMargin HEIGHT="4706" WIDTH="0" VPOS="0" HPOS="8200"/>
         <BottomMargin HEIGHT="0" WIDTH="8200" VPOS="4706" HPOS="0"/>
         <PrintSpace HEIGHT="4706" WIDTH="8200" VPOS="0" HPOS="0">
            <TextBlock ID="region_1643618181140_945"
                       HEIGHT="4339"
                       WIDTH="2642"
                       VPOS="151"
                       HPOS="777">
               <Shape>
                  <Polygon POINTS="777,151 3419,151 3419,4490 777,4490"/>
               </Shape>
               <TextLine ID="region_1643618181140_945l1"
                         BASELINE="2792,232 2821,237 2851,240 2880,242 2910,243 2940,244 2969,244 2999,246 3028,246 3058,244 3088,244 3117,244 3147,244 3176,244 3206,242 3236,242 3265,242 3295,242 3324,243 3354,244 3384,246"
                         HEIGHT="123"
                         WIDTH="625"
                         VPOS="163"
                         HPOS="2775">
                  <String ID="string_region_1643618181140_945l1"
                          HEIGHT="123"
                          WIDTH="625"
                          VPOS="163"
                          HPOS="2775"
                          CONTENT="Adij 14 xber 1696"/>
               </TextLine>
               <TextLine ID="region_1643618181140_945l2"
                         BASELINE="896,264 934,262 973,260 1012,258 1051,257 1090,254 1128,253 1167,252 1206,250 1245,249 1284,248 1322,246 1361,245 1400,244 1439,244 1478,244 1516,244 1555,244 1594,244 1633,246 1672,246"
                         HEIGHT="149"
                         WIDTH="808"
                         VPOS="170"
                         HPOS="880">
                  <String ID="string_region_1643618181140_945l2"
                          HEIGHT="149"
                          WIDTH="808"
                          VPOS="170"
                          HPOS="880"
                          CONTENT="brugge raphael Coots"/>
               </TextLine>
               <TextLine ID="region_1643618181140_945l3"
                         BASELINE="1126,328 1240,324 1354,321 1468,318 1582,316 1696,314 1810,312 1924,310 2038,310 2152,308 2267,308 2381,308 2495,308 2609,309 2723,310 2837,312 2951,314 3065,316 3179,318 3293,322 3408,326"
                         HEIGHT="181"
                         WIDTH="2314"
                         VPOS="182"
                         HPOS="1109">
                  <String ID="string_region_1643618181140_945l3"
                          HEIGHT="181"
                          WIDTH="2314"
                          VPOS="182"
                          HPOS="1109"
                          CONTENT="gesien bij duwe van 9 &amp; 12 deser dat allen de scheep en gearrive"/>
               </TextLine>
               <TextLine ID="region_1643618181140_945l4"
                         BASELINE="1114,412 1228,410 1342,408 1456,405 1570,404 1684,402 1798,400 1912,398 2026,396 2140,396 2254,394 2368,394 2482,394 2596,394 2710,396 2824,396 2938,398 3052,400 3166,403 3280,406 3394,410"
                         HEIGHT="142"
                         WIDTH="2310"
                         VPOS="305"
                         HPOS="1098">
                  <String ID="string_region_1643618181140_945l4"
                          HEIGHT="142"
                          WIDTH="2310"
                          VPOS="305"
                          HPOS="1098"
                          CONTENT="sijn bealven peeter blanckaert en dat 3 daer van noch maer"/>
               </TextLine>
               <TextLine ID="region_1643618181140_945l5"
                         BASELINE="1110,510 1223,506 1337,503 1450,500 1564,497 1678,494 1791,492 1905,490 2018,488 2132,486 2246,484 2359,484 2473,484 2586,484 2700,484 2814,486 2927,488 3041,490 3154,492 3268,496 3382,500"
                         HEIGHT="118"
                         WIDTH="2305"
                         VPOS="404"
                         HPOS="1093">
                  <String ID="string_region_1643618181140_945l5"
                          HEIGHT="118"
                          WIDTH="2305"
                          VPOS="404"
                          HPOS="1093"
                          CONTENT="costij waeren als daer onder soosde pauw &amp; sacob janssens"/>
               </TextLine>
               <TextLine ID="region_1643618181140_945l6"
                         BASELINE="1120,600 1230,596 1341,593 1452,590 1563,586 1674,584 1785,582 1896,580 2007,578 2118,576 2229,574 2339,574 2450,572 2561,572 2672,572 2783,572 2894,572 3005,574 3116,576 3227,578 3338,580"
                         HEIGHT="155"
                         WIDTH="2249"
                         VPOS="477"
                         HPOS="1105">
                  <String ID="string_region_1643618181140_945l6"
                          HEIGHT="155"
                          WIDTH="2249"
                          VPOS="477"
                          HPOS="1105"
                          CONTENT="de welcke begonden te lossen, ick hope dat dandere scheepen"/>
               </TextLine>
               <TextLine ID="region_1643618181140_945l7"
                         BASELINE="1106,692 1220,692 1334,692 1449,691 1563,690 1678,688 1792,684 1906,682 2021,680 2135,678 2250,674 2364,672 2478,670 2593,668 2707,667 2822,666 2936,666 3050,668 3165,668 3279,672 3394,676"
                         HEIGHT="167"
                         WIDTH="2321"
                         VPOS="582"
                         HPOS="1089">
                  <String ID="string_region_1643618181140_945l7"
                          HEIGHT="167"
                          WIDTH="2321"
                          VPOS="582"
                          HPOS="1089"
                          CONTENT="oock tot brugge sijn &amp; dat wij sonnige packen nu &amp; dan sallen"/>
               </TextLine>
               <TextLine ID="region_1643618181140_945l8"
                         BASELINE="1128,782 1239,784 1351,786 1462,786 1574,786 1686,785 1797,784 1909,782 2020,780 2132,778 2244,774 2355,773 2467,772 2578,770 2690,770 2802,770 2913,770 3025,772 3136,776 3248,780 3360,786"
                         HEIGHT="129"
                         WIDTH="2262"
                         VPOS="709"
                         HPOS="1113">
                  <String ID="string_region_1643618181140_945l8"
                          HEIGHT="129"
                          WIDTH="2262"
                          VPOS="709"
                          HPOS="1113"
                          CONTENT="comen becomen omdat ick niet anders te gesien dan dat dit"/>
               </TextLine>
               <TextLine ID="region_1643618181140_945l9"
                         BASELINE="1090,884 1206,884 1322,884 1438,884 1554,884 1671,882 1787,882 1903,882 2019,880 2135,880 2252,880 2368,878 2484,878 2600,878 2716,876 2833,876 2949,876 3065,874 3181,874 3297,874 3414,874"
                         HEIGHT="121"
                         WIDTH="2357"
                         VPOS="785"
                         HPOS="1073">
                  <String ID="string_region_1643618181140_945l9"
                          HEIGHT="121"
                          WIDTH="2357"
                          VPOS="785"
                          HPOS="1073"
                          CONTENT="vriesen alle narigatie sal beletten daer en tusschen soo lanck"/>
               </TextLine>
               <TextLine ID="region_1643618181140_945l10"
                         BASELINE="1100,996 1215,992 1331,989 1447,986 1563,984 1679,980 1795,978 1911,976 2027,974 2143,972 2259,972 2374,970 2490,969 2606,968 2722,968 2838,966 2954,966 3070,966 3186,964 3302,964 3418,964"
                         HEIGHT="147"
                         WIDTH="2349"
                         VPOS="885"
                         HPOS="1083">
                  <String ID="string_region_1643618181140_945l10"
                          HEIGHT="147"
                          WIDTH="2349"
                          VPOS="885"
                          HPOS="1083"
                          CONTENT="de bargie noch vaert sent naer gent al dat mogelijck ul ende"/>
               </TextLine>
               <TextLine ID="region_1643618181140_945l11"
                         BASELINE="1124,1088 1237,1086 1351,1085 1465,1083 1579,1082 1693,1080 1807,1078 1921,1078 2035,1076 2149,1074 2263,1074 2376,1072 2490,1072 2604,1070 2718,1070 2832,1070 2946,1068 3060,1068 3174,1068 3288,1066 3402,1066"
                         HEIGHT="139"
                         WIDTH="2309"
                         VPOS="984"
                         HPOS="1109">
                  <String ID="string_region_1643618181140_945l11"
                          HEIGHT="139"
                          WIDTH="2309"
                          VPOS="984"
                          HPOS="1109"
                          CONTENT="alsoo lieven dobelaer naer brugge vertrocken is, soo geeft hem"/>
               </TextLine>
               <TextLine ID="region_1643618181140_945l12"
                         BASELINE="1114,1188 1224,1190 1334,1190 1444,1190 1555,1188 1665,1188 1775,1186 1886,1184 1996,1180 2106,1178 2217,1176 2327,1174 2437,1172 2547,1170 2658,1170 2768,1170 2878,1170 2989,1172 3099,1174 3209,1178 3320,1182"
                         HEIGHT="172"
                         WIDTH="2237"
                         VPOS="1059"
                         HPOS="1098">
                  <String ID="string_region_1643618181140_945l12"
                          HEIGHT="172"
                          WIDTH="2237"
                          VPOS="1059"
                          HPOS="1098"
                          CONTENT="mede het pack No. 49 met het pack N47 oft N.50 maer"/>
               </TextLine>
               <TextLine ID="region_1643618181140_945l13"
                         BASELINE="1114,1290 1227,1290 1341,1290 1454,1290 1568,1288 1681,1286 1795,1284 1908,1282 2022,1280 2135,1276 2249,1274 2362,1272 2476,1268 2589,1267 2703,1266 2816,1264 2930,1264 3043,1264 3157,1265 3270,1268 3384,1270"
                         HEIGHT="119"
                         WIDTH="2300"
                         VPOS="1187"
                         HPOS="1099">
                  <String ID="string_region_1643618181140_945l13"
                          HEIGHT="119"
                          WIDTH="2300"
                          VPOS="1187"
                          HPOS="1099"
                          CONTENT="conden die met de bargie naer gent geraecken dat hadde ick"/>
               </TextLine>
               <TextLine ID="region_1643618181140_945l14"
                         BASELINE="1114,1388 1224,1390 1334,1390 1444,1390 1555,1388 1665,1384 1775,1382 1886,1378 1996,1374 2106,1371 2217,1367 2327,1362 2437,1360 2547,1356 2658,1353 2768,1352 2878,1350 2989,1350 3099,1352 3209,1354 3320,1358"
                         HEIGHT="137"
                         WIDTH="2241"
                         VPOS="1272"
                         HPOS="1096">
                  <String ID="string_region_1643618181140_945l14"
                          HEIGHT="137"
                          WIDTH="2241"
                          VPOS="1272"
                          HPOS="1096"
                          CONTENT="lieven hopende dat tegen het vertreck van dobelaer noch"/>
               </TextLine>
               <TextLine ID="region_1643618181140_945l15"
                         BASELINE="1126,1476 1237,1478 1348,1478 1459,1477 1570,1476 1682,1474 1793,1470 1904,1468 2015,1464 2126,1460 2238,1458 2349,1454 2460,1452 2571,1450 2682,1448 2794,1448 2905,1448 3016,1448 3127,1450 3238,1453 3350,1458"
                         HEIGHT="114"
                         WIDTH="2255"
                         VPOS="1382"
                         HPOS="1111">
                  <String ID="string_region_1643618181140_945l15"
                          HEIGHT="114"
                          WIDTH="2255"
                          VPOS="1382"
                          HPOS="1111"
                          CONTENT="eenige andere packen sullen gelost sijn om met den selven"/>
               </TextLine>
               <TextLine ID="region_1643618181140_945l16"
                         BASELINE="1136,1572 1247,1572 1359,1570 1471,1570 1583,1568 1695,1566 1806,1564 1918,1564 2030,1562 2142,1560 2254,1560 2365,1558 2477,1558 2589,1558 2701,1558 2813,1558 2924,1558 3036,1560 3148,1562 3260,1564 3372,1568"
                         HEIGHT="154"
                         WIDTH="2267"
                         VPOS="1472"
                         HPOS="1120">
                  <String ID="string_region_1643618181140_945l16"
                          HEIGHT="154"
                          WIDTH="2267"
                          VPOS="1472"
                          HPOS="1120"
                          CONTENT="een ofte twee mede te geven die ick voor eerst het noodtsa"/>
               </TextLine>
               <TextLine ID="region_1643618181140_945l17"
                         BASELINE="1088,1676 1196,1672 1304,1670 1413,1666 1521,1664 1630,1662 1738,1662 1846,1660 1955,1660 2063,1660 2172,1660 2280,1660 2388,1660 2497,1660 2605,1662 2714,1662 2822,1662 2930,1663 3039,1664 3147,1664 3256,1664"
                         HEIGHT="119"
                         WIDTH="2200"
                         VPOS="1591"
                         HPOS="1073">
                  <String ID="string_region_1643618181140_945l17"
                          HEIGHT="119"
                          WIDTH="2200"
                          VPOS="1591"
                          HPOS="1073"
                          CONTENT="gelijckste van doen hebbe sijn N42: 46 &amp; 49 van de"/>
               </TextLine>
               <TextLine ID="region_1643618181140_945l18"
                         BASELINE="1132,1768 1243,1768 1354,1768 1465,1768 1576,1768 1688,1770 1799,1770 1910,1772 2021,1774 2132,1776 2244,1776 2355,1778 2466,1778 2577,1780 2688,1780 2800,1778 2911,1778 3022,1776 3133,1774 3244,1770 3356,1766"
                         HEIGHT="123"
                         WIDTH="2256"
                         VPOS="1681"
                         HPOS="1117">
                  <String ID="string_region_1643618181140_945l18"
                          HEIGHT="123"
                          WIDTH="2256"
                          VPOS="1681"
                          HPOS="1117"
                          CONTENT="witte goederen en dan 38: 47: 50: 51 evenwel wille methem"/>
               </TextLine>
               <TextLine ID="region_1643618181140_945l19"
                         BASELINE="1132,1870 1243,1868 1355,1866 1467,1865 1578,1864 1690,1864 1802,1864 1913,1864 2025,1864 2137,1865 2249,1866 2360,1866 2472,1867 2584,1868 2695,1868 2807,1868 2919,1868 3030,1868 3142,1868 3254,1868 3366,1866"
                         HEIGHT="121"
                         WIDTH="2267"
                         VPOS="1783"
                         HPOS="1116">
                  <String ID="string_region_1643618181140_945l19"
                          HEIGHT="121"
                          WIDTH="2267"
                          VPOS="1783"
                          HPOS="1116"
                          CONTENT="niet boven de 2 packen seffens gesonden hebben versoeckende"/>
               </TextLine>
               <TextLine ID="region_1643618181140_945l20"
                         BASELINE="1118,1958 1231,1956 1344,1954 1457,1954 1570,1954 1683,1954 1796,1954 1909,1954 2022,1954 2135,1956 2248,1956 2361,1956 2474,1958 2587,1958 2700,1958 2813,1958 2926,1958 3039,1956 3152,1956 3265,1954 3378,1952"
                         HEIGHT="97"
                         WIDTH="2292"
                         VPOS="1867"
                         HPOS="1101">
                  <String ID="string_region_1643618181140_945l20"
                          HEIGHT="97"
                          WIDTH="2292"
                          VPOS="1867"
                          HPOS="1101"
                          CONTENT="mij te laeten weten ofte andere voer lieden met paspoort van"/>
               </TextLine>
               <TextLine ID="region_1643618181140_945l21"
                         BASELINE="1122,2062 1231,2058 1341,2054 1450,2052 1560,2049 1670,2047 1779,2046 1889,2044 1998,2044 2108,2044 2218,2044 2327,2044 2437,2044 2546,2045 2656,2046 2766,2048 2875,2049 2985,2050 3094,2052 3204,2054 3314,2056"
                         HEIGHT="154"
                         WIDTH="2224"
                         VPOS="1963"
                         HPOS="1105">
                  <String ID="string_region_1643618181140_945l21"
                          HEIGHT="154"
                          WIDTH="2224"
                          VPOS="1963"
                          HPOS="1105"
                          CONTENT="brugge naer gent rijden om in cas van toe water onse"/>
               </TextLine>
               <TextLine ID="region_1643618181140_945l22"
                         BASELINE="1122,2152 1234,2152 1347,2150 1460,2150 1573,2148 1686,2148 1799,2147 1912,2146 2025,2146 2138,2144 2251,2144 2363,2144 2476,2144 2589,2144 2702,2144 2815,2144 2928,2144 3041,2144 3154,2146 3267,2147 3380,2148"
                         HEIGHT="148"
                         WIDTH="2289"
                         VPOS="2042"
                         HPOS="1105">
                  <String ID="string_region_1643618181140_945l22"
                          HEIGHT="148"
                          WIDTH="2289"
                          VPOS="2042"
                          HPOS="1105"
                          CONTENT="messures naer advenant te nemen. weijders versoeke van"/>
               </TextLine>
               <TextLine ID="region_1643618181140_945l23"
                         BASELINE="1130,2250 1239,2248 1348,2248 1457,2248 1566,2246 1675,2246 1784,2246 1893,2244 2002,2244 2111,2244 2220,2244 2329,2242 2438,2242 2547,2242 2656,2240 2765,2240 2874,2238 2983,2238 3092,2236 3201,2235 3310,2234"
                         HEIGHT="152"
                         WIDTH="2212"
                         VPOS="2153"
                         HPOS="1114">
                  <String ID="string_region_1643618181140_945l23"
                          HEIGHT="152"
                          WIDTH="2212"
                          VPOS="2153"
                          HPOS="1114"
                          CONTENT="ul een reeekeninge courant van alle het gepasseerde tot"/>
               </TextLine>
               <TextLine ID="region_1643618181140_945l24"
                         BASELINE="1142,2346 1253,2348 1365,2348 1476,2348 1588,2348 1699,2346 1811,2346 1922,2344 2034,2344 2145,2342 2257,2342 2368,2340 2480,2340 2591,2338 2703,2338 2814,2338 2926,2338 3037,2340 3149,2342 3260,2344 3372,2348"
                         HEIGHT="107"
                         WIDTH="2261"
                         VPOS="2279"
                         HPOS="1127">
                  <String ID="string_region_1643618181140_945l24"
                          HEIGHT="107"
                          WIDTH="2261"
                          VPOS="2279"
                          HPOS="1127"
                          CONTENT="p deser en dat ul van het nette geliefde te disponeere omdat"/>
               </TextLine>
               <TextLine ID="region_1643618181140_945l25"
                         BASELINE="1114,2452 1225,2454 1336,2456 1447,2457 1558,2456 1669,2456 1780,2454 1891,2452 2002,2450 2113,2448 2224,2444 2335,2442 2446,2438 2557,2436 2668,2434 2779,2432 2890,2430 3001,2430 3112,2430 3223,2431 3334,2434"
                         HEIGHT="136"
                         WIDTH="2250"
                         VPOS="2340"
                         HPOS="1099">
                  <String ID="string_region_1643618181140_945l25"
                          HEIGHT="136"
                          WIDTH="2250"
                          VPOS="2340"
                          HPOS="1099"
                          CONTENT="ick met p jamiarij niee bocke maeke en dat ick in daude"/>
               </TextLine>
               <TextLine ID="region_1643618181140_945l26"
                         BASELINE="1138,2550 1248,2548 1358,2547 1468,2546 1578,2544 1688,2542 1798,2540 1908,2538 2018,2536 2128,2534 2238,2532 2348,2532 2458,2530 2568,2528 2678,2528 2788,2528 2898,2528 3008,2528 3118,2530 3228,2530 3338,2532"
                         HEIGHT="131"
                         WIDTH="2230"
                         VPOS="2433"
                         HPOS="1123">
                  <String ID="string_region_1643618181140_945l26"
                          HEIGHT="131"
                          WIDTH="2230"
                          VPOS="2433"
                          HPOS="1123"
                          CONTENT="d'oncosten op dese leste gearriveerde goederen niet can brenge"/>
               </TextLine>
               <TextLine ID="region_1643618181140_945l27"
                         BASELINE="3140,2624 3166,2621 3192,2619 3218,2617 3244,2615 3270,2614 3296,2616"
                         HEIGHT="153"
                         WIDTH="188"
                         VPOS="2530"
                         HPOS="3122">
                  <String ID="string_region_1643618181140_945l27"
                          HEIGHT="153"
                          WIDTH="188"
                          VPOS="2530"
                          HPOS="3122"
                          CONTENT="148"/>
               </TextLine>
               <TextLine ID="region_1643618181140_945l28"
                         BASELINE="872,2652 915,2652 958,2650 1001,2650 1044,2650 1088,2649 1131,2648 1174,2648 1217,2648 1260,2648 1304,2648 1347,2648 1390,2648 1433,2648 1476,2648 1520,2649 1563,2650 1606,2650 1649,2650 1692,2650 1736,2652"
                         HEIGHT="182"
                         WIDTH="896"
                         VPOS="2520"
                         HPOS="857">
                  <String ID="string_region_1643618181140_945l28"
                          HEIGHT="182"
                          WIDTH="896"
                          VPOS="2520"
                          HPOS="857"
                          CONTENT="Ath Mathieu Winand"/>
               </TextLine>
               <TextLine ID="region_1643618181140_945l29"
                         BASELINE="1124,2744 1237,2740 1350,2736 1463,2732 1576,2729 1689,2726 1802,2722 1915,2720 2028,2716 2141,2714 2254,2712 2367,2710 2480,2708 2593,2708 2706,2706 2819,2706 2932,2706 3045,2706 3158,2708 3271,2708 3384,2710"
                         HEIGHT="205"
                         WIDTH="2290"
                         VPOS="2579"
                         HPOS="1109">
                  <String ID="string_region_1643618181140_945l29"
                          HEIGHT="205"
                          WIDTH="2290"
                          VPOS="2579"
                          HPOS="1109"
                          CONTENT="iaj envoije a dermonde, un ballot marque L:D:B N2 addresse"/>
               </TextLine>
               <TextLine ID="region_1643618181140_945l30"
                         BASELINE="1120,2840 1233,2832 1347,2826 1461,2821 1575,2818 1689,2815 1802,2812 1916,2812 2030,2810 2144,2810 2258,2810 2371,2810 2485,2810 2599,2810 2713,2812 2827,2810 2940,2810 3054,2810 3168,2808 3282,2806 3396,2804"
                         HEIGHT="138"
                         WIDTH="2308"
                         VPOS="2727"
                         HPOS="1104">
                  <String ID="string_region_1643618181140_945l30"
                          HEIGHT="138"
                          WIDTH="2308"
                          VPOS="2727"
                          HPOS="1104"
                          CONTENT="a Jean de la croix contenant 2 &amp; ½ draps, onse pieces de cottens"/>
               </TextLine>
               <TextLine ID="region_1643618181140_945l31"
                         BASELINE="1140,2924 1252,2921 1365,2918 1477,2914 1590,2912 1703,2910 1815,2908 1928,2907 2040,2906 2153,2905 2266,2904 2378,2904 2491,2904 2603,2902 2716,2902 2829,2901 2941,2900 3054,2898 3166,2898 3279,2896 3392,2894"
                         HEIGHT="114"
                         WIDTH="2283"
                         VPOS="2833"
                         HPOS="1124">
                  <String ID="string_region_1643618181140_945l31"
                          HEIGHT="114"
                          WIDTH="2283"
                          VPOS="2833"
                          HPOS="1124"
                          CONTENT="temet en aunage 236 aunes deux pacqiets de soie a coudre"/>
               </TextLine>
               <TextLine ID="region_1643618181140_945l32"
                         BASELINE="1140,3008 1251,3006 1362,3006 1474,3004 1585,3002 1697,3002 1808,3000 1919,3000 2031,2998 2142,2998 2254,2996 2365,2995 2476,2994 2588,2994 2699,2992 2811,2992 2922,2990 3033,2990 3145,2988 3256,2988 3368,2986"
                         HEIGHT="109"
                         WIDTH="2258"
                         VPOS="2918"
                         HPOS="1124">
                  <String ID="string_region_1643618181140_945l32"
                          HEIGHT="109"
                          WIDTH="2258"
                          VPOS="2918"
                          HPOS="1124"
                          CONTENT="et apiese en semble  42½ depoid, pour suivre pour compte et "/>
               </TextLine>
               <TextLine ID="region_1643618181140_945l33"
                         BASELINE="1134,3092 1247,3092 1361,3092 1475,3090 1588,3090 1702,3088 1816,3086 1929,3086 2043,3084 2157,3082 2271,3080 2384,3078 2498,3076 2612,3076 2725,3074 2839,3072 2953,3072 3066,3070 3180,3070 3294,3070 3408,3070"
                         HEIGHT="148"
                         WIDTH="2306"
                         VPOS="2996"
                         HPOS="1117">
                  <String ID="string_region_1643618181140_945l33"
                          HEIGHT="148"
                          WIDTH="2306"
                          VPOS="2996"
                          HPOS="1117"
                          CONTENT="pour l'ordre de mons Jan de bloid de valenciennes ie ne doute pas"/>
               </TextLine>
               <TextLine ID="region_1643618181140_945l34"
                         BASELINE="1142,3176 1249,3176 1356,3174 1464,3174 1571,3174 1679,3172 1786,3172 1893,3170 2001,3170 2108,3168 2216,3168 2323,3166 2430,3166 2538,3165 2645,3164 2753,3164 2860,3164 2967,3164 3075,3164 3182,3164 3290,3164"
                         HEIGHT="128"
                         WIDTH="2178"
                         VPOS="3092"
                         HPOS="1126">
                  <String ID="string_region_1643618181140_945l34"
                          HEIGHT="128"
                          WIDTH="2178"
                          VPOS="3092"
                          HPOS="1126"
                          CONTENT="mais quil vous aura escrit le necessaire pendant que ie saisi"/>
               </TextLine>
               <TextLine ID="region_1643618181140_945l35"
                         BASELINE="3166,3226 3210,3222"
                         HEIGHT="85"
                         WIDTH="84"
                         VPOS="3172"
                         HPOS="3145">
                  <String ID="string_region_1643618181140_945l35"
                          HEIGHT="85"
                          WIDTH="84"
                          VPOS="3172"
                          HPOS="3145"
                          CONTENT="13"/>
               </TextLine>
               <TextLine ID="region_1643618181140_945l36"
                         BASELINE="866,3260 898,3260 930,3260 963,3258 995,3258 1028,3256 1060,3256 1092,3253 1125,3252 1157,3250 1190,3248 1222,3247 1254,3246 1287,3244 1319,3243 1352,3242 1384,3240 1416,3239 1449,3238 1481,3238 1514,3238"
                         HEIGHT="147"
                         WIDTH="683"
                         VPOS="3155"
                         HPOS="848">
                  <String ID="string_region_1643618181140_945l36"
                          HEIGHT="147"
                          WIDTH="683"
                          VPOS="3155"
                          HPOS="848"
                          CONTENT="namur : le bidart "/>
               </TextLine>
               <TextLine ID="region_1643618181140_945l37"
                         BASELINE="1144,3320 1251,3313 1359,3308 1467,3304 1575,3300 1683,3296 1790,3294 1898,3292 2006,3290 2114,3290 2222,3288 2329,3288 2437,3288 2545,3288 2653,3288 2761,3288 2868,3288 2976,3288 3084,3290 3192,3290 3300,3290"
                         HEIGHT="173"
                         WIDTH="2187"
                         VPOS="3182"
                         HPOS="1128">
                  <String ID="string_region_1643618181140_945l37"
                          HEIGHT="173"
                          WIDTH="2187"
                          VPOS="3182"
                          HPOS="1128"
                          CONTENT="en responce a la vre dhier les convoijes d'engleterre sont toutes"/>
               </TextLine>
               <TextLine ID="region_1643618181140_945l38"
                         BASELINE="1120,3402 1234,3394 1349,3386 1464,3382 1579,3377 1694,3374 1808,3372 1923,3370 2038,3370 2153,3368 2268,3368 2382,3370 2497,3370 2612,3370 2727,3372 2842,3372 2956,3372 3071,3372 3186,3372 3301,3372 3416,3370"
                         HEIGHT="157"
                         WIDTH="2329"
                         VPOS="3292"
                         HPOS="1103">
                  <String ID="string_region_1643618181140_945l38"
                          HEIGHT="157"
                          WIDTH="2329"
                          VPOS="3292"
                          HPOS="1103"
                          CONTENT="venues mais la ples part de marchandise est encore a bruges, ie vous"/>
               </TextLine>
               <TextLine ID="region_1643618181140_945l39"
                         BASELINE="1120,3480 1230,3476 1340,3472 1450,3468 1560,3466 1670,3462 1780,3460 1890,3458 2000,3456 2110,3454 2220,3452 2330,3452 2440,3452 2550,3452 2660,3452 2770,3454 2880,3457 2990,3460 3100,3464 3210,3469 3320,3474"
                         HEIGHT="132"
                         WIDTH="2230"
                         VPOS="3390"
                         HPOS="1104">
                  <String ID="string_region_1643618181140_945l39"
                          HEIGHT="132"
                          WIDTH="2230"
                          VPOS="3390"
                          HPOS="1104"
                          CONTENT="porres servir a 6000 a kerriseel rouges ce qui fait 150 p. car"/>
               </TextLine>
               <TextLine ID="region_1643618181140_945l40"
                         BASELINE="1118,3562 1228,3557 1339,3553 1450,3549 1560,3545 1671,3542 1782,3539 1892,3536 2003,3535 2114,3534 2225,3532 2335,3532 2446,3534 2557,3534 2667,3536 2778,3539 2889,3542 2999,3548 3110,3552 3221,3559 3332,3566"
                         HEIGHT="164"
                         WIDTH="2246"
                         VPOS="3452"
                         HPOS="1101">
                  <String ID="string_region_1643618181140_945l40"
                          HEIGHT="164"
                          WIDTH="2246"
                          VPOS="3452"
                          HPOS="1101"
                          CONTENT="iacque pieces doibt estre a 40 il y a qhi contienent et de lautres"/>
               </TextLine>
               <TextLine ID="region_1643618181140_945l41"
                         BASELINE="1126,3646 1233,3643 1340,3640 1447,3636 1554,3633 1661,3629 1768,3626 1875,3624 1982,3620 2089,3619 2197,3618 2304,3616 2411,3616 2518,3616 2625,3618 2732,3620 2839,3622 2946,3626 3053,3632 3160,3637 3268,3644"
                         HEIGHT="138"
                         WIDTH="2175"
                         VPOS="3571"
                         HPOS="1109">
                  <String ID="string_region_1643618181140_945l41"
                          HEIGHT="138"
                          WIDTH="2175"
                          VPOS="3571"
                          HPOS="1109"
                          CONTENT="s'aune plus au moins et pendant lives on a de la parne pour ses"/>
               </TextLine>
               <TextLine ID="region_1643618181140_945l42"
                         BASELINE="1114,3734 1228,3730 1342,3726 1456,3724 1571,3722 1685,3719 1799,3718 1914,3716 2028,3716 2142,3716 2257,3716 2371,3716 2485,3718 2599,3718 2714,3720 2828,3722 2942,3722 3057,3724 3171,3726 3285,3728 3400,3728"
                         HEIGHT="151"
                         WIDTH="2320"
                         VPOS="3644"
                         HPOS="1097">
                  <String ID="string_region_1643618181140_945l42"
                          HEIGHT="151"
                          WIDTH="2320"
                          VPOS="3644"
                          HPOS="1097"
                          CONTENT="tils porsqua @ 40 ce pour quoy ie vous vendra 150 a 200 pieus"/>
               </TextLine>
               <TextLine ID="region_1643618181140_945l43"
                         BASELINE="1124,3834 1233,3825 1342,3817 1451,3812 1560,3808 1669,3804 1778,3802 1887,3800 1996,3800 2105,3800 2214,3802 2323,3802 2432,3804 2541,3807 2650,3810 2759,3812 2868,3814 2977,3816 3086,3818 3195,3820 3304,3820"
                         HEIGHT="137"
                         WIDTH="2211"
                         VPOS="3734"
                         HPOS="1109">
                  <String ID="string_region_1643618181140_945l43"
                          HEIGHT="137"
                          WIDTH="2211"
                          VPOS="3734"
                          HPOS="1109"
                          CONTENT="ƒ 37:- laps argent courant la tentiere ramer et presses court "/>
               </TextLine>
               <TextLine ID="region_1643618181140_945l44"
                         BASELINE="1108,3928 1221,3919 1335,3912 1448,3906 1562,3902 1676,3898 1789,3896 1903,3894 2016,3894 2130,3894 2244,3894 2357,3896 2471,3896 2584,3898 2698,3900 2812,3902 2925,3902 3039,3904 3152,3904 3266,3904 3380,3904"
                         HEIGHT="171"
                         WIDTH="2304"
                         VPOS="3799"
                         HPOS="1092">
                  <String ID="string_region_1643618181140_945l44"
                          HEIGHT="171"
                          WIDTH="2304"
                          VPOS="3799"
                          HPOS="1092"
                          CONTENT="3: jacque la pr. ce pour quoy ie vous servires a ƒ42: la piecet rouss"/>
               </TextLine>
               <TextLine ID="region_1643618181140_945l45"
                         BASELINE="1120,4010 1233,4004 1346,3998 1459,3994 1572,3990 1685,3988 1798,3986 1911,3984 2024,3982 2137,3982 2250,3982 2363,3982 2476,3982 2589,3984 2702,3984 2815,3986 2928,3988 3041,3990 3154,3991 3267,3992 3380,3994"
                         HEIGHT="158"
                         WIDTH="2292"
                         VPOS="3903"
                         HPOS="1103">
                  <String ID="string_region_1643618181140_945l45"
                          HEIGHT="158"
                          WIDTH="2292"
                          VPOS="3903"
                          HPOS="1103"
                          CONTENT="argent courant, contant et allors vous pourres les sure trre plus"/>
               </TextLine>
               <TextLine ID="region_1643618181140_945l46"
                         BASELINE="1118,4096 1226,4092 1335,4088 1444,4084 1552,4082 1661,4079 1770,4076 1878,4074 1987,4074 2096,4072 2205,4072 2313,4072 2422,4072 2531,4072 2639,4072 2748,4074 2857,4076 2965,4078 3074,4080 3183,4084 3292,4086"
                         HEIGHT="130"
                         WIDTH="2205"
                         VPOS="4007"
                         HPOS="1102">
                  <String ID="string_region_1643618181140_945l46"
                          HEIGHT="130"
                          WIDTH="2205"
                          VPOS="4007"
                          HPOS="1102"
                          CONTENT="au mons comme vous semblira, il vous couteront au mons vint"/>
               </TextLine>
               <TextLine ID="region_1643618181140_945l47"
                         BASELINE="1114,4188 1228,4183 1342,4179 1456,4174 1570,4170 1684,4168 1798,4166 1912,4164 2026,4162 2140,4160 2255,4160 2369,4160 2483,4160 2597,4160 2711,4158 2825,4158 2939,4160 3053,4160 3167,4158 3281,4158 3396,4158"
                         HEIGHT="111"
                         WIDTH="2314"
                         VPOS="4091"
                         HPOS="1096">
                  <String ID="string_region_1643618181140_945l47"
                          HEIGHT="111"
                          WIDTH="2314"
                          VPOS="4091"
                          HPOS="1096"
                          CONTENT="21 patters p a. a vre governo pour vous envoyer les eschantillion "/>
               </TextLine>
               <TextLine ID="region_1643618181140_945l48"
                         BASELINE="1130,4274 1242,4268 1355,4262 1467,4258 1580,4255 1692,4252 1805,4250 1917,4248 2030,4246 2142,4246 2255,4246 2367,4246 2480,4246 2592,4246 2705,4246 2817,4246 2930,4246 3042,4246 3155,4246 3267,4246 3380,4244"
                         HEIGHT="137"
                         WIDTH="2279"
                         VPOS="4162"
                         HPOS="1115">
                  <String ID="string_region_1643618181140_945l48"
                          HEIGHT="137"
                          WIDTH="2279"
                          VPOS="4162"
                          HPOS="1115"
                          CONTENT="de draps d' Angleterre cela est trop incomode, car lon les a besongh"/>
               </TextLine>
               <TextLine ID="region_1643618181140_945l49"
                         BASELINE="1106,4358 1217,4352 1328,4347 1439,4342 1551,4339 1662,4336 1773,4333 1885,4330 1996,4328 2107,4326 2219,4324 2330,4322 2441,4322 2552,4320 2664,4320 2775,4318 2886,4318 2998,4318 3109,4316 3220,4316 3332,4316"
                         HEIGHT="111"
                         WIDTH="2259"
                         VPOS="4247"
                         HPOS="1089">
                  <String ID="string_region_1643618181140_945l49"
                          HEIGHT="111"
                          WIDTH="2259"
                          VPOS="4247"
                          HPOS="1089"
                          CONTENT="iusque que le drap sont icy, qu'il ne sera sil long temp que la gele"/>
               </TextLine>
               <TextLine ID="region_1643618181140_945l50"
                         BASELINE="1114,4424 1144,4422 1175,4420 1205,4419 1236,4418 1267,4416 1297,4416 1328,4416 1358,4416 1389,4414 1420,4414 1450,4414 1481,4414 1511,4416 1542,4416 1573,4416 1603,4416 1634,4416 1664,4416 1695,4416 1726,4416"
                         HEIGHT="138"
                         WIDTH="643"
                         VPOS="4334"
                         HPOS="1097">
                  <String ID="string_region_1643618181140_945l50"
                          HEIGHT="138"
                          WIDTH="643"
                          VPOS="4334"
                          HPOS="1097"
                          CONTENT="dutera si bouffre"/>
               </TextLine>
            </TextBlock>
            <TextBlock ID="region_1643618184620_948"
                       HEIGHT="4387"
                       WIDTH="2573"
                       VPOS="159"
                       HPOS="3468">
               <Shape>
                  <Polygon POINTS="3468,159 6041,159 6041,4546 3468,4546"/>
               </Shape>
               <TextLine ID="region_1643618184620_948l1"
                         BASELINE="5148,236 5189,236 5231,236 5272,236 5314,235 5355,234 5397,234 5438,232 5480,232 5521,230 5563,230 5604,228 5646,228 5687,228 5729,228 5770,226 5812,228 5853,228 5895,229 5936,230 5978,232"
                         HEIGHT="120"
                         WIDTH="859"
                         VPOS="170"
                         HPOS="5133">
                  <String ID="string_region_1643618184620_948l1"
                          HEIGHT="120"
                          WIDTH="859"
                          VPOS="170"
                          HPOS="5133"
                          CONTENT="Ady 15 xber 1696 231"/>
               </TextLine>
               <TextLine ID="region_1643618184620_948l2"
                         BASELINE="3478,250 3507,247 3536,242 3565,240 3595,237 3624,236 3653,234 3683,233 3712,232 3741,232 3771,232 3800,231 3829,230 3858,230 3888,230 3917,230 3946,230 3976,228 4005,228 4034,227 4064,224"
                         HEIGHT="127"
                         WIDTH="619"
                         VPOS="165"
                         HPOS="3461">
                  <String ID="string_region_1643618184620_948l2"
                          HEIGHT="127"
                          WIDTH="619"
                          VPOS="165"
                          HPOS="3461"
                          CONTENT="bugge raphael Coots"/>
               </TextLine>
               <TextLine ID="region_1643618184620_948l3"
                         BASELINE="3496,318 3618,312 3741,308 3863,304 3986,302 4109,302 4231,302 4354,304 4476,306 4599,308 4722,310 4844,314 4967,318 5089,322 5212,324 5335,328 5457,332 5580,334 5702,336 5825,338 5948,338"
                         HEIGHT="138"
                         WIDTH="2483"
                         VPOS="251"
                         HPOS="3479">
                  <String ID="string_region_1643618184620_948l3"
                          HEIGHT="138"
                          WIDTH="2483"
                          VPOS="251"
                          HPOS="3479"
                          CONTENT=" ick hope dat den mijnen van gisteren ul heden is geworden nu hebte"/>
               </TextLine>
               <TextLine ID="region_1643618184620_948l4"
                         BASELINE="3584,394 3705,390 3827,388 3949,388 4071,386 4193,386 4315,386 4437,388 4559,390 4681,392 4803,395 4924,398 5046,400 5168,404 5290,409 5412,412 5534,416 5656,420 5778,425 5900,429 6022,434"
                         HEIGHT="145"
                         WIDTH="2470"
                         VPOS="331"
                         HPOS="3569">
                  <String ID="string_region_1643618184620_948l4"
                          HEIGHT="145"
                          WIDTH="2470"
                          VPOS="331"
                          HPOS="3569"
                          CONTENT="ick den ul van selve dat o die mij seer aengenaem is om de obligante"/>
               </TextLine>
               <TextLine ID="region_1643618184620_948l5"
                         BASELINE="3576,478 3694,476 3812,476 3931,474 4049,474 4168,474 4286,474 4404,476 4523,476 4641,478 4760,480 4878,480 4996,482 5115,484 5233,486 5352,488 5470,490 5588,492 5707,494 5825,496 5944,496"
                         HEIGHT="105"
                         WIDTH="2401"
                         VPOS="409"
                         HPOS="3559">
                  <String ID="string_region_1643618184620_948l5"
                          HEIGHT="105"
                          WIDTH="2401"
                          VPOS="409"
                          HPOS="3559"
                          CONTENT="eaprsse daer bij verment verlaetende mij diens volgens geheelijck op ul"/>
               </TextLine>
               <TextLine ID="region_1643618184620_948l6"
                         BASELINE="3584,576 3701,570 3818,566 3936,564 4053,562 4171,562 4288,562 4405,562 4523,563 4640,564 4758,566 4875,568 4992,572 5110,574 5227,576 5345,579 5462,582 5579,584 5697,586 5814,588 5932,588"
                         HEIGHT="121"
                         WIDTH="2379"
                         VPOS="502"
                         HPOS="3567">
                  <String ID="string_region_1643618184620_948l6"
                          HEIGHT="121"
                          WIDTH="2379"
                          VPOS="502"
                          HPOS="3567"
                          CONTENT="soo de 4 geloste packen heden naer gent sijn voorts geracht sal ick"/>
               </TextLine>
               <TextLine ID="region_1643618184620_948l7"
                         BASELINE="3572,664 3694,660 3816,658 3938,656 4060,654 4182,654 4304,654 4426,654 4548,656 4670,656 4792,658 4914,660 5036,662 5158,664 5280,664 5402,666 5524,668 5646,668 5768,670 5890,670 6012,668"
                         HEIGHT="120"
                         WIDTH="2472"
                         VPOS="588"
                         HPOS="3557">
                  <String ID="string_region_1643618184620_948l7"
                          HEIGHT="120"
                          WIDTH="2472"
                          VPOS="588"
                          HPOS="3557"
                          CONTENT="blijve wesen, sijnse niet voorts geraekt soo dencke die ten minsten morgen"/>
               </TextLine>
               <TextLine ID="region_1643618184620_948l8"
                         BASELINE="3578,754 3700,752 3823,752 3946,752 4069,752 4192,752 4315,752 4438,752 4561,754 4684,754 4807,754 4929,756 5052,756 5175,756 5298,756 5421,756 5544,755 5667,754 5790,752 5913,750 6036,748"
                         HEIGHT="119"
                         WIDTH="2487"
                         VPOS="673"
                         HPOS="3564">
                  <String ID="string_region_1643618184620_948l8"
                          HEIGHT="119"
                          WIDTH="2487"
                          VPOS="673"
                          HPOS="3564"
                          CONTENT="sullen conen versonden sijn, want ick liever mijn goet pr. bargee te "/>
               </TextLine>
               <TextLine ID="region_1643618184620_948l9"
                         BASELINE="3568,846 3684,844 3801,841 3918,840 4035,838 4152,838 4268,839 4385,840 4502,842 4619,844 4736,846 4852,848 4969,850 5086,852 5203,854 5320,858 5436,860 5553,862 5670,864 5787,866 5904,866"
                         HEIGHT="162"
                         WIDTH="2368"
                         VPOS="768"
                         HPOS="3553">
                  <String ID="string_region_1643618184620_948l9"
                          HEIGHT="162"
                          WIDTH="2368"
                          VPOS="768"
                          HPOS="3553"
                          CONTENT="gent hebbe als dat die met de woegens van brugge moeten gesonden"/>
               </TextLine>
               <TextLine ID="region_1643618184620_948l10"
                         BASELINE="3562,942 3683,936 3804,934 3925,932 4046,932 4167,932 4288,934 4409,936 4530,940 4651,944 4773,948 4894,952 5015,956 5136,960 5257,964 5378,968 5499,970 5620,972 5741,972 5862,972 5984,970"
                         HEIGHT="114"
                         WIDTH="2454"
                         VPOS="900"
                         HPOS="3545">
                  <String ID="string_region_1643618184620_948l10"
                          HEIGHT="114"
                          WIDTH="2454"
                          VPOS="900"
                          HPOS="3545"
                          CONTENT="worden allede haeste is present daern voor de vrees van toegaer"/>
               </TextLine>
               <TextLine ID="region_1643618184620_948l11"
                         BASELINE="3574,1024 3694,1022 3815,1022 3935,1022 4056,1022 4177,1024 4297,1026 4418,1029 4538,1032 4659,1036 4780,1038 4900,1042 5021,1046 5141,1050 5262,1053 5383,1056 5503,1059 5624,1062 5744,1065 5865,1066 5986,1068"
                         HEIGHT="114"
                         WIDTH="2443"
                         VPOS="967"
                         HPOS="3557">
                  <String ID="string_region_1643618184620_948l11"
                          HEIGHT="114"
                          WIDTH="2443"
                          VPOS="967"
                          HPOS="3557"
                          CONTENT="waetes, deralven gelieft te vigileeren soo lanae de bargee vaeren can"/>
               </TextLine>
               <TextLine ID="region_1643618184620_948l12"
                         BASELINE="3580,1114 3697,1112 3815,1112 3932,1112 4050,1114 4167,1114 4285,1117 4402,1120 4520,1122 4637,1126 4755,1130 4872,1134 4990,1138 5107,1142 5225,1146 5342,1152 5460,1156 5577,1160 5695,1165 5812,1169 5930,1172"
                         HEIGHT="167"
                         WIDTH="2383"
                         VPOS="1062"
                         HPOS="3565">
                  <String ID="string_region_1643618184620_948l12"
                          HEIGHT="167"
                          WIDTH="2383"
                          VPOS="1062"
                          HPOS="3565"
                          CONTENT="en dan pr waegen gelijck gisteren hebben geschreven, doend com alle sal"/>
               </TextLine>
               <TextLine ID="region_1643618184620_948l13"
                         BASELINE="3566,1222 3593,1220 3620,1219 3648,1217 3675,1216 3703,1214 3730,1214 3757,1213 3785,1212 3812,1212 3840,1212 3867,1212 3894,1212 3922,1212 3949,1212 3977,1212 4004,1213 4031,1214 4059,1215 4086,1216 4114,1218"
                         HEIGHT="161"
                         WIDTH="581"
                         VPOS="1121"
                         HPOS="3549">
                  <String ID="string_region_1643618184620_948l13"
                          HEIGHT="161"
                          WIDTH="581"
                          VPOS="1121"
                          HPOS="3549"
                          CONTENT="voor eyen dit"/>
               </TextLine>
               <TextLine ID="region_1643618184620_948l14"
                         BASELINE="3482,1332 3525,1326 3568,1320 3611,1315 3654,1312 3697,1308 3740,1305 3783,1303 3826,1302 3869,1302 3912,1300 3955,1300 3998,1300 4041,1300 4084,1300 4127,1301 4170,1302 4213,1302 4256,1300 4299,1300 4342,1300"
                         HEIGHT="199"
                         WIDTH="895"
                         VPOS="1197"
                         HPOS="3463">
                  <String ID="string_region_1643618184620_948l14"
                          HEIGHT="199"
                          WIDTH="895"
                          VPOS="1197"
                          HPOS="3463"
                          CONTENT="gent francois herrebout"/>
               </TextLine>
               <TextLine ID="region_1643618184620_948l15"
                         BASELINE="5616,1312 5641,1310 5666,1310 5692,1308 5717,1308 5742,1308 5768,1306 5793,1308 5818,1308 5844,1308 5869,1310 5894,1310 5920,1312"
                         HEIGHT="164"
                         WIDTH="336"
                         VPOS="1202"
                         HPOS="5600">
                  <String ID="string_region_1643618184620_948l15"
                          HEIGHT="164"
                          WIDTH="336"
                          VPOS="1202"
                          HPOS="5600"
                          CONTENT="15 ditto"/>
               </TextLine>
               <TextLine ID="region_1643618184620_948l16"
                         BASELINE="3578,1392 3700,1394 3823,1396 3945,1400 4068,1405 4190,1412 4313,1418 4435,1424 4558,1431 4680,1438 4803,1446 4925,1453 5048,1459 5170,1465 5293,1471 5415,1474 5538,1478 5660,1480 5783,1482 5905,1480 6028,1478"
                         HEIGHT="217"
                         WIDTH="2485"
                         VPOS="1325"
                         HPOS="3562">
                  <String ID="string_region_1643618184620_948l16"
                          HEIGHT="217"
                          WIDTH="2485"
                          VPOS="1325"
                          HPOS="3562"
                          CONTENT="eenstons become advies dat N 47: 48:49 &amp; 50 heden met de berge"/>
               </TextLine>
               <TextLine ID="region_1643618184620_948l17"
                         BASELINE="3568,1496 3689,1496 3810,1497 3932,1498 4053,1502 4175,1506 4296,1510 4417,1516 4539,1520 4660,1526 4782,1532 4903,1539 5024,1545 5146,1552 5267,1557 5389,1562 5510,1568 5631,1573 5753,1578 5874,1582 5996,1584"
                         HEIGHT="206"
                         WIDTH="2459"
                         VPOS="1408"
                         HPOS="3554">
                  <String ID="string_region_1643618184620_948l17"
                          HEIGHT="206"
                          WIDTH="2459"
                          VPOS="1408"
                          HPOS="3554"
                          CONTENT="bij ul sal wesen &amp; miets ick vrees dat die weder beletten sal dat de"/>
               </TextLine>
               <TextLine ID="region_1643618184620_948l18"
                         BASELINE="3576,1588 3698,1588 3820,1590 3943,1594 4065,1598 4188,1602 4310,1609 4432,1615 4555,1622 4677,1628 4800,1635 4922,1642 5044,1649 5167,1655 5289,1661 5412,1667 5534,1672 5656,1676 5779,1679 5901,1682 6024,1682"
                         HEIGHT="218"
                         WIDTH="2482"
                         VPOS="1503"
                         HPOS="3559">
                  <String ID="string_region_1643618184620_948l18"
                          HEIGHT="218"
                          WIDTH="2482"
                          VPOS="1503"
                          HPOS="3559"
                          CONTENT="scheepen sallen comen afcomen soo sent N47: 49 &amp; 50 te waegen"/>
               </TextLine>
               <TextLine ID="region_1643618184620_948l19"
                         BASELINE="3568,1690 3689,1694 3810,1698 3931,1702 4052,1706 4173,1710 4294,1714 4415,1718 4536,1723 4657,1726 4779,1732 4900,1736 5021,1741 5142,1746 5263,1750 5384,1756 5505,1762 5626,1768 5747,1773 5868,1779 5990,1786"
                         HEIGHT="196"
                         WIDTH="2454"
                         VPOS="1609"
                         HPOS="3553">
                  <String ID="string_region_1643618184620_948l19"
                          HEIGHT="196"
                          WIDTH="2454"
                          VPOS="1609"
                          HPOS="3553"
                          CONTENT="en laet N 48 scheep gaen doch soo het weder morgen wilde dooden"/>
               </TextLine>
               <TextLine ID="region_1643618184620_948l20"
                         BASELINE="3584,1784 3703,1791 3823,1796 3942,1802 4062,1806 4182,1810 4301,1814 4421,1816 4540,1820 4660,1822 4780,1826 4899,1828 5019,1832 5138,1836 5258,1841 5378,1845 5497,1850 5617,1857 5736,1864 5856,1873 5976,1882"
                         HEIGHT="210"
                         WIDTH="2426"
                         VPOS="1707"
                         HPOS="3569">
                  <String ID="string_region_1643618184620_948l20"
                          HEIGHT="210"
                          WIDTH="2426"
                          VPOS="1707"
                          HPOS="3569"
                          CONTENT="en dat ul dunckt dat het schip hier sal connen geraeken soo laetse"/>
               </TextLine>
               <TextLine ID="region_1643618184620_948l21"
                         BASELINE="3572,1904 3691,1904 3811,1906 3931,1906 4050,1908 4170,1912 4290,1914 4409,1917 4529,1920 4649,1924 4769,1927 4888,1931 5008,1935 5128,1940 5247,1944 5367,1947 5487,1950 5606,1954 5726,1958 5846,1961 5966,1964"
                         HEIGHT="174"
                         WIDTH="2426"
                         VPOS="1838"
                         HPOS="3556">
                  <String ID="string_region_1643618184620_948l21"
                          HEIGHT="174"
                          WIDTH="2426"
                          VPOS="1838"
                          HPOS="3556"
                          CONTENT="alle 4 te scheepe comen doch liever als in perijckel te staen soo"/>
               </TextLine>
               <TextLine ID="region_1643618184620_948l22"
                         BASELINE="3564,2008 3646,2008 3728,2008 3810,2008 3892,2010 3975,2010 4057,2012 4139,2012 4221,2014 4303,2016 4386,2018 4468,2020 4550,2022 4632,2025 4714,2028 4797,2032 4879,2036 4961,2040 5043,2042 5125,2048 5208,2052"
                         HEIGHT="158"
                         WIDTH="1678"
                         VPOS="1918"
                         HPOS="3548">
                  <String ID="string_region_1643618184620_948l22"
                          HEIGHT="158"
                          WIDTH="1678"
                          VPOS="1918"
                          HPOS="3548"
                          CONTENT="laet de 3 te woegen comen alse boven blijve."/>
               </TextLine>
               <TextLine ID="region_1643618184620_948l23"
                         BASELINE="3468,2082 3510,2080 3553,2078 3596,2076 3639,2076 3682,2074 3725,2074 3768,2072 3811,2072 3854,2072 3897,2072 3939,2072 3982,2072 4025,2074 4068,2074 4111,2075 4154,2077 4197,2078 4240,2079 4283,2080 4326,2082"
                         HEIGHT="162"
                         WIDTH="890"
                         VPOS="1957"
                         HPOS="3453">
                  <String ID="string_region_1643618184620_948l23"
                          HEIGHT="162"
                          WIDTH="890"
                          VPOS="1957"
                          HPOS="3453"
                          CONTENT="brussell Andries Aerlens"/>
               </TextLine>
               <TextLine ID="region_1643618184620_948l24"
                         BASELINE="5608,2084 5633,2082 5658,2081 5683,2080 5708,2080 5733,2080 5758,2080 5784,2082"
                         HEIGHT="166"
                         WIDTH="208"
                         VPOS="1968"
                         HPOS="5590">
                  <String ID="string_region_1643618184620_948l24"
                          HEIGHT="166"
                          WIDTH="208"
                          VPOS="1968"
                          HPOS="5590"
                          CONTENT="15d."/>
               </TextLine>
               <TextLine ID="region_1643618184620_948l25"
                         BASELINE="3556,2132 3679,2136 3803,2140 3926,2143 4050,2146 4173,2151 4297,2154 4420,2158 4544,2163 4667,2166 4791,2171 4914,2175 5038,2180 5161,2184 5285,2188 5408,2192 5532,2196 5655,2200 5779,2203 5902,2208 6026,2212"
                         HEIGHT="205"
                         WIDTH="2505"
                         VPOS="2044"
                         HPOS="3539">
                  <String ID="string_region_1643618184620_948l25"
                          HEIGHT="205"
                          WIDTH="2505"
                          VPOS="2044"
                          HPOS="3539"
                          CONTENT="sedert dat ick op 8 deser aen ul hebbe geschreven is het convoij van londen"/>
               </TextLine>
               <TextLine ID="region_1643618184620_948l26"
                         BASELINE="3544,2234 3666,2234 3789,2236 3912,2238 4035,2242 4158,2246 4280,2250 4403,2255 4526,2260 4649,2266 4772,2271 4894,2276 5017,2282 5140,2286 5263,2291 5386,2296 5508,2299 5631,2302 5754,2304 5877,2306 6000,2306"
                         HEIGHT="171"
                         WIDTH="2493"
                         VPOS="2195"
                         HPOS="3526">
                  <String ID="string_region_1643618184620_948l26"
                          HEIGHT="171"
                          WIDTH="2493"
                          VPOS="2195"
                          HPOS="3526"
                          CONTENT="gearriveert dich het vrisende weder mocht de goederen daer wel ophadt"/>
               </TextLine>
               <TextLine ID="region_1643618184620_948l27"
                         BASELINE="3568,2328 3687,2326 3807,2326 3927,2326 4047,2328 4167,2332 4286,2335 4406,2340 4526,2345 4646,2350 4766,2356 4885,2362 5005,2368 5125,2374 5245,2379 5365,2384 5484,2388 5604,2392 5724,2394 5844,2396 5964,2396"
                         HEIGHT="194"
                         WIDTH="2430"
                         VPOS="2244"
                         HPOS="3552">
                  <String ID="string_region_1643618184620_948l27"
                          HEIGHT="194"
                          WIDTH="2430"
                          VPOS="2244"
                          HPOS="3552"
                          CONTENT="ingesloten sijn staelen vande 2 sijne campaie couleure lakens die"/>
               </TextLine>
               <TextLine ID="region_1643618184620_948l28"
                         BASELINE="3558,2440 3680,2432 3802,2428 3924,2428 4047,2428 4169,2432 4291,2437 4414,2442 4536,2449 4658,2456 4781,2463 4903,2471 5025,2477 5147,2484 5270,2488 5392,2492 5514,2494 5637,2494 5759,2492 5881,2486 6004,2478"
                         HEIGHT="182"
                         WIDTH="2476"
                         VPOS="2338"
                         HPOS="3543">
                  <String ID="string_region_1643618184620_948l28"
                          HEIGHT="182"
                          WIDTH="2476"
                          VPOS="2338"
                          HPOS="3543"
                          CONTENT="tot 12 del te coop sijn de baejen sijn meestal vercocht van de prijsen"/>
               </TextLine>
               <TextLine ID="region_1643618184620_948l29"
                         BASELINE="3554,2532 3671,2526 3788,2522 3905,2522 4022,2522 4139,2524 4256,2526 4373,2530 4490,2537 4607,2542 4724,2548 4841,2556 4958,2561 5075,2568 5192,2574 5309,2580 5426,2584 5543,2587 5660,2588 5777,2588 5894,2588"
                         HEIGHT="205"
                         WIDTH="2374"
                         VPOS="2440"
                         HPOS="3538">
                  <String ID="string_region_1643618184620_948l29"
                          HEIGHT="205"
                          WIDTH="2374"
                          VPOS="2440"
                          HPOS="3538"
                          CONTENT="sorecktmendifferent doch mij dunckt het minsten ƒ45 boven het"/>
               </TextLine>
               <TextLine ID="region_1643618184620_948l30"
                         BASELINE="3558,2630 3648,2628 3739,2625 3830,2624 3921,2622 4012,2622 4103,2622 4194,2622 4285,2624 4376,2625 4467,2628 4557,2630 4648,2632 4739,2636 4830,2640 4921,2644 5012,2648 5103,2654 5194,2659 5285,2665 5376,2670"
                         HEIGHT="188"
                         WIDTH="1852"
                         VPOS="2530"
                         HPOS="3540">
                  <String ID="string_region_1643618184620_948l30"
                          HEIGHT="188"
                          WIDTH="1852"
                          VPOS="2530"
                          HPOS="3540"
                          CONTENT="oft doch icks tot ul dienst commandeert die blijve"/>
               </TextLine>
               <TextLine ID="region_1643618184620_948l31"
                         BASELINE="3466,2736 3516,2733 3567,2730 3617,2728 3668,2726 3718,2724 3769,2724 3819,2724 3870,2724 3920,2724 3971,2724 4021,2726 4072,2726 4122,2728 4173,2729 4223,2730 4274,2732 4324,2733 4375,2734 4425,2734 4476,2734"
                         HEIGHT="157"
                         WIDTH="1041"
                         VPOS="2606"
                         HPOS="3452">
                  <String ID="string_region_1643618184620_948l31"
                          HEIGHT="157"
                          WIDTH="1041"
                          VPOS="2606"
                          HPOS="3452"
                          CONTENT="brussel wed. vander borght"/>
               </TextLine>
               <TextLine ID="region_1643618184620_948l32"
                         BASELINE="5576,2766 5601,2767 5626,2766 5651,2766 5676,2766 5701,2767 5726,2772"
                         HEIGHT="128"
                         WIDTH="184"
                         VPOS="2672"
                         HPOS="5559">
                  <String ID="string_region_1643618184620_948l32"
                          HEIGHT="128"
                          WIDTH="184"
                          VPOS="2672"
                          HPOS="5559"
                          CONTENT="13d"/>
               </TextLine>
               <TextLine ID="region_1643618184620_948l33"
                         BASELINE="3570,2812 3689,2812 3808,2813 3927,2814 4046,2818 4165,2820 4284,2826 4403,2830 4522,2836 4641,2841 4761,2848 4880,2854 4999,2860 5118,2866 5237,2872 5356,2876 5475,2882 5594,2885 5713,2888 5832,2890 5952,2892"
                         HEIGHT="243"
                         WIDTH="2415"
                         VPOS="2719"
                         HPOS="3555">
                  <String ID="string_region_1643618184620_948l33"
                          HEIGHT="243"
                          WIDTH="2415"
                          VPOS="2719"
                          HPOS="3555"
                          CONTENT="ul aengenaemen wel ontfangen, gelieft ul het ½ wit flanel"/>
               </TextLine>
               <TextLine ID="region_1643618184620_948l34"
                         BASELINE="3576,2914 3646,2916 3717,2918 3788,2920 3858,2922 3929,2924 4000,2924 4070,2926 4141,2926 4212,2928 4283,2929 4353,2930 4424,2932 4495,2934 4565,2936 4636,2939 4707,2942 4777,2946 4848,2949 4919,2955 4990,2960"
                         HEIGHT="191"
                         WIDTH="1449"
                         VPOS="2822"
                         HPOS="3559">
                  <String ID="string_region_1643618184620_948l34"
                          HEIGHT="191"
                          WIDTH="1449"
                          VPOS="2822"
                          HPOS="3559"
                          CONTENT="niet tot 15½ soo dat dat ul belloft"/>
               </TextLine>
               <TextLine ID="region_1643618184620_948l35"
                         BASELINE="3480,3016 3524,3016 3569,3016 3613,3016 3658,3018 3703,3018 3747,3020 3792,3022 3836,3024 3881,3026 3926,3028 3970,3030 4015,3032 4059,3034 4104,3034 4149,3036 4193,3036 4238,3036 4282,3036 4327,3036 4372,3034"
                         HEIGHT="151"
                         WIDTH="926"
                         VPOS="2930"
                         HPOS="3464">
                  <String ID="string_region_1643618184620_948l35"
                          HEIGHT="151"
                          WIDTH="926"
                          VPOS="2930"
                          HPOS="3464"
                          CONTENT="Amsterdam geraerdt rover"/>
               </TextLine>
               <TextLine ID="region_1643618184620_948l36"
                         BASELINE="5360,3034 5389,3035 5418,3036 5448,3036 5477,3036 5507,3036 5536,3036 5565,3036 5595,3035 5624,3034 5654,3034 5683,3034 5712,3035 5742,3036 5771,3036 5801,3038 5830,3039 5859,3041 5889,3044 5918,3048 5948,3052"
                         HEIGHT="200"
                         WIDTH="620"
                         VPOS="2911"
                         HPOS="5344">
                  <String ID="string_region_1643618184620_948l36"
                          HEIGHT="200"
                          WIDTH="620"
                          VPOS="2911"
                          HPOS="5344"
                          CONTENT="Adij 17 xber 1696"/>
               </TextLine>
               <TextLine ID="region_1643618184620_948l37"
                         BASELINE="3564,3106 3683,3108 3803,3110 3922,3112 4042,3114 4161,3116 4281,3116 4400,3118 4520,3118 4639,3120 4759,3120 4878,3122 4998,3124 5117,3126 5237,3130 5356,3133 5476,3138 5595,3143 5715,3150 5834,3156 5954,3164"
                         HEIGHT="161"
                         WIDTH="2422"
                         VPOS="3022"
                         HPOS="3547">
                  <String ID="string_region_1643618184620_948l37"
                          HEIGHT="161"
                          WIDTH="2422"
                          VPOS="3022"
                          HPOS="3547"
                          CONTENT="op 13 deser hebbe ul geremitteert 800 ducaten in 2 brieven, waer van"/>
               </TextLine>
               <TextLine ID="region_1643618184620_948l38"
                         BASELINE="3562,3188 3679,3192 3797,3196 3915,3200 4033,3204 4151,3206 4268,3210 4386,3212 4504,3215 4622,3218 4740,3220 4857,3222 4975,3224 5093,3226 5211,3228 5329,3231 5446,3233 5564,3236 5682,3238 5800,3242 5918,3246"
                         HEIGHT="149"
                         WIDTH="2388"
                         VPOS="3122"
                         HPOS="3547">
                  <String ID="string_region_1643618184620_948l38"
                          HEIGHT="149"
                          WIDTH="2388"
                          VPOS="3122"
                          HPOS="3547"
                          CONTENT="den eenen 15 deser is vervallen ten lasse contonio de p into inden"/>
               </TextLine>
               <TextLine ID="region_1643618184620_948l39"
                         BASELINE="3576,3284 3696,3284 3816,3286 3936,3288 4057,3290 4177,3293 4297,3296 4418,3299 4538,3304 4658,3308 4779,3312 4899,3316 5019,3320 5139,3324 5260,3328 5380,3332 5500,3336 5621,3338 5741,3340 5861,3344 5982,3344"
                         HEIGHT="127"
                         WIDTH="2437"
                         VPOS="3227"
                         HPOS="3559">
                  <String ID="string_region_1643618184620_948l39"
                          HEIGHT="127"
                          WIDTH="2437"
                          VPOS="3227"
                          HPOS="3559"
                          CONTENT="hage geaddresscort bij manuel bentivoolio in Amst. hope de selve ul sijn"/>
               </TextLine>
               <TextLine ID="region_1643618184620_948l40"
                         BASELINE="3548,3380 3670,3378 3793,3378 3915,3378 4038,3380 4161,3382 4283,3384 4406,3386 4528,3391 4651,3395 4774,3400 4896,3405 5019,3410 5141,3416 5264,3422 5387,3427 5509,3434 5632,3439 5754,3445 5877,3449 6000,3454"
                         HEIGHT="207"
                         WIDTH="2489"
                         VPOS="3306"
                         HPOS="3529">
                  <String ID="string_region_1643618184620_948l40"
                          HEIGHT="207"
                          WIDTH="2489"
                          VPOS="3306"
                          HPOS="3529"
                          CONTENT="geworden, sedert hebbende ontfangen duwe van 13 &amp; 14 ditto waerbij gesien"/>
               </TextLine>
               <TextLine ID="region_1643618184620_948l41"
                         BASELINE="3560,3464 3676,3466 3793,3470 3910,3472 4027,3476 4144,3479 4261,3483 4378,3486 4495,3490 4612,3494 4729,3498 4845,3502 4962,3506 5079,3511 5196,3516 5313,3522 5430,3526 5547,3532 5664,3538 5781,3544 5898,3550"
                         HEIGHT="164"
                         WIDTH="2368"
                         VPOS="3403"
                         HPOS="3545">
                  <String ID="string_region_1643618184620_948l41"
                          HEIGHT="164"
                          WIDTH="2368"
                          VPOS="3403"
                          HPOS="3545"
                          CONTENT="dat men op londen onder 35 ƒ9 a 9½ niet heeft connen doen: ick dencke voor"/>
               </TextLine>
               <TextLine ID="region_1643618184620_948l42"
                         BASELINE="3552,3562 3672,3562 3793,3562 3914,3564 4035,3566 4156,3568 4277,3572 4398,3574 4519,3579 4640,3583 4761,3588 4881,3594 5002,3600 5123,3604 5244,3612 5365,3618 5486,3624 5607,3631 5728,3638 5849,3644 5970,3650"
                         HEIGHT="173"
                         WIDTH="2450"
                         VPOS="3513"
                         HPOS="3536">
                  <String ID="string_region_1643618184620_948l42"
                          HEIGHT="173"
                          WIDTH="2450"
                          VPOS="3513"
                          HPOS="3536"
                          CONTENT="ontfanck deser costij engelse brieven sijn en dat door de selve eenige dalirge"/>
               </TextLine>
               <TextLine ID="region_1643618184620_948l43"
                         BASELINE="3564,3654 3682,3654 3800,3654 3918,3654 4037,3656 4155,3658 4273,3660 4392,3664 4510,3666 4628,3671 4747,3675 4865,3680 4983,3684 5101,3688 5220,3694 5338,3698 5456,3704 5575,3709 5693,3715 5811,3720 5930,3726"
                         HEIGHT="146"
                         WIDTH="2397"
                         VPOS="3579"
                         HPOS="3549">
                  <String ID="string_region_1643618184620_948l43"
                          HEIGHT="146"
                          WIDTH="2397"
                          VPOS="3579"
                          HPOS="3549"
                          CONTENT="sal voor vallen, soo niet &amp; dat ul voor mij noch naets hebt a gegeven soo"/>
               </TextLine>
               <TextLine ID="region_1643618184620_948l44"
                         BASELINE="3542,3746 3663,3749 3785,3751 3906,3752 4028,3754 4150,3756 4271,3758 4393,3760 4514,3760 4636,3762 4758,3764 4879,3766 5001,3768 5122,3771 5244,3774 5366,3777 5487,3780 5609,3784 5730,3789 5852,3795 5974,3800"
                         HEIGHT="163"
                         WIDTH="2465"
                         VPOS="3668"
                         HPOS="3526">
                  <String ID="string_region_1643618184620_948l44"
                          HEIGHT="163"
                          WIDTH="2465"
                          VPOS="3668"
                          HPOS="3526"
                          CONTENT="dilaeert het noch eenigen tijdt tot dat ul sal oordeelen het best geraeden"/>
               </TextLine>
               <TextLine ID="region_1643618184620_948l45"
                         BASELINE="3558,3824 3677,3828 3796,3832 3916,3836 4035,3840 4155,3844 4274,3846 4393,3850 4513,3852 4632,3856 4752,3858 4871,3862 4990,3864 5110,3866 5229,3870 5349,3872 5468,3876 5587,3880 5707,3883 5826,3886 5946,3892"
                         HEIGHT="137"
                         WIDTH="2424"
                         VPOS="3783"
                         HPOS="3541">
                  <String ID="string_region_1643618184620_948l45"
                          HEIGHT="137"
                          WIDTH="2424"
                          VPOS="3783"
                          HPOS="3541"
                          CONTENT="maer en can het niet wel geschieden voor de kerstijdt, soo magh het daer"/>
               </TextLine>
               <TextLine ID="region_1643618184620_948l46"
                         BASELINE="3552,3894 3674,3902 3796,3909 3918,3915 4041,3920 4163,3926 4285,3930 4408,3934 4530,3938 4652,3941 4775,3944 4897,3948 5019,3950 5141,3954 5264,3956 5386,3960 5508,3964 5631,3968 5753,3972 5875,3978 5998,3984"
                         HEIGHT="163"
                         WIDTH="2479"
                         VPOS="3859"
                         HPOS="3536">
                  <String ID="string_region_1643618184620_948l46"
                          HEIGHT="163"
                          WIDTH="2479"
                          VPOS="3859"
                          HPOS="3536"
                          CONTENT="naer wesen en sal het prieeren wat uijtstellen, der alven doet als vooreijgen"/>
               </TextLine>
               <TextLine ID="region_1643618184620_948l47"
                         BASELINE="3550,3994 3669,3996 3789,3998 3908,4002 4028,4004 4148,4008 4267,4012 4387,4016 4506,4020 4626,4024 4746,4029 4865,4033 4985,4037 5104,4041 5224,4046 5344,4050 5463,4054 5583,4058 5702,4062 5822,4065 5942,4068"
                         HEIGHT="154"
                         WIDTH="2421"
                         VPOS="3922"
                         HPOS="3535">
                  <String ID="string_region_1643618184620_948l47"
                          HEIGHT="154"
                          WIDTH="2421"
                          VPOS="3922"
                          HPOS="3535"
                          CONTENT="de corste remise, hebbe tot u schade gedaen d'andere a parij, de cours van heden"/>
               </TextLine>
               <TextLine ID="region_1643618184620_948l48"
                         BASELINE="5930,4104 5970,4112"
                         HEIGHT="52"
                         WIDTH="84"
                         VPOS="4068"
                         HPOS="5911">
                  <String ID="string_region_1643618184620_948l48"
                          HEIGHT="52"
                          WIDTH="84"
                          VPOS="4068"
                          HPOS="5911"
                          CONTENT="en"/>
               </TextLine>
               <TextLine ID="region_1643618184620_948l49"
                         BASELINE="3562,4078 3683,4078 3804,4080 3925,4082 4046,4084 4168,4088 4289,4092 4410,4096 4531,4100 4652,4104 4774,4109 4895,4113 5016,4118 5137,4122 5258,4126 5380,4130 5501,4133 5622,4136 5743,4138 5864,4140 5986,4142"
                         HEIGHT="175"
                         WIDTH="2456"
                         VPOS="4011"
                         HPOS="3546">
                  <String ID="string_region_1643618184620_948l49"
                          HEIGHT="175"
                          WIDTH="2456"
                          VPOS="4011"
                          HPOS="3546"
                          CONTENT="hier onder, sien hoe het fulliciment van palinck van madrit costij 2 gecaus"/>
               </TextLine>
               <TextLine ID="region_1643618184620_948l50"
                         BASELINE="3570,4152 3691,4157 3813,4162 3934,4167 4056,4172 4178,4175 4299,4178 4421,4182 4542,4184 4664,4188 4786,4190 4907,4192 5029,4196 5150,4198 5272,4201 5394,4204 5515,4208 5637,4211 5758,4215 5880,4219 6002,4224"
                         HEIGHT="137"
                         WIDTH="2464"
                         VPOS="4096"
                         HPOS="3553">
                  <String ID="string_region_1643618184620_948l50"
                          HEIGHT="137"
                          WIDTH="2464"
                          VPOS="4096"
                          HPOS="3553"
                          CONTENT="beeft, men ul hier beducht datter meer uijt sullen volgen, godt wel de vloet"/>
               </TextLine>
               <TextLine ID="region_1643618184620_948l51"
                         BASELINE="3572,4242 3694,4244 3816,4248 3938,4250 4060,4254 4182,4256 4304,4260 4426,4264 4548,4266 4670,4270 4792,4272 4914,4276 5036,4280 5158,4282 5280,4286 5402,4288 5524,4292 5646,4294 5768,4296 5890,4298 6012,4300"
                         HEIGHT="133"
                         WIDTH="2471"
                         VPOS="4180"
                         HPOS="3557">
                  <String ID="string_region_1643618184620_948l51"
                          HEIGHT="133"
                          WIDTH="2471"
                          VPOS="4180"
                          HPOS="3557"
                          CONTENT="en gallionen tuys behoude comste geven, anders soude het overal quagtwerck"/>
               </TextLine>
               <TextLine ID="region_1643618184620_948l52"
                         BASELINE="3568,4328 3689,4332 3810,4336 3931,4338 4052,4342 4173,4344 4294,4346 4415,4348 4536,4350 4657,4352 4779,4354 4900,4356 5021,4356 5142,4358 5263,4360 5384,4362 5505,4364 5626,4366 5747,4368 5868,4370 5990,4372"
                         HEIGHT="138"
                         WIDTH="2453"
                         VPOS="4278"
                         HPOS="3552">
                  <String ID="string_region_1643618184620_948l52"
                          HEIGHT="138"
                          WIDTH="2453"
                          VPOS="4278"
                          HPOS="3552"
                          CONTENT="maecken. de groote franse tocrustingen te water en te landen, voorsege on"/>
               </TextLine>
               <TextLine ID="region_1643618184620_948l53"
                         BASELINE="3552,4408 3672,4411 3793,4414 3914,4416 4034,4420 4155,4422 4276,4424 4396,4426 4517,4428 4638,4430 4759,4432 4879,4434 5000,4434 5121,4436 5241,4437 5362,4438 5483,4438 5603,4438 5724,4440 5845,4440 5966,4440"
                         HEIGHT="114"
                         WIDTH="2444"
                         VPOS="4353"
                         HPOS="3537">
                  <String ID="string_region_1643618184620_948l53"
                          HEIGHT="114"
                          WIDTH="2444"
                          VPOS="4353"
                          HPOS="3537"
                          CONTENT="genen vreede, daer en tusschen geloove dit vrisent weder het water in hollant"/>
               </TextLine>
               <TextLine ID="region_1643618184620_948l54"
                         BASELINE="3562,4476 3683,4478 3804,4480 3926,4482 4047,4484 4169,4486 4290,4488 4411,4490 4533,4492 4654,4494 4776,4496 4897,4496 5018,4498 5140,4498 5261,4498 5383,4496 5504,4495 5625,4492 5747,4488 5868,4484 5990,4478"
                         HEIGHT="80"
                         WIDTH="2459"
                         VPOS="4418"
                         HPOS="3546">
                  <String ID="string_region_1643618184620_948l54"
                          HEIGHT="80"
                          WIDTH="2459"
                          VPOS="4418"
                          HPOS="3546"
                          CONTENT="overal al reede sal hebben gesloten sullen de ongelse niet moeten remitteeren tot"/>
               </TextLine>
            </TextBlock>
         </PrintSpace>
      </Page>
   </Layout>
</alto>
