7911 4584
2190 141 924 137 Adij 14 Julij A 1695

762 135 889 149 londen Jan du maister

1023 254 2294 125 den 7 deser was aen u.l mijnen lesten sedert geen van u.l ick

1017 332 2265 167 hebbe u dan te hennengegeven den vercoop van de coriijne wol

1037 450 2252 118 waer van de ingestote rekeninge de prevenie sijnde ƒ60

792 449 124 170 45

1045 522 2260 130 wisselgelt salva vore en sonder mijne preinditie, het proffijdt en

1036 581 2279 157 sal niet groot sijn soo de partije u cost gelijck de facture is, daeren

1023 635 2274 149 in hostandt wort het versocht ƒ3:5 a 3:10. ick hope dat onse

1034 754 2276 135 schepen van ostenden wel bij ul sijn gearriveert, en dat gij suijcken

1047 808 2253 197 sult gelaeden hebben wachtende van u.l advies wat passeert blij

798 891 879 164 Ata Jophep dan marien

2820 944 147 102 14 d

1022 940 2281 227 sil ce presenta hauiordui occasion pour tiere fur tta a 0 ¼ perceni

1024 1072 2281 189 parte e comme eet gmis hura ancor eet occasion la eemain

1027 1182 2184 145 proune ie trova bon de vous en avertier pour savoir

1041 1251 2251 160 ie vous cere servier que ie tire sur vous sur cous ie ieu

1034 1325 2165 148 attendent voutre reponse, meime ie revoudrire que ie

1035 1424 2143 117 tridre peu que ce que vous me de ve pour payer icj

1017 1500 2131 138 a voutre ordre ie v pour a present bien a sorti de

1011 1601 1873 168 tout sorts de marchandise, e encour occasion

2772 1680 189 128 14d

754 1674 1343 220 Cortrijck de weduwe Anthonij caussee

1037 1719 2178 181 ick hebbe u.l voor gisteren geschreven dat wij het packen A.C

1035 1866 2159 109 met haerlemse smallekens niet conde verclaren omdat wij

1039 1923 2159 135 niet en wisten de quantitijdt en qualitijdt: sedert heb ick goet

1041 2004 2270 150 gedacht ende iemant ee pres naer lillo gesonden, ende gesien hebbe

993 2091 2202 152 de fabricke soo sijn de selve volgens het placaet op a 20 voor 2

1035 2218 2171 114 stuck gereduceert en is het packeen hier gearriveert ende oock

1020 2260 2268 167 heden naer gent vertrocken aen mons: coenaert de moermeesten

1012 2343 2284 143 om aen u.l citisfime voorts te senden het was maer in gran

1023 2431 2275 165 pampier gepackt, ende ick hebbe daer een canifas cleecken om

1030 2510 2281 162 gedaen, de oncosten sijn betaelt aen conincke rechten ƒ16:2

1023 2598 2257 169 tol, lossen, en voeren ƒ20 stuijvers wacht en paspoort van

1007 2710 2268 122 rotterdam ƒ2:- provisie en brief poorten ƒ1:4 bedraght

1021 2800 2172 159 courant gelt ƒ20:6. waervoor mij gelieft te crediteren

1030 2909 2207 122 den heere wislet u behouden ter handt brengen, isser iet

1032 2999 2278 173 anders tot u.l dienst gelieft te commanderen ben present

1024 3093 2285 199 seer wel voorsien van alle sorten van Engelsche manifach

1017 3192 2103 167 ende principaelijck van hollansche super fijne swerten

1015 3316 2295 157 carmosijne ende blouwe, ende oock van een groote quantitj

1011 3388 2287 125 inlansche swerte, ick wenste wel dat u.l nu het noodichhadde

1029 3454 2138 165 want ick voorseker ben dat ick u.l present seer wel soude

1024 3548 2155 155 connen dienen, daer en tusschen is de wissel op eEngelandt soo

1026 3648 2224 151 favorabel te weten tot t 28:- het welck aenwmeert om al

1031 3721 2259 144 te imploiren dat men liggen en rueren heeft, daerom moet ick

1011 3827 2240 151 u.l oock bidden mij te willen senden eenige remisen op het

1003 3908 2245 181 alder spoedichte eer die wissel verandert want dat soude mij

1006 3990 2255 174 terstont connen 5 a 6 percento differen daerom versoecke van

1020 4086 2163 156 dese vrinschap, ick hope gij mij niet weijgeremen sult

1011 4114 183 102 laet

1014 4150 1525 176 wint mij hier op verlaete ende blijve.

5389 158 539 126 14 July 1695

3324 149 1074 149 londen wall & will kent

3504 190 2347 169 sence my last of 11 curt rec yous of 28 past with accompt & patt

3508 293 2402 147 of N79: 80 & N81 all which is wels, butt the fine grayes totw

3499 365 2439 197 patt N7 are to light, & not blew enough send no more to that N. butt

3513 423 2445 203 above all to N 4 & 5, all the patt looke in gennerall vere thread beare

3490 527 2468 142 so that I am in a great feare to finde bad goods, therefore I would rather

3491 599 2424 202 have bonght the less, butt above all the fines, N9, 12 & the order of 16

3490 686 2375 222 I une compleated, which pray observe, in the nord you have onley to

3501 783 2391 222 provide 2 packs of northrens clothes to my order of 20 june viz 24

3498 848 2430 219 single dizens of about 5 p & 24 of about 4 p shalf of each in

3487 972 2388 173 each pack of which the darck grayes to N1, 2e 3 may not be lighter

3491 1043 2433 233 then the patt for these in N45 & 52 are not darck enough, there

3476 1127 2423 211 fore some maij bee next to mush, & in each pack att least 10 a 12

3471 1217 2370 252 such graijes 2 mushs & the rest to the followinge Numbres of 20

3497 1302 2342 262 ine further a pack of kersies formerley montioned & obayes

3501 1401 2376 254 42 a 48t 10„ 5 a 36  & 20 & the bayes of which I writt you

3498 1492 2429 209 7 cur to be 10 of 46 a 48 8 10 of 5 a 36 a & 20 from 38 to 42

3506 1574 2455 271 s8 which 4 packs N 32 now att hce is what p insend this year

3482 1686 2385 239 from the nord therefore gett them readdy for the sist convoyes

3489 1774 2384 208 for holland I did exspect that with the new wool all sorts y

3507 1852 2382 247 goods should be cheaper & plentier if you finde the contrarie

3491 1956 2411 184 wee must have patience & desire you so menage my intrest al your

3488 2051 2388 172 owne & advise mee from time to time how the prises rule that

3490 2136 2399 233 fmight dispose here accordingley & if span clothes are to be exspected

5193 2227 58 54 de

3483 2221 2468 205 cheaper & plentier within a month or two so  not so hasty to complea

3499 2326 2403 192 te them orders for the first convoij for ostend, I wonder youd send never

3495 2392 2458 198 some patt of new cullours which I so of ten desired you to dor

3493 2513 2327 198 when ever a new cullour peeps out, you wild send mee a past

3489 2610 2380 209 in which you ae all wayes balewards, pray minde that better for

3497 2712 2422 194 the future I wonder you have give no accont of our ostendish convoy

5578 2797 227 64 Cme

3485 2811 2403 161 which ought to have been yoith you before your cletter ees oul

3487 2937 2432 175 I wish them well & soon returned shall remitt you p next, your note

3511 3014 1453 188 of remises agrees with my boocks I res

5037 3048 198 176 14 d

3293 3111 766 176 Rott: abraam de bra

3499 3221 2418 139 den uwen van 8 deser wel ontfangen als mede de 2 packen N.6

3502 3341 2395 120 en 45 doch met verwonderinge het pack N°5 gearriveert van londen

3493 3427 2410 119 int schip van marcus maiens noch niet vernomen, en alsoo ick

3495 3491 2432 156 daer seer om ben verlegen, soo bidde alle mogelijcke expeditie daer

3498 3567 2467 188 tot te besorgen en den ingeslotene voortganck heeghven, informer

3492 3654 2333 174 mij oock per eersten wanneer convoij naer hul gegeve soo

3497 3731 2349 218 te worden om mijn messures te nemen enden ingeslotene

3480 3817 1055 169 voortganck te geven blijve.
