7825 4625
5887 197 73 57 3

3504 171 808 144 in Wall & Will kent

5262 203 550 123 20 June 1695

3532 221 2355 195 vence my last in the 16 cur, reed yours of 4 d & 30 past godsend the

3526 326 2337 148 convoij from hull well to arrive att Amst the wind is good hope

3518 412 2463 140 ƒ43 shall come in time of which exspect to know what past whilst

3495 492 2380 161 I wonder you sended no account yett of the 5o kessies wantinge

3513 565 2371 164 my orders, though I know you have so fast a quantitie on hand

3519 660 2377 180 pray lett mee be no looser there by & tase not your advantage

3514 771 2485 144 to great, inclised patt & instructions for 48 single dozine „3 4 when

3522 867 2447 140 of for london & 2u for hull where in pray be expedient for I shall

3515 964 2389 136 order more p first & loose no time to have them for first convoy for

3516 1027 2401 161 ostend the convoy from london is arrived att Rott & have receaved

3501 1105 2417 163 the goods come by way of ostend, finde them vre deare conssesfull

3504 1198 2386 166 of qualities that not please, yett pray take as much paines as you

3513 1309 2410 126 can to help us for wee can not make prises to risen here, you must

3510 1390 2455 156 doe all you can to accomplis my order for first convoj for ostend, att

3491 1450 2454 151 legst 10 packwhites EE yeallow marck 40 a 58 wise fhannels

5361 1549 416 75 9 woster riest

3491 1571 2445 163 from 13 to 28 pence the swanskins & devons hix bayes esparish

3503 1644 2102 177 clothes with those 24 dozens in exspecdation where of

3390 2202 727 150 erdam geraert Rovers

5117 2282 96 92 als

3523 2258 2350 186 voor 4 ¼ spaensche lakens ieder a 45 de werde geadviseert, en n°72

3497 2358 2481 162 voor 8 ½ spaensche lakens ieder a 45 sonder van eenige dosijnkens te vermaenen

3517 2465 2410 151 doet als voor eijgen want mij en last geen raesie verclaert als per mij

3519 2532 2358 149 laeste oft als voyen sonder van dosijnkens de welden naer geraeden

3518 2611 2441 194 en bidde doet mij de vrinschop morgen te adviseren wat passeert want

3506 2654 1254 168 ben om dese packen seer verlegen.

5302 2747 346 85 20 Juny

3329 2727 1075 175 Brussel Anthoin Rousseau

3500 2750 2340 241 en responce a les vres de 16 & 17 cour i'attend les lettres l rentes en

3492 2865 2399 181 conformise, ie vous renvoye la lettre sur le s schaep, qui payera en suitte

3490 2954 2400 215 quil est indorse, on a pa point de change sur mactone pour depistoles

3478 3020 1885 210 on ne veut rien donner a present ie vous salue & suis

5216 3145 119 66 24

3323 3159 1051 184 euven Adriaen Everaerts

3511 3228 2393 177 in antwort aen den uwen van 15 deser alle mijne bruijne lakens

3505 3362 2350 132 met dit convoije gearriveert sijn vercocht maer ick verwachte

3488 3452 2439 132 overmorgen over hollant noch 2 packen. sal u.l dan senden het

3489 3518 2475 117 gene u.l waght te weten een bruyn sijn eenige staelkens

3480 3599 2483 145 van modeste coleuren. ick heb wallenus noch niet vernomen naer groe

3334 3650 621 140 tenisse blijve.

3334 3723 853 133 orgen iacus trivier

3505 3769 2449 187 ick hebte den uwen van 18 deser vervolgens den welcken gij gede

3484 3917 2495 127 =biteert tijdt £50:2:9 ontfangen van wegens de weduwe bistons

3492 3975 2481 111 waer voor ick de remise sal verwachten op brussel tot soo wijnich verlies

3494 4035 2438 194 als mogelijck sal sijn biddende mijn intrest te minageren als

3490 4135 2482 163 eijgen want wij verliesen veel daer en tusschen ick wille dat gij voldae

3479 4192 2390 175 sijdt van noren cant wat dat gij hebt alle voldoenige met de goeij

3492 4251 1536 145 gratie dich hebbe van u dienst te doen.
