8084 4665
2287 169 928 111 Adij 6 maij A 1695

573 165 1248 161 London Walter Rvilliam kent

863 237 2403 128 wee have 6 of maij letters of 15 of 18 & 22 April beinge taken by the

864 308 2354 167 french is a bove copie of mij letter of 18 past & inclosed second bils

858 396 2415 136 of the first then remitted for with procured the needfull, haveinge non

855 524 2395 110 from you referre you to my last of 2 courant & to the memorandum

870 547 2327 146 & instructions then send for the providinge of severall goods boath

862 622 2400 152 in the north & att london to bee shipped by the first c onvoy asthen

857 731 2344 150 expressed, all w. snow confirme & desire you to actt in all al you

855 784 2317 113 shall iuge the best for mee, the schips from London are, god bee

880 893 2304 113 thanked, well arrived att ostend, al I hope to understand to morrow

873 966 2341 111 that the great convoij shall bee arrived in holland inclos  200

879 1022 2296 176 on John Cambert en st £w0- on Lions & geneve, procure

893 1125 1366 166 indedfull, shall remittte very ween & rest

2860 1183 293 145 6 ditto

601 1230 863 165 leeds thomas ootter

2003 1271 129 109 the

869 1274 2383 183 mij last to you was on the 2 court w other & instruction for

868 1400 2386 139 36 single dosens p white bayes & 50 white kersies as then exptessed

868 1493 2353 128 wch by these sconfirme, desiringe you to take the best measures

878 1602 2347 117 for my best advantage, to bee forwarded by the first convo: for

888 1632 2412 155 holland where I hope to understand to marrow that the hull sleet shall

874 1732 2387 127 bee arrived, whilst inclosed remitt you s £100:- on sames barbot

887 1816 2417 174 in london procured the needfull & advise what passes to no belspreson

1489 1897 656 120 bis they at chass said

2908 1901 257 130 6 ditto

633 1898 885 181 hull William Johnson

881 1930 2420 171 I have beforc jours of 19 march & 4 april last wh the acc of charges

856 2032 2403 141 & ensurance of mij 4 packes shipped for Amst., w. m. potter  hath

884 2128 2361 154 donne you good, al itt advises to mee, soo pleased to discharges mij acct

872 2199 2345 166 accordinley, as you shall all with finde your remboursement bij hin to

878 2306 2406 153 keep no particulaire acc. with you the ensurance is to musth in cas

892 2378 2337 171 oij tol wee receaves butt £ 86: for £100 as itt is in london wch

872 2472 2421 180 pleased to significt to mee when you write againe, as asso ul at presen

898 2546 2371 150 br. s shipping for holland, of wch pleased also to acquant m. potter, that

888 2616 2380 161 it might prepare the goods sordered accordinley ytt I desire you to

879 2727 2380 122 ship non of mij pack till convoij present to depart that so my goods

874 2781 2404 146 maij bee shipped by the first departinge convoy either Amst. or rist.

940 2919 2356 104 thought s'all wages rother shipped for Amst of jtt you beinge upon

909 2959 2358 147 the lace can take the best measures that no the opportutitielf

894 3061 2367 118 the first convoij bee last, there fore keept the goods alhore, till you

902 3153 2343 134 beshare of a god convoij, I hope the last ships well arrived in holland

1141 3220 112 72 beatt

1068 3240 72 53 Ea

885 3211 2383 163 of wee so understent to marrow m. metkalt served a longe the m. kent

903 3275 2317 149 in London in shijppinge of there goods, praij leet mee knotw if you shall

889 3358 2404 152 ship of for them also because they have either to bought for mee

900 3433 2404 159 att leeds & al still I doe, to take my measures accordinley in the rdinge

884 3519 2417 145 the risico not to ship above one pack in one vessel pleased bj others thous

2987 3615 260 118 8 ditto

910 3606 1270 171 bee ssupped in the same whilst I rest.

637 3703 795 156 brugge raphael Coots

902 3707 2380 178 op 6 deser hebbe ick aen ul geremitteert de gementioneerde ƒ430:- ten

890 3829 2374 139 laste Andries de buck sedert den ul van selven dato ontfangen en dien

902 3950 2386 85 volgens sien ick de 4 haestige packen op spoedichste te gemoet ingesloten een

890 4010 2360 92 brief dan Ph: brieno moens met mijn ontwort gelieft de noodige

909 4061 2386 120 ordre te stellen & laet dat par bargie over costij naer gent voortgaen

904 4151 2386 124 soo het den schipper niet en brenght tot brugge omdat hij mij dunckt een

900 4221 2376 121 oft ende naer is, mijn cognossement en examineerende beomde de selve meest

882 4293 2416 128 al op ost ende geteeclent te sijn, sijnde de selve hier ingesloten oft eenige

894 4427 2324 60 van haestige packen daer conden geloft worden, soo gelieft vervolgens voor

5851 162 136 77 270

3474 167 2548 156 de selve ordre naer advenant te stellen want het spaens goet is maer gemeen goet

3469 244 2468 118 daer niet veel op can te seggen vallen twijffele oft geene vrinden van hier naer

3484 361 2521 128 costij sijn om thien goet te verhaetten, alsoo hier alles opt hooghst noodigh is desalven

3474 419 2498 149 moet ul voor mij sorgen, ick ben van gevoelen dat alina en pauleven sullen

3469 561 2505 98 voorgaen & dat sulckx aen de lakengoederen beletsel sal veroorsaecken niet tegen

3459 637 2544 107 staende verwachte ul doen sal al wat mogelijck is, self eenige laken packen tot

3484 696 2514 133 estende te doen lossen & verclaren, soo daer noch eenige scheepen ligge soo eenige

3477 763 2510 106 andere packen voor come laet sonder tijdt verlies alles p. bargie opgent

3482 839 2528 158 gaen, dobbelaer hadde geerne gehadt een ordre om eenige packen mede te brenge

3482 945 2459 98 doch ick vonde dat niet geraeden, om dat mij dunckt de bargie & waegens

3478 1006 2482 120 over gent expedienten ul en minder cost supponeerende de barge op gent met

3476 1110 2315 121 pase oortvaelt ter wijlen verwachtenden te verstaen wat passeert blijve

3321 1129 908 137 gent francois herrebout

5573 1146 400 121 8 maij 1697

3469 1147 2505 187 alsoo het convoij gearriveert is verwachte ten eerste eenige goederen van

3384 1284 2600 144 van 3 2, 5 „ 6 „ 8 mij p. waegens moeten toegesonden worden de reste te keepe

3482 1394 2429 105 ingeslot en eenen tolbreef al is hij wat over stier dencke icl het daer mede

3472 1452 2472 127 sal comendoen passeeren, want sij selden geopent worden: geloove noch

3488 1513 2031 164 een ander tolbrief bij ul hebt, blijve naer groetenisse.

3484 1598 832 154 adviseert wat passeert

3320 1685 756 187 Ossende bruno moens

5492 1774 284 113 8 maij

3493 1760 2440 210 in antwort aenden ul van 6 deser ick en hadde niet gereslecteert bij het

3466 1896 2459 132 cognossement van het pack No7 dat het op ostende was gesigneert & alsoo

3326 1968 2663 116 de schippers altijdt diffiuiltijet maecken daer te lossen, soo hebbe ick de noodige

3481 2074 2518 181 orders tot verclaringeaen Ph. Coots gesonden om het selve neffens andere

3468 2143 2528 198 tot brugge te ontfangen, deralven sal hij ul het noodich daerover adviseeren

3487 2262 2282 188 blijvende ul danckbaer voor ul goede sorge in mijn regarde blijve

3313 2326 718 197 russel Brussenu

3507 2434 2459 160 en jmalaem d'ap res atted Caletterde ƒ600

3480 2534 2265 180 de vietvur p occasien de muns PB. Collier

3444 2644 2506 192 crlvur de cett jaytier r vour ƒ166: argen

3470 2764 2350 149 cont a  p cass b p

3467 2886 2423 153 deper e sn ot  vin donen endit

3416 2949 2544 197 d ƒ1172:14 argent con. oBlant ƒ6:14 p prus avoncr

4035 3061 1559 175 puu vnempt sus

3520 3086 354 114 de ck

3328 3135 911 172 Brussel Antoni Rousseau

5551 3156 208 181 9d

3465 3258 2464 170 ie vous ay escri cette midie p. le chevalier davit collie, la presente

3461 3356 2475 141 pr le messager pour vous confirmer que iay tire sur vous ƒ1166: argent

3479 3439 2516 180 cousant a veue p. casse paijable a l' ordre du dit chevalier collier, pour ƒ1172:14

3476 3534 2384 153 que ie luy doit pour un lettre a ma charge de s £100:- a 36:1

3466 3607 2477 225 tellement que ie vous donnes credit de £180:8:4 de change, iespereque

3475 3706 2532 220 cela vous sera aggreable, lhonné ie dis le chevalier, estoit un pame de prendr

3451 3808 2528 208 en espece, il a encor un lettre de  £200:- a 636 tirre p. les messt

3470 3911 2506 170 kent a la charge de la erfre de bie p. la ditte accepte, sil a besoing

3467 3995 2473 178 de l'argent vous pourra avois encor quelque avance, il a encor un

3469 4118 2520 164 mois acourir iaij luy presente a ½ p. c vous ferescomme bon vous

3484 4175 1309 161 semblera pour vre compte, celle est
