8193 4699
2664 195 675 117 ady pm sber 163

960 204 455 143 Londen Kent

1182 250 2227 203 P:S: receave a letter from s. Coots w send inclosed, I hope

1423 398 154 67 dan

1160 364 2209 196 y. rett. ships still with you & lett y. ostends ships not go

1176 454 2177 173 without a good convoy for y french being devided in 3

1700 586 159 74 one

1162 558 2189 180 esquadies, . bee for y made, & y. 3 fatexel will

1160 696 2208 191 take all that come, thenfore keept y. vessels att yo sade

1145 755 2213 256 a good convoy & what you ship fme of w. I have

2020 906 138 84 them

1183 881 2186 223 no accco. yett, gett ensured by y best & sevrest

1163 1006 2204 194 men, that are to bee had, if y. can reach yo hands

1188 1117 1564 200 before the convoy shall be gon, I

2905 1205 199 143 2d

893 1224 956 174 brussel guill Walravens

1144 1300 2257 178 wacht antwort op den mijnen van 31 deser soo aenstons

1159 1412 2141 147 occasie gevonden om op ul te trecken op sicht pat as

1197 1487 2187 181 ƒ800:- courant gelt aen d'ordre van dh. theodor Brockmais

1177 1568 2174 168 ul sal verobligeeren die blijve, verwachte morgen noch

1190 1656 2153 147 een pack kersijen 20 daer uijt soude ul connen geven blijve

3033 1766 200 122 3 d

889 1746 928 187 brussel Anthonj Rousseau

1173 1815 2211 130 i'ay les cheres vres de 27 passée & 2 court le S. gilson, na pas encorijy

1170 1922 2197 122 pour vos remises pour iel si schaep ie ne cais pas que moeyens pour

1179 2005 2180 127 vous rendre service, il ma paije £10: pour un parson de Cortray

1167 2063 2249 167 il doit a ma belle seur £30 pour argent prester sur abligation

1185 2190 2134 116 et n'a pas encor receu un sous, et tout ce quel peut de courrir

1178 2253 2132 164 cest aster da bagatelle pour son ulage, pour l'accort que vous

1185 2330 2183 164 aves fait avec luy quil vous payeres 60 su pour moins est

1175 2409 2089 189 cela fait de bout en escrit, iay lire parler aussi tost que ie

1175 2520 2162 164 cortirayy cestant un peux incommode de malagorge et vous

1169 2614 2135 176 aures advis de ce quil ce passera, iay doit a mons. Lion

1172 2717 2169 166 ƒ39:16 ¼ pour la quelle somne il vous luy payer ƒ38:

1189 2795 2174 188 et aussi au son beau fils ƒ27:1 vous luy paeijere ƒ26:-

1166 2922 2251 160 en sutte a les quitances escrit par ma mene ser leurts comptes

1193 3039 2039 154 les quelles ie vous plaira de retirer et m'envoijeres ie suis

3060 3121 94 93 3

943 3091 634 151 brussel Pierre lion

1159 3122 2252 193 tingesloten, sende ick mijne reeckeningen soo voor ul als mons.

1192 3276 2226 106 de mont met proieet van quitantie by mons. rousseau te ontfange

1190 3357 2212 123 niet twijffelende oft ul sal sich volgens vernoegen, het gaet wonder

1174 3439 2174 129 lijck bueste mijne gedachten te mier daer partije noch iet hadde

1157 3507 2209 161 geopponeert patientie en, conde het dagement niet geschieden

1181 3594 2131 157 door een notaris door mechelen, soo wel als d'insinuatie is

1178 3706 2188 138 geschiet dat soude ruijm wat uijtgewonnen hebben. ick meende

1169 3755 2133 176 niet over de 4 a ƒ5 oncosten gehaet hebben, ick soude anders

1179 3895 2116 132 partije die costen hebben doen betaelen dat is nu te laet

1180 3926 2252 223 gelieft te teeckenen dese quitante en bij mons. rousseau te ontfy

1188 4034 1264 159 en hem het selve over te lee veren,

3097 4093 192 124 3d

948 4078 805 164 brussel guill waravens

1177 4167 2159 112 alsoo mij gisteravent doeccesie voorveel op us te trecken ƒ 800

1183 4263 2180 97 courant gelt, soo hebbe sulckx gedaen te betaelen aen d'ordre van

1171 4319 2220 143 The theodorbrockmans volgens een advies brief daer bij sijnde het

1189 4387 2241 132 welck par desen confirmeere niet versoeck den selve gelieft te betaele

3565 200 2441 89 sedert hebbe ick den ul van gisteren ontfangen, waer bij ul ordoneert uyt doen

3554 252 2432 132 gesondene staelen 4 lakens te senden, soo ick die wilde laeten ten prijse

3585 341 2400 119 gelijck ul daer bij stelt. het geneick niet doen en can, oversulckx bedancke

3566 397 2322 136 ul over ul presentatie en sijdt seker dat ick die aen niemant anders

3575 523 2434 92 vercoopen sal voorden prijse daer selse ul voor laete omdat die sorten

3568 598 2411 125 present self meer in engelant gelden, en ter wijlen ul dat niet verstaen

3560 645 2405 170 wilt soo ben ick seer te vreeden dat men daer bij sullen laeten wantick

3557 751 2423 175 en soube niet een duijt minder geven, gelieft ul eenige kersijen te hebben

3554 872 2473 147 gelieft te laeten, weten het pack sal maendgh oft deynst dagh ten lanckten

3543 921 397 113 hier wesen

5296 983 656 142 Adij 3 gber 1696

3474 981 766 150 Brusssel govaert ververs

3549 1046 2434 193 in antwort aenden ul van 28 passato blijve ul danck baer dat ul soutf

3534 1145 2394 142 vanderborght heeft geaccomodeert gelieft ul nu noch eenige uyt dit pack dat

3552 1215 2369 179 maendagh sal hier wesen, sal ul daer uijt de beste uijtsoecken, ter wijlen

3552 1326 2346 128 versoocke te adviseeren hoe veel kersijen ul heeft en mons. vanden

3548 1371 2482 209 clooster om elck vervolgens te bock te stellen als mede wegens de baejen

3552 1460 2071 197 en sal dan ul een factute toesenden blijve naer groetenisse

3480 1526 1067 161 brussel benaert van den clooster

5510 1589 273 153 3 ditto

3546 1603 2431 241 in antwort aenden ul van 28 deser weete niet wat seggen wegens het

3563 1725 2434 167 blouw lakens dan dat ick ul dat vercocht hebbe en dat ick het gecocht hebbe

3560 1836 2386 160 voor een verre beter als dat van tiaerent, want dit is inclack vast

3544 1921 2473 189 gemackt laken, d'ander wal een dien, alsoo ick niet mindergeven can als

3542 2000 2453 177 het vercocht is begeere ick het wel wederom want ick hebbe doch geene

3540 2077 2473 231 wint daer aen dat iet af magh, willet ul mij senden tot ul cost ick ben

3549 2210 2409 153 wel te vreden, dan omdat hat bij ul is en te toonen dat ick doen

3553 2278 2412 179 wat ick can sal een stuijver p. a afslaen, gelieft te laeten weeten

3533 2384 2473 163 ofte il noch kersijen begeert alsoo die miendagh oft dijnstdagh verwach

3544 2475 328 117 te blijve

3472 2485 714 171 brussel gataert ververs

5525 2510 217 149 3 d

3542 2617 2470 220 sedert dat ick aen ul op doij deser hebbe geschreven hebbe ul brief van

3549 2725 2459 159 selve dato ontfangen dien volgens sende ul ingeslotende facture

3554 2848 2457 157 van 15 kersijen en 10 baeijen met den oncost van verven ehopdoen

3534 2926 2428 141 van 8 stucken miets 2 aen mons. vanden clooster heeft gelevert

3542 3008 2443 159 in prijs kan ick niet een duijt verminderen, en wel ick voor dese rijs

3550 3092 2455 152 het voor geene winst reeckenen die baeijen en kersijen vercocht hebbe

3542 3161 2460 189 want hetalleen is geschiet om mijn woort te houden want men heeft

3547 3281 2467 163 seer geerne gepresertteert ƒ1:- boven het te wisselgelt voor de swaerbaeyen

3534 3359 2453 124 te geven, maer gij sijdt mijn goede vrint, en al dat ick doen can tot ul

3543 3438 2451 178 dienst daer ben ick toeberijdt, dan helt om gelt magh men wel wat doen

3541 3573 2375 103 maer tot schaede is het betor tel geleten, dese baeyen costen prieces

3532 3618 2389 166 gelijck isse vercocht hebbe a ƒ 36: de wissel sondet assurantie, soo

3529 3728 2441 134 ofte se court oft lancl, grofdichoft dan vallen ul heeft de selve ten

3537 3815 2460 103 minster 5 3 pr stuck beter coop als ick die conde vercoopen, en mij

3546 3918 2478 119 dunckt dat ick se nu noch hadde dat ick wel ƒ 3:- opt stuck meer sonde

3558 4016 2407 126 maecken wegens de lakens daern is geen abeus N 263 cost in engelant

3526 4077 2438 146 obal dandere asp en eenige n ick hebbe de memorie gladde noch bij

3538 4145 2481 126 mij waernevens ick den engelschen st op so stuijvers reguleerde en ulastee

3550 4252 2417 113 het geene aen die van 8 st bovende ƒ4:- monteerde en uijt die van 9 t

3566 4331 2419 95 die tot giso stonden, daer bij den voorsch N 263 tot ƒ4:15 nam ul de doer

3560 4401 2414 87 uijt en wilde maer ƒ4:10 geven dat hebbe uyt considerake van aftertie al

3552 4436 2275 76 gedooght meer dat can voorsaen niet mar wesen want de taelle is heeb
