8200 4630
869 154 2462 117 en payeme  pour quoij ie vous prie de sirer 2 a 300 stof sur moij en bils sar

1127 218 2216 132 de banque, et si vous ne peuve pas vous en servir, nous letfferond

1141 293 2163 132 la valeur en la banqie a lintrest, can to au tard la banque

1136 350 2237 149 sera oblige a la om de donner l'argent. cest houiourdhuy ious de fette

1125 438 2246 162 come il at este a hier en huitte riex a fair a la bourse, autrement

1139 555 2230 134 vous aures si iount remises, les quelles ie vous promest sans faute

1128 626 2195 170 pour lundy prochaine, on affire plus diey quende lettres payableen

1113 708 2239 180 guinces a 22,6 ou en de argent, car ceus qui ne sont pas paije en argent

3045 803 285 80 les change

1144 812 2163 128 reviennent en protest en soit rembourse icij au prise que l'augen

1127 921 2149 113 vient de londres part cas, suite en tout pour moij comme pour vous

1143 975 2106 111 memme et le faveur de me escrire souvant ce qu'il ce passent pour

1133 1049 1085 139 prendre les messeures a ladvenant.

2658 1059 515 164 Adij 26 Julij

878 1120 791 200 Londres Jan du maistre

1152 1146 2154 192 en responce a la vre du 7 dourt ie n'ondonneres pas de frises pour

1146 1270 2133 161 cet annes, car fider 4 t 4a la verge et une change a 33 & gen ne

1148 1331 2197 184 pour a rendre bon compie, il fait que tout soit reguler aupargvan

1159 1432 2042 162 et principaelement icij ou les frises sont a present bien marche

2961 1514 97 55 te

2840 1505 96 67 achh

1134 1488 2180 216 mande que ie les prou ay pouvoir avoir icy, vous avec  vostre part

1142 1585 2117 184 en des frises si vous les aves paijé en des nottes de banques et mes

1154 1648 2121 200 vouleir les laisser en manne valleur, ie vous en crediterer en suitte

1159 1730 2182 208 a 28:9 14 comne le change vient en nottes les, so uillet, et ie vous

1156 1798 2244 267 envoijer les eschantillions necessaire pour luyidy prochaine, car ouiorhey

1166 1896 2194 216 estant iour de feste et ie suis auschamps et les lettres sont venu trop tard

2846 1988 370 145 26 ditto

1159 2072 462 134 a hies ou soir

915 2149 712 151 Londres mess. kent

1173 2171 2112 180 le 23 court estoit a vre grace maderniere de puis resui les vres

1126 2242 2181 229 de7:10 ditto les quelles ie pense mosent aporter des factures et

1164 2297 2215 242 plus de clarissement de ce que vous aures fait pour moij, non obstante

1164 2422 2139 190 ie vous pries de ne pas manquer pour accomplier toutes mes

1154 2523 2221 182 ordres a prise courant par les premieres convoij, car le reputation

1163 2615 2139 220 de mon magesm en depent, pour le payement fait pour moij conne

1176 2682 2210 211 pour on autre pour vous maine comme et comme vous faites pour

1153 2760 2209 214 des autres, sur les quelles vous naves iusquicy tirez quon en cours

1158 2830 2192 246 de nottes de banque, et pourquoy ne faire vous par de manne pour

1192 2945 2154 196 moy au mons pour une partie, puisque vous receveres de l'argent

1184 3019 2167 221 pour met remises et en suitte faisant le payemant pour vre acchat

1189 3092 2195 249 motie en nottes et motie en argent ou vous feres plus que vous

1167 3213 2156 200 n'aves pas fait uisqua present, quand dans la plus part de mes

1191 3311 2172 191 remises est conditione de l'argent ce quil soit ou point vous

1178 3394 2182 169 ne receveres pas autre valleur que de largent pour mes remises

1187 3514 2137 184 en renvoije les tout en protest, qui ne sont pas paije ainsij

1186 3576 2187 160 on me marque le change 1o uillet a 28:9 a nottes de banque tot

1190 3637 2194 202 seulement to au tard la banque sera obliges de payer et donnerdels

1184 3751 2215 203 argent  seurs nottes et on met dit, que ia banque paije luta

1192 3833 2184 209 quand on veut saisser la valleur dans la banque, ce pour quoy tires

1184 3921 2227 156 sur moij 3 a 4500  en nottes, ef ce que vous ne pourres pas vous

1192 4013 2201 142 en servir pour moij en payement de mes ordres, nous laisseron a ls

1204 4116 2175 137 banque a l'intrest, cependant, vous ne voule pas respondere pour

1193 4165 2218 203 quelque chese non obstante que ie vous donneres 10 pc. il fautdon

1207 4275 2209 198 que le credit de vre banque est fort bus, porta elle est a bon

3536 156 2423 113 credit icy, s& si'aures panse que vous aurer faite difficulle, j'aures pris icus

3538 250 2416 113 de bonnes partjes, environ 31 6 payable en argent, mais voiyant vos traittes

3533 291 2337 169 sur de autres a 30t et moindre ie iuigeois resonable, que vous auries

3530 377 2412 178 faite dar de menne sur moj, cest pourquoy ie suis attendant a ladvenant, et si

3516 469 2443 142 vous iuge que mon capitael soit seure a la banque, ie vous ordonneres

3514 555 2411 170 detirer d'aventage pour laisser la mon argent soit priciers ous2 mois pour

3509 671 2449 147 avencer le change, car ie ne de l'argent que ie ne peus espargner sar quoy

3502 738 1791 164 vostre advies pour prendre mes messeres a ladvenant

5383 757 530 182 26 Julij 1696

3415 852 657 127 Amst geraerd rover

3505 888 2452 140 op 23 deser wat aen mijnen lesten, waeraen mij gedraege sedert hebbe is

3511 1004 2443 108 ordre van londen becomen om de galnosen die ick hier hebbe al toe te senden

3512 1052 1186 139 het gene dan par eerste occasie geschiede

3507 1078 2450 191 ter wijlen de selve hier niet wel sijn te debiteeren, partije bestaet in 20 baelen

3503 1194 2437 154 van smimna en 20 van aleppo volgens facture die ul sal worden toe

3517 1300 2367 159 gelonden, met d engelse brieven gistere hier gearriveert is de wissel tot

3528 1368 2431 161 londen a 33 t4 gemonteert ende in nottes vande banck op 28:9 gevallen

3519 1460 2431 156 ick hadde mijn vrinden geordonneert een duij sent pont oft onderalf op mij

3518 1537 2429 152 te trecken en nottes te ontfangen doch ieder excuseert sich nu en segge

3503 1648 2439 129 sij daer vooren geen goer comen coopen al hoe wel sij bekennen datter

3493 1703 2369 192 geen gelt en is en het selve gelijck noch scharser wort, en niet weten

3503 1797 2411 191 waermede ten lesten regotieren. ick hebbe spiculatie om op mij op cocen

3514 1917 2440 121 te doen trecken ende die weerde in de banck te laeten voor een dieysen

3519 1965 2390 192 pont om dat ick mij in belde dat sij voor hen nottes eens gelt sullen moeten

3497 2071 2409 178 geven, men seght hier dat die van de banck tot londen intrest betaelen

3509 2188 2345 153 vant gene men daer voor eenige tijdt laet staen, ick hadde aen mess. kent

3485 2300 2467 151 geproponeert het trecken soo sij tot ½ p. delcredese wilde staen: hij antwort mij

3507 2390 2392 127 dat hij sich daerme niet wil moeijen al wou ick hem 10 p geven soo dat ick

3497 2438 2443 146 niet wete wat doen en hier over geerne ul opinie en raet hadde verlange

3490 2558 2393 111 te verstaen tegens smggens om naeste maendach te reguleeren, daer en

3493 2594 2399 176 tusschen sij die van de banck al hier in goede reputatie, sien ul antwort

3497 2714 2390 155 tegemoet al mede wat wegens de wissel passeert en ul opinie, gevende voorts

3427 2788 1724 146 ganck aend ingeslote die naer groetenisse blijve

5406 2821 386 153 26 ditto

3423 2852 659 125 oudsel jan die maistre

3497 2886 2408 201 en responce a la vre de 7 court ie prendray partie de vos frisettes, si vous

3478 2996 2350 176 voules reguler le changes au cours de nottes de banques comme on me

3494 3142 2378 127 marque a 28ƒ 9z en m'en debiter en suitte de postre compte et

3490 3193 2323 174 vous aures les eschantillons par la prochaine, car iescrive la present

3497 3295 2442 162 au champs quand est iours de seste, pour vos galles ie ne fairay pas la vente

3495 3400 2426 117 plublique, car le boutiouliers peuvent a chetter dans les maqus ins avec

3483 3457 2410 176 une bale a la fois a ƒ44:- cente tellement il my a pas d'apperance

3475 3563 2385 118 devenir au bout de vre pris, outre les fraises de la vente plublique

3492 3656 2343 128 a a 6 ¾ cest pour quoy ie les envojeray par la premiere occasion

3491 3728 2425 160 pour amss a mons. rover avec les quelles il vous pourres respondre

3480 3828 2330 163 avec les dittes galles et envoijes les ordres que bon vous semblera, car

3488 3915 2462 132 is ne me veu pas engager plus qua la heminement ou l'ambargue

3477 4034 2459 140 de dite galles, pour les rest, se sont vos affaires et aussi de me rembouser

3484 4108 2434 150 ou d'ordonner de sirer, achose ie escrive a mons: rover qui sont pour

3487 4213 2450 107 vre compted et de suirre vos ordres, cest un home de fort grand

3475 4317 2468 121 ssperiance, et de grand credit et une cor respondence pointuele qui atauti

3478 4371 1922 92 de fort correspondene a Amborgh a governo ie suis
