<?xml version="1.0" encoding="UTF-8"?>
<alto xmlns:xsi="http://www.w3.org/2001/XMLSchema-instance"
      xmlns="http://www.loc.gov/standards/alto/ns-v4#"
      xmlns:page="http://schema.primaresearch.org/PAGE/gts/pagecontent/2013-07-15"
      xsi:schemaLocation="http://www.loc.gov/standards/alto/ns-v4# https://www.loc.gov/standards/alto/v4/alto.xsd">
   <Description>
      <MeasurementUnit>pixel</MeasurementUnit>
      <OCRProcessing ID="IdOcr">
         <ocrProcessingStep>
            <processingDateTime>2022-02-04T12:21:26.415+01:00</processingDateTime>
            <processingSoftware>
               <softwareCreator>READ COOP</softwareCreator>
               <softwareName>Transkribus</softwareName>
            </processingSoftware>
         </ocrProcessingStep>
      </OCRProcessing>
   </Description>
   <Layout>
      <Page ID="Page1" PHYSICAL_IMG_NR="1" HEIGHT="4615" WIDTH="8078">
         <TopMargin HEIGHT="0" WIDTH="8078" VPOS="0" HPOS="0"/>
         <LeftMargin HEIGHT="4615" WIDTH="0" VPOS="0" HPOS="0"/>
         <RightMargin HEIGHT="4615" WIDTH="0" VPOS="0" HPOS="8078"/>
         <BottomMargin HEIGHT="0" WIDTH="8078" VPOS="4615" HPOS="0"/>
         <PrintSpace HEIGHT="4615" WIDTH="8078" VPOS="0" HPOS="0">
            <TextBlock ID="region_1641882880325_598"
                       HEIGHT="4448"
                       WIDTH="2525"
                       VPOS="61"
                       HPOS="914">
               <Shape>
                  <Polygon POINTS="914,61 3439,128 3392,4509 914,4509"/>
               </Shape>
               <TextLine ID="region_1641882880325_598l1"
                         BASELINE="990,176 1016,176 1042,177 1069,178 1095,178 1122,178 1148,177 1175,176 1201,176 1228,174 1254,173 1281,172 1307,170 1334,170"
                         HEIGHT="103"
                         WIDTH="379"
                         VPOS="117"
                         HPOS="972">
                  <String ID="string_region_1641882880325_598l1"
                          HEIGHT="103"
                          WIDTH="379"
                          VPOS="117"
                          HPOS="972"
                          CONTENT="spoft schrijftum"/>
               </TextLine>
               <TextLine ID="region_1641882880325_598l2"
                         BASELINE="988,244 1110,241 1232,238 1354,234 1476,232 1598,228 1720,226 1842,224 1964,222 2086,222 2208,222 2330,222 2452,224 2574,226 2696,230 2818,237 2940,243 3062,250 3184,261 3306,271 3428,284"
                         HEIGHT="167"
                         WIDTH="2471"
                         VPOS="170"
                         HPOS="973">
                  <String ID="string_region_1641882880325_598l2"
                          HEIGHT="167"
                          WIDTH="2471"
                          VPOS="170"
                          HPOS="973"
                          CONTENT="het convoije occasion of some or tare thing for one p. butt in p. atta t"/>
               </TextLine>
               <TextLine ID="region_1641882880325_598l3"
                         BASELINE="922,282 1046,294 1171,303 1295,310 1420,315 1545,318 1669,320 1794,320 1918,320 2043,318 2168,318 2292,316 2417,316 2541,316 2666,316 2791,320 2915,323 3040,330 3164,338 3289,349 3414,364"
                         HEIGHT="165"
                         WIDTH="2525"
                         VPOS="208"
                         HPOS="905">
                  <String ID="string_region_1641882880325_598l3"
                          HEIGHT="165"
                          WIDTH="2525"
                          VPOS="208"
                          HPOS="905"
                          CONTENT="lls van londent hereunder 6 of neare one cullour, there is butt one prettie drap"/>
               </TextLine>
               <TextLine ID="region_1641882880325_598l4"
                         BASELINE="984,350 1106,366 1229,380 1351,390 1474,398 1597,402 1719,406 1842,408 1964,408 2087,407 2210,406 2332,404 2455,404 2577,402 2700,402 2823,404 2945,408 3068,412 3190,421 3313,431 3436,444"
                         HEIGHT="166"
                         WIDTH="2484"
                         VPOS="308"
                         HPOS="968">
                  <String ID="string_region_1641882880325_598l4"
                          HEIGHT="166"
                          WIDTH="2484"
                          VPOS="308"
                          HPOS="968"
                          CONTENT="is gearriv in all the pertle, that is n°55, that is a true drap the rest yalle"/>
               </TextLine>
               <TextLine ID="region_1641882880325_598l5"
                         BASELINE="976,440 1002,442 1029,444 1056,444 1083,442 1110,442 1137,440 1164,438 1191,436 1218,434 1245,434 1272,436"
                         HEIGHT="109"
                         WIDTH="329"
                         VPOS="374"
                         HPOS="960">
                  <String ID="string_region_1641882880325_598l5"
                          HEIGHT="109"
                          WIDTH="329"
                          VPOS="374"
                          HPOS="960"
                          CONTENT="lcoopt geene"/>
               </TextLine>
               <TextLine ID="region_1641882880325_598l6"
                         BASELINE="984,504 1106,504 1228,504 1350,502 1472,502 1595,500 1717,498 1839,496 1961,495 2083,494 2206,492 2328,492 2450,492 2572,492 2694,492 2817,492 2939,494 3061,498 3183,500 3305,506 3428,510"
                         HEIGHT="178"
                         WIDTH="2477"
                         VPOS="387"
                         HPOS="967">
                  <String ID="string_region_1641882880325_598l6"
                          HEIGHT="178"
                          WIDTH="2477"
                          VPOS="387"
                          HPOS="967"
                          CONTENT="goederen lwish ted xc, I am not satisfeed t here in god send the convoy "/>
               </TextLine>
               <TextLine ID="region_1641882880325_598l7"
                         BASELINE="996,578 1117,580 1238,582 1359,582 1480,584 1602,584 1723,584 1844,584 1965,582 2086,582 2208,582 2329,582 2450,582 2571,582 2692,582 2814,584 2935,585 3056,588 3177,591 3298,596 3420,600"
                         HEIGHT="138"
                         WIDTH="2456"
                         VPOS="490"
                         HPOS="979">
                  <String ID="string_region_1641882880325_598l7"
                          HEIGHT="138"
                          WIDTH="2456"
                          VPOS="490"
                          HPOS="979"
                          CONTENT="meer als well to arrive, as also that from the nord. inclosed are the parte"/>
               </TextLine>
               <TextLine ID="region_1641882880325_598l8"
                         BASELINE="980,648 1102,655 1224,660 1346,664 1468,668 1591,670 1713,672 1835,674 1957,674 2079,674 2202,674 2324,674 2446,674 2568,674 2690,674 2813,674 2935,674 3057,675 3179,677 3301,680 3424,682"
                         HEIGHT="138"
                         WIDTH="2478"
                         VPOS="600"
                         HPOS="964">
                  <String ID="string_region_1641882880325_598l8"
                          HEIGHT="138"
                          WIDTH="2478"
                          VPOS="600"
                          HPOS="964"
                          CONTENT="vooren ten of the clothes, I intend to return they are bought 3 yeare ago"/>
               </TextLine>
               <TextLine ID="region_1641882880325_598l9"
                         BASELINE="990,722 1017,724 1044,724 1071,725 1098,726 1125,726 1152,724 1179,724 1206,721 1233,719 1260,716"
                         HEIGHT="93"
                         WIDTH="300"
                         VPOS="664"
                         HPOS="974">
                  <String ID="string_region_1641882880325_598l9"
                          HEIGHT="93"
                          WIDTH="300"
                          VPOS="664"
                          HPOS="974"
                          CONTENT=" iets niet"/>
               </TextLine>
               <TextLine ID="region_1641882880325_598l10"
                         BASELINE="988,792 1109,784 1230,778 1351,772 1472,768 1593,764 1714,762 1835,760 1956,760 2077,760 2198,760 2319,762 2440,762 2561,764 2682,766 2803,768 2924,770 3045,770 3166,772 3287,772 3408,772"
                         HEIGHT="151"
                         WIDTH="2453"
                         VPOS="666"
                         HPOS="971">
                  <String ID="string_region_1641882880325_598l10"
                          HEIGHT="151"
                          WIDTH="2453"
                          VPOS="666"
                          HPOS="971"
                          CONTENT="dunettijn &amp; their cost is by if I can butt make the same prise all charge"/>
               </TextLine>
               <TextLine ID="region_1641882880325_598l11"
                         BASELINE="986,856 1107,856 1229,858 1350,858 1472,858 1593,856 1715,856 1836,856 1958,856 2079,854 2201,854 2322,854 2444,856 2565,856 2687,858 2808,860 2930,862 3051,865 3173,869 3294,874 3416,880"
                         HEIGHT="134"
                         WIDTH="2463"
                         VPOS="780"
                         HPOS="970">
                  <String ID="string_region_1641882880325_598l11"
                          HEIGHT="134"
                          WIDTH="2463"
                          VPOS="780"
                          HPOS="970"
                          CONTENT="gelijck meer de duired, I shall do vere well, pray what charges are on you side"/>
               </TextLine>
               <TextLine ID="region_1641882880325_598l12"
                         BASELINE="982,914 1008,916 1034,919 1060,920 1086,920 1112,919 1138,918 1164,917 1190,916 1216,916 1242,916"
                         HEIGHT="122"
                         WIDTH="293"
                         VPOS="851"
                         HPOS="965">
                  <String ID="string_region_1641882880325_598l12"
                          HEIGHT="122"
                          WIDTH="293"
                          VPOS="851"
                          HPOS="965"
                          CONTENT="mael hebt"/>
               </TextLine>
               <TextLine ID="region_1641882880325_598l13"
                         BASELINE="1278,956 1384,954 1490,952 1596,950 1702,948 1808,946 1914,944 2020,942 2126,942 2232,940 2338,940 2444,940 2550,942 2656,943 2762,945 2868,948 2974,952 3080,956 3186,962 3292,969 3398,976"
                         HEIGHT="168"
                         WIDTH="2151"
                         VPOS="844"
                         HPOS="1263">
                  <String ID="string_region_1641882880325_598l13"
                          HEIGHT="168"
                          WIDTH="2151"
                          VPOS="844"
                          HPOS="1263"
                          CONTENT="an this sid vs littleernon, when you can remitt about"/>
               </TextLine>
               <TextLine ID="region_1641882880325_598l14"
                         BASELINE="992,982 1017,985 1043,986 1068,987 1094,988 1120,988 1145,988 1171,987 1196,986 1222,984 1248,982"
                         HEIGHT="122"
                         WIDTH="287"
                         VPOS="923"
                         HPOS="977">
                  <String ID="string_region_1641882880325_598l14"
                          HEIGHT="122"
                          WIDTH="287"
                          VPOS="923"
                          HPOS="977"
                          CONTENT="geschreven"/>
               </TextLine>
               <TextLine ID="region_1641882880325_598l15"
                         BASELINE="1274,1048 1381,1048 1488,1047 1595,1046 1703,1044 1810,1043 1917,1042 2025,1040 2132,1038 2239,1036 2347,1036 2454,1034 2561,1034 2668,1034 2776,1036 2883,1036 2990,1038 3098,1042 3205,1046 3312,1052 3420,1058"
                         HEIGHT="108"
                         WIDTH="2178"
                         VPOS="960"
                         HPOS="1257">
                  <String ID="string_region_1641882880325_598l15"
                          HEIGHT="108"
                          WIDTH="2178"
                          VPOS="960"
                          HPOS="1257"
                          CONTENT="31 S. some what under that is 30: 9 a 10 a 11. a 31 p or hrghep"/>
               </TextLine>
               <TextLine ID="region_1641882880325_598l16"
                         BASELINE="1258,1144 1364,1142 1471,1140 1578,1138 1685,1136 1792,1136 1898,1134 2005,1132 2112,1132 2219,1130 2326,1130 2432,1130 2539,1130 2646,1130 2753,1130 2860,1130 2966,1130 3073,1132 3180,1132 3287,1134 3394,1134"
                         HEIGHT="127"
                         WIDTH="2166"
                         VPOS="1069"
                         HPOS="1242">
                  <String ID="string_region_1641882880325_598l16"
                          HEIGHT="127"
                          WIDTH="2166"
                          VPOS="1069"
                          HPOS="1242"
                          CONTENT="pray remitt as fau as 5 a 5 a £800: or more if you iudge "/>
               </TextLine>
               <TextLine ID="region_1641882880325_598l17"
                         BASELINE="1266,1240 1372,1240 1479,1240 1586,1238 1692,1238 1799,1236 1906,1234 2012,1232 2119,1230 2226,1228 2333,1226 2439,1224 2546,1222 2653,1222 2759,1220 2866,1220 2973,1220 3079,1220 3186,1222 3293,1222 3400,1226"
                         HEIGHT="139"
                         WIDTH="2166"
                         VPOS="1128"
                         HPOS="1251">
                  <String ID="string_region_1641882880325_598l17"
                          HEIGHT="139"
                          WIDTH="2166"
                          VPOS="1128"
                          HPOS="1251"
                          CONTENT="itt my advantage, for I should faiie burne some what "/>
               </TextLine>
               <TextLine ID="region_1641882880325_598l18"
                         BASELINE="1254,1330 1360,1334 1466,1336 1572,1338 1678,1338 1785,1338 1891,1336 1997,1336 2103,1332 2209,1330 2316,1328 2422,1325 2528,1322 2634,1320 2740,1318 2847,1316 2953,1314 3059,1314 3165,1315 3271,1316 3378,1320"
                         HEIGHT="169"
                         WIDTH="2154"
                         VPOS="1229"
                         HPOS="1239">
                  <String ID="string_region_1641882880325_598l18"
                          HEIGHT="169"
                          WIDTH="2154"
                          VPOS="1229"
                          HPOS="1239"
                          CONTENT="by ex. for I doubt itt shall not vun up far att first, cond"/>
               </TextLine>
               <TextLine ID="region_1641882880325_598l19"
                         BASELINE="1272,1438 1377,1438 1483,1438 1589,1438 1695,1436 1801,1434 1906,1434 2012,1432 2118,1430 2224,1428 2330,1427 2435,1426 2541,1424 2647,1424 2753,1424 2859,1424 2964,1424 3070,1424 3176,1426 3282,1429 3388,1432"
                         HEIGHT="136"
                         WIDTH="2147"
                         VPOS="1326"
                         HPOS="1257">
                  <String ID="string_region_1641882880325_598l19"
                          HEIGHT="136"
                          WIDTH="2147"
                          VPOS="1326"
                          HPOS="1257"
                          CONTENT="then shall remitt you againe in hopes to gett some what "/>
               </TextLine>
               <TextLine ID="region_1641882880325_598l20"
                         BASELINE="1258,1540 1352,1538 1446,1536 1540,1534 1634,1534 1728,1532 1822,1530 1916,1528 2010,1528 2104,1526 2198,1525 2292,1524 2386,1522 2480,1522 2574,1520 2668,1520 2762,1518 2856,1518 2950,1516 3044,1516 3138,1514"
                         HEIGHT="143"
                         WIDTH="1914"
                         VPOS="1442"
                         HPOS="1241">
                  <String ID="string_region_1641882880325_598l20"
                          HEIGHT="143"
                          WIDTH="1914"
                          VPOS="1442"
                          HPOS="1241"
                          CONTENT="then by which is the needfull att present from"/>
               </TextLine>
               <TextLine ID="region_1641882880325_598l21"
                         BASELINE="2684,1628 2710,1627 2737,1626 2764,1625 2791,1624 2818,1623 2844,1622 2871,1621 2898,1620 2925,1620 2952,1620 2978,1620 3005,1620 3032,1618 3059,1618 3086,1618 3112,1618 3139,1618 3166,1619 3193,1620 3220,1620"
                         HEIGHT="155"
                         WIDTH="569"
                         VPOS="1520"
                         HPOS="2668">
                  <String ID="string_region_1641882880325_598l21"
                          HEIGHT="155"
                          WIDTH="569"
                          VPOS="1520"
                          HPOS="2668"
                          CONTENT="ady 13 ditto"/>
               </TextLine>
               <TextLine ID="region_1641882880325_598l22"
                         BASELINE="970,1678 1024,1675 1079,1672 1134,1668 1188,1666 1243,1664 1298,1662 1352,1660 1407,1658 1462,1658 1517,1656 1571,1656 1626,1654 1681,1654 1735,1654 1790,1654 1845,1654 1899,1654 1954,1654 2009,1655 2064,1656"
                         HEIGHT="185"
                         WIDTH="1126"
                         VPOS="1527"
                         HPOS="954">
                  <String ID="string_region_1641882880325_598l22"
                          HEIGHT="185"
                          WIDTH="1126"
                          VPOS="1527"
                          HPOS="954"
                          CONTENT="Londan Abraham de Bra"/>
               </TextLine>
               <TextLine ID="region_1641882880325_598l23"
                         BASELINE="1244,1754 1351,1752 1459,1750 1566,1749 1674,1748 1782,1746 1889,1746 1997,1746 2104,1746 2212,1746 2320,1746 2427,1746 2535,1748 2642,1748 2750,1750 2858,1752 2965,1754 3073,1757 3180,1760 3288,1764 3396,1766"
                         HEIGHT="163"
                         WIDTH="2185"
                         VPOS="1620"
                         HPOS="1227">
                  <String ID="string_region_1641882880325_598l23"
                          HEIGHT="163"
                          WIDTH="2185"
                          VPOS="1620"
                          HPOS="1227"
                          CONTENT="Mons. in antwoorde aen duwe van 9 en 10 deser, sende ingesloten"/>
               </TextLine>
               <TextLine ID="region_1641882880325_598l24"
                         BASELINE="1262,1836 1368,1834 1474,1832 1580,1830 1686,1828 1792,1828 1898,1826 2004,1826 2110,1826 2216,1826 2323,1826 2429,1827 2535,1828 2641,1830 2747,1830 2853,1832 2959,1834 3065,1836 3171,1840 3277,1842 3384,1846"
                         HEIGHT="115"
                         WIDTH="2153"
                         VPOS="1742"
                         HPOS="1248">
                  <String ID="string_region_1641882880325_598l24"
                          HEIGHT="115"
                          WIDTH="2153"
                          VPOS="1742"
                          HPOS="1248"
                          CONTENT="de Polve terugge one den selven te laeten teeckenen met de"/>
               </TextLine>
               <TextLine ID="region_1641882880325_598l25"
                         BASELINE="1258,1920 1364,1918 1471,1916 1577,1915 1684,1914 1791,1912 1897,1912 2004,1910 2110,1910 2217,1910 2324,1910 2430,1910 2537,1910 2643,1912 2750,1914 2857,1915 2963,1918 3070,1920 3176,1922 3283,1926 3390,1930"
                         HEIGHT="85"
                         WIDTH="2163"
                         VPOS="1865"
                         HPOS="1243">
                  <String ID="string_region_1641882880325_598l25"
                          HEIGHT="85"
                          WIDTH="2163"
                          VPOS="1865"
                          HPOS="1243"
                          CONTENT="Clausule als bij de memorie daer iue geleght, want anders"/>
               </TextLine>
               <TextLine ID="region_1641882880325_598l26"
                         BASELINE="1254,2008 1361,2008 1469,2006 1576,2005 1684,2004 1791,2004 1899,2002 2006,2002 2114,2002 2221,2002 2329,2002 2436,2002 2544,2003 2651,2004 2759,2004 2866,2006 2974,2006 3081,2008 3189,2008 3296,2010 3404,2012"
                         HEIGHT="128"
                         WIDTH="2182"
                         VPOS="1928"
                         HPOS="1237">
                  <String ID="string_region_1641882880325_598l26"
                          HEIGHT="128"
                          WIDTH="2182"
                          VPOS="1928"
                          HPOS="1237"
                          CONTENT="by verlics dat godt behoede, soude ick niet versckert ssyn voor"/>
               </TextLine>
               <TextLine ID="region_1641882880325_598l27"
                         BASELINE="1266,2104 1373,2104 1480,2104 1587,2102 1695,2100 1802,2100 1909,2098 2017,2098 2124,2096 2231,2094 2339,2094 2446,2094 2553,2092 2660,2092 2768,2094 2875,2094 2982,2096 3090,2098 3197,2100 3304,2102 3412,2106"
                         HEIGHT="123"
                         WIDTH="2175"
                         VPOS="2003"
                         HPOS="1251">
                  <String ID="string_region_1641882880325_598l27"
                          HEIGHT="123"
                          WIDTH="2175"
                          VPOS="2003"
                          HPOS="1251"
                          CONTENT="den premio en oncosten, is ul gecrediteert, hebbe present geen"/>
               </TextLine>
               <TextLine ID="region_1641882880325_598l28"
                         BASELINE="1250,2206 1357,2204 1464,2202 1571,2201 1678,2200 1786,2198 1893,2196 2000,2194 2107,2194 2214,2192 2322,2192 2429,2190 2536,2190 2643,2190 2750,2190 2858,2190 2965,2192 3072,2194 3179,2196 3286,2198 3394,2202"
                         HEIGHT="121"
                         WIDTH="2175"
                         VPOS="2130"
                         HPOS="1234">
                  <String ID="string_region_1641882880325_598l28"
                          HEIGHT="121"
                          WIDTH="2175"
                          VPOS="2130"
                          HPOS="1234"
                          CONTENT="inbrest int convoy van London, wen schte wel dat Jan hu"/>
               </TextLine>
               <TextLine ID="region_1641882880325_598l29"
                         BASELINE="1250,2306 1356,2304 1463,2300 1569,2298 1676,2294 1783,2292 1889,2290 1996,2288 2102,2286 2209,2286 2316,2284 2422,2284 2529,2282 2635,2282 2742,2282 2849,2282 2955,2284 3062,2284 3168,2286 3275,2288 3382,2290"
                         HEIGHT="159"
                         WIDTH="2164"
                         VPOS="2205"
                         HPOS="1234">
                  <String ID="string_region_1641882880325_598l29"
                          HEIGHT="159"
                          WIDTH="2164"
                          VPOS="2205"
                          HPOS="1234"
                          CONTENT="soo verre waere. d'ingeslotene gelieft voortganck te geven"/>
               </TextLine>
               <TextLine ID="region_1641882880325_598l30"
                         BASELINE="1272,2400 1332,2398 1392,2396 1452,2394 1512,2394 1572,2392 1632,2390 1692,2390 1752,2388 1812,2386 1873,2386 1933,2384 1993,2383 2053,2382 2113,2380 2173,2378 2233,2376 2293,2374 2353,2371 2413,2368 2474,2366"
                         HEIGHT="155"
                         WIDTH="1235"
                         VPOS="2289"
                         HPOS="1255">
                  <String ID="string_region_1641882880325_598l30"
                          HEIGHT="155"
                          WIDTH="1235"
                          VPOS="2289"
                          HPOS="1255"
                          CONTENT="eg sal verobligeren, die blyve"/>
               </TextLine>
               <TextLine ID="region_1641882880325_598l31"
                         BASELINE="3002,2450 3029,2452 3057,2452 3084,2451 3112,2449 3139,2446 3167,2444 3194,2442 3222,2442 3250,2442"
                         HEIGHT="142"
                         WIDTH="285"
                         VPOS="2357"
                         HPOS="2981">
                  <String ID="string_region_1641882880325_598l31"
                          HEIGHT="142"
                          WIDTH="285"
                          VPOS="2357"
                          HPOS="2981"
                          CONTENT="13 ditto"/>
               </TextLine>
               <TextLine ID="region_1641882880325_598l32"
                         BASELINE="980,2486 1020,2484 1061,2481 1101,2478 1142,2476 1183,2474 1223,2474 1264,2472 1304,2472 1345,2471 1386,2470 1426,2470 1467,2468 1507,2468 1548,2466 1589,2465 1629,2463 1670,2460 1710,2458 1751,2454 1792,2450"
                         HEIGHT="155"
                         WIDTH="848"
                         VPOS="2369"
                         HPOS="962">
                  <String ID="string_region_1641882880325_598l32"
                          HEIGHT="155"
                          WIDTH="848"
                          VPOS="2369"
                          HPOS="962"
                          CONTENT="Londres Jan du maistres"/>
               </TextLine>
               <TextLine ID="region_1641882880325_598l33"
                         BASELINE="1266,2534 1372,2528 1478,2522 1585,2519 1691,2517 1798,2516 1904,2514 2010,2514 2117,2516 2223,2516 2330,2518 2436,2520 2542,2522 2649,2524 2755,2526 2862,2528 2968,2530 3074,2532 3181,2532 3287,2532 3394,2532"
                         HEIGHT="189"
                         WIDTH="2160"
                         VPOS="2407"
                         HPOS="1250">
                  <String ID="string_region_1641882880325_598l33"
                          HEIGHT="189"
                          WIDTH="2160"
                          VPOS="2407"
                          HPOS="1250"
                          CONTENT="le 2 courant estoit a vostre graces maderniere, sur quoy ie suis"/>
               </TextLine>
               <TextLine ID="region_1641882880325_598l34"
                         BASELINE="1254,2620 1358,2616 1462,2612 1566,2610 1670,2608 1775,2606 1879,2606 1983,2606 2087,2606 2191,2606 2296,2608 2400,2610 2504,2612 2608,2614 2712,2617 2817,2620 2921,2624 3025,2626 3129,2631 3233,2634 3338,2638"
                         HEIGHT="129"
                         WIDTH="2114"
                         VPOS="2549"
                         HPOS="1239">
                  <String ID="string_region_1641882880325_598l34"
                          HEIGHT="129"
                          WIDTH="2114"
                          VPOS="2549"
                          HPOS="1239"
                          CONTENT="attendant voltre responce, a cchose que la maitie de d' enteles"/>
               </TextLine>
               <TextLine ID="region_1641882880325_598l35"
                         BASELINE="1252,2700 1359,2698 1466,2696 1573,2696 1680,2694 1788,2694 1895,2694 2002,2694 2109,2694 2216,2696 2324,2696 2431,2698 2538,2698 2645,2700 2752,2702 2860,2704 2967,2704 3074,2706 3181,2708 3288,2710 3396,2712"
                         HEIGHT="130"
                         WIDTH="2175"
                         VPOS="2626"
                         HPOS="1237">
                  <String ID="string_region_1641882880325_598l35"
                          HEIGHT="130"
                          WIDTH="2175"
                          VPOS="2626"
                          HPOS="1237"
                          CONTENT="est prett vostre compte cependent iay lonheur la vostre du 24 p"/>
               </TextLine>
               <TextLine ID="region_1641882880325_598l36"
                         BASELINE="1236,2786 1342,2782 1448,2778 1555,2776 1661,2774 1768,2774 1874,2774 1980,2776 2087,2776 2193,2778 2300,2780 2406,2782 2512,2786 2619,2788 2725,2788 2832,2790 2938,2792 3044,2792 3151,2792 3257,2790 3364,2788"
                         HEIGHT="114"
                         WIDTH="2160"
                         VPOS="2692"
                         HPOS="1219">
                  <String ID="string_region_1641882880325_598l36"
                          HEIGHT="114"
                          WIDTH="2160"
                          VPOS="2692"
                          HPOS="1219"
                          CONTENT="avec facture &amp; cognossements de 40 sac de galles. embarque pour"/>
               </TextLine>
               <TextLine ID="region_1641882880325_598l37"
                         BASELINE="1226,2872 1332,2867 1439,2864 1546,2860 1653,2858 1760,2858 1866,2858 1973,2858 2080,2859 2187,2860 2294,2862 2400,2864 2507,2866 2614,2870 2721,2872 2828,2874 2934,2876 3041,2876 3148,2878 3255,2878 3362,2876"
                         HEIGHT="97"
                         WIDTH="2167"
                         VPOS="2816"
                         HPOS="1211">
                  <String ID="string_region_1641882880325_598l37"
                          HEIGHT="97"
                          WIDTH="2167"
                          VPOS="2816"
                          HPOS="1211"
                          CONTENT="ostende, ou le convoijé est bien arrive, ie suere que le vesseaus de"/>
               </TextLine>
               <TextLine ID="region_1641882880325_598l38"
                         BASELINE="1244,2958 1347,2953 1450,2950 1553,2948 1656,2946 1760,2946 1863,2946 1966,2946 2069,2946 2172,2948 2276,2948 2379,2950 2482,2952 2585,2954 2688,2956 2792,2958 2895,2960 2998,2960 3101,2962 3204,2964 3308,2964"
                         HEIGHT="128"
                         WIDTH="2095"
                         VPOS="2883"
                         HPOS="1230">
                  <String ID="string_region_1641882880325_598l38"
                          HEIGHT="128"
                          WIDTH="2095"
                          VPOS="2883"
                          HPOS="1230"
                          CONTENT="Jan wingh &amp; Jan bochland et clement de munck y sont aussi"/>
               </TextLine>
               <TextLine ID="region_1641882880325_598l39"
                         BASELINE="1220,3042 1328,3038 1437,3036 1545,3034 1654,3034 1763,3032 1871,3033 1980,3034 2088,3034 2197,3036 2306,3036 2414,3038 2523,3040 2631,3040 2740,3040 2849,3040 2957,3040 3066,3038 3174,3036 3283,3034 3392,3030"
                         HEIGHT="118"
                         WIDTH="2203"
                         VPOS="2967"
                         HPOS="1203">
                  <String ID="string_region_1641882880325_598l39"
                          HEIGHT="118"
                          WIDTH="2203"
                          VPOS="2967"
                          HPOS="1203"
                          CONTENT="mayent pas de novelles quand generael, les galles sont pas si demant"/>
               </TextLine>
               <TextLine ID="region_1641882880325_598l40"
                         BASELINE="1236,3116 1343,3114 1451,3110 1559,3109 1667,3108 1775,3108 1882,3110 1990,3110 2098,3112 2206,3114 2314,3116 2421,3118 2529,3120 2637,3120 2745,3122 2853,3122 2960,3121 3068,3120 3176,3116 3284,3112 3392,3108"
                         HEIGHT="116"
                         WIDTH="2188"
                         VPOS="3034"
                         HPOS="1220">
                  <String ID="string_region_1641882880325_598l40"
                          HEIGHT="116"
                          WIDTH="2188"
                          VPOS="3034"
                          HPOS="1220"
                          CONTENT="pour envoijer un si grande cantite a la fois, et aussi outre prich"/>
               </TextLine>
               <TextLine ID="region_1641882880325_598l41"
                         BASELINE="1228,3202 1336,3194 1445,3190 1554,3186 1663,3185 1772,3184 1880,3184 1989,3186 2098,3188 2207,3190 2316,3192 2424,3195 2533,3198 2642,3200 2751,3202 2860,3204 2968,3204 3077,3204 3186,3203 3295,3200 3404,3196"
                         HEIGHT="129"
                         WIDTH="2207"
                         VPOS="3119"
                         HPOS="1213">
                  <String ID="string_region_1641882880325_598l41"
                          HEIGHT="129"
                          WIDTH="2207"
                          VPOS="3119"
                          HPOS="1213"
                          CONTENT="ie pourroit vendere 4 pie ces de suckres contre un sac de galles non"/>
               </TextLine>
               <TextLine ID="region_1641882880325_598l42"
                         BASELINE="1238,3286 1345,3281 1452,3277 1560,3274 1667,3272 1775,3270 1882,3270 1989,3271 2097,3272 2204,3274 2312,3275 2419,3278 2526,3279 2634,3282 2741,3284 2849,3286 2956,3286 3063,3288 3171,3290 3278,3290 3386,3288"
                         HEIGHT="150"
                         WIDTH="2179"
                         VPOS="3185"
                         HPOS="1224">
                  <String ID="string_region_1641882880325_598l42"
                          HEIGHT="150"
                          WIDTH="2179"
                          VPOS="3185"
                          HPOS="1224"
                          CONTENT="obstante cest ien manchandise se vent fort peu a bruges  bruselle"/>
               </TextLine>
               <TextLine ID="region_1641882880325_598l43"
                         BASELINE="1246,3360 1352,3356 1458,3352 1564,3352 1671,3350 1777,3350 1883,3352 1990,3352 2096,3354 2202,3356 2309,3360 2415,3362 2521,3364 2627,3366 2734,3368 2840,3370 2946,3370 3053,3372 3159,3370 3265,3370 3372,3368"
                         HEIGHT="130"
                         WIDTH="2157"
                         VPOS="3298"
                         HPOS="1230">
                  <String ID="string_region_1641882880325_598l43"
                          HEIGHT="130"
                          WIDTH="2157"
                          VPOS="3298"
                          HPOS="1230"
                          CONTENT="si vous voules envoijer vostre ordre positive de que partie vous"/>
               </TextLine>
               <TextLine ID="region_1641882880325_598l44"
                         BASELINE="1230,3438 1336,3432 1443,3428 1549,3426 1656,3424 1763,3424 1869,3424 1976,3426 2082,3428 2189,3430 2296,3433 2402,3436 2509,3438 2615,3440 2722,3444 2829,3446 2935,3447 3042,3448 3148,3448 3255,3446 3362,3444"
                         HEIGHT="117"
                         WIDTH="2163"
                         VPOS="3393"
                         HPOS="1214">
                  <String ID="string_region_1641882880325_598l44"
                          HEIGHT="117"
                          WIDTH="2163"
                          VPOS="3393"
                          HPOS="1214"
                          CONTENT="voules en voir avior envoije a lille et a qui car ie ne veu pas que"/>
               </TextLine>
               <TextLine ID="region_1641882880325_598l45"
                         BASELINE="1234,3520 1340,3518 1446,3516 1552,3515 1658,3514 1765,3514 1871,3514 1977,3514 2083,3515 2189,3516 2296,3518 2402,3520 2508,3522 2614,3524 2720,3527 2827,3530 2933,3532 3039,3536 3145,3540 3251,3544 3358,3546"
                         HEIGHT="139"
                         WIDTH="2154"
                         VPOS="3437"
                         HPOS="1219">
                  <String ID="string_region_1641882880325_598l45"
                          HEIGHT="139"
                          WIDTH="2154"
                          VPOS="3437"
                          HPOS="1219"
                          CONTENT="vous m'envoije pour un pattar de marchandise pour me plaire"/>
               </TextLine>
               <TextLine ID="region_1641882880325_598l46"
                         BASELINE="1236,3608 1344,3604 1452,3602 1560,3600 1668,3598 1776,3598 1884,3598 1992,3598 2100,3598 2208,3600 2316,3602 2424,3604 2532,3606 2640,3608 2748,3610 2856,3612 2964,3614 3072,3616 3180,3618 3288,3618 3396,3620"
                         HEIGHT="182"
                         WIDTH="2192"
                         VPOS="3504"
                         HPOS="1221">
                  <String ID="string_region_1641882880325_598l46"
                          HEIGHT="182"
                          WIDTH="2192"
                          VPOS="3504"
                          HPOS="1221"
                          CONTENT="et ie vous conseille de ne rien faire sans que vous iuge vostre intri"/>
               </TextLine>
               <TextLine ID="region_1641882880325_598l47"
                         BASELINE="1226,3692 1334,3688 1442,3684 1551,3682 1659,3680 1768,3680 1876,3680 1984,3680 2093,3682 2201,3684 2310,3686 2418,3689 2526,3692 2635,3696 2743,3698 2852,3702 2960,3704 3068,3708 3177,3710 3285,3712 3394,3714"
                         HEIGHT="119"
                         WIDTH="2197"
                         VPOS="3631"
                         HPOS="1212">
                  <String ID="string_region_1641882880325_598l47"
                          HEIGHT="119"
                          WIDTH="2197"
                          VPOS="3631"
                          HPOS="1212"
                          CONTENT="il ne faut pas envoijer iay autre dhuile, que celles d'aleppo car celles"/>
               </TextLine>
               <TextLine ID="region_1641882880325_598l48"
                         BASELINE="1222,3778 1330,3774 1438,3770 1546,3768 1654,3768 1763,3768 1871,3768 1979,3768 2087,3770 2195,3772 2304,3774 2412,3778 2520,3781 2628,3784 2736,3788 2845,3792 2953,3795 3061,3799 3169,3802 3277,3806 3386,3810"
                         HEIGHT="122"
                         WIDTH="2195"
                         VPOS="3691"
                         HPOS="1207">
                  <String ID="string_region_1641882880325_598l48"
                          HEIGHT="122"
                          WIDTH="2195"
                          VPOS="3691"
                          HPOS="1207"
                          CONTENT="de cevilie ou geunes ne sont pas tant demandes, et de tout n'envoy"/>
               </TextLine>
               <TextLine ID="region_1641882880325_598l49"
                         BASELINE="1214,3856 1322,3854 1431,3854 1540,3852 1649,3854 1758,3854 1866,3856 1975,3858 2084,3860 2193,3863 2302,3866 2410,3869 2519,3872 2628,3876 2737,3880 2846,3884 2954,3887 3063,3890 3172,3894 3281,3896 3390,3900"
                         HEIGHT="160"
                         WIDTH="2209"
                         VPOS="3784"
                         HPOS="1199">
                  <String ID="string_region_1641882880325_598l49"
                          HEIGHT="160"
                          WIDTH="2209"
                          VPOS="3784"
                          HPOS="1199"
                          CONTENT="ien maij un preuves, car ont ce me prende souvent a des grosset"/>
               </TextLine>
               <TextLine ID="region_1641882880325_598l50"
                         BASELINE="1222,3930 1330,3927 1438,3926 1546,3924 1655,3924 1763,3925 1871,3926 1980,3928 2088,3932 2196,3934 2305,3938 2413,3942 2521,3946 2629,3950 2738,3956 2846,3960 2954,3964 3063,3968 3171,3972 3279,3976 3388,3978"
                         HEIGHT="129"
                         WIDTH="2199"
                         VPOS="3880"
                         HPOS="1206">
                  <String ID="string_region_1641882880325_598l50"
                          HEIGHT="129"
                          WIDTH="2199"
                          VPOS="3880"
                          HPOS="1206"
                          CONTENT="parties et icj le debit est fort petit, seu qu'ils recevent les galles por"/>
               </TextLine>
               <TextLine ID="region_1641882880325_598l51"
                         BASELINE="1234,4022 1338,4018 1443,4015 1548,4013 1653,4012 1758,4012 1862,4012 1967,4013 2072,4014 2177,4016 2282,4020 2386,4023 2491,4026 2596,4031 2701,4035 2806,4041 2910,4046 3015,4050 3120,4056 3225,4063 3330,4070"
                         HEIGHT="191"
                         WIDTH="2129"
                         VPOS="3929"
                         HPOS="1218">
                  <String ID="string_region_1641882880325_598l51"
                          HEIGHT="191"
                          WIDTH="2129"
                          VPOS="3929"
                          HPOS="1218"
                          CONTENT="cette convoije non paye que £4:16:- pour celles d'alespo"/>
               </TextLine>
               <TextLine ID="region_1641882880325_598l52"
                         BASELINE="1222,4102 1328,4100 1435,4097 1542,4096 1649,4094 1756,4094 1862,4094 1969,4094 2076,4096 2183,4098 2290,4100 2396,4103 2503,4106 2610,4110 2717,4114 2824,4118 2930,4124 3037,4130 3144,4135 3251,4140 3358,4148"
                         HEIGHT="171"
                         WIDTH="2170"
                         VPOS="4026"
                         HPOS="1206">
                  <String ID="string_region_1641882880325_598l52"
                          HEIGHT="171"
                          WIDTH="2170"
                          VPOS="4026"
                          HPOS="1206"
                          CONTENT="i'ay accepte vostre traite £200:- a 30 ƒt10 vous plosent"/>
               </TextLine>
               <TextLine ID="region_1641882880325_598l53"
                         BASELINE="1222,4184 1330,4181 1438,4178 1546,4178 1654,4178 1762,4178 1870,4180 1978,4181 2086,4184 2194,4186 2302,4189 2410,4192 2518,4196 2626,4200 2734,4204 2842,4208 2950,4212 3058,4216 3166,4220 3274,4224 3382,4228"
                         HEIGHT="160"
                         WIDTH="2195"
                         VPOS="4113"
                         HPOS="1205">
                  <String ID="string_region_1641882880325_598l53"
                          HEIGHT="160"
                          WIDTH="2195"
                          VPOS="4113"
                          HPOS="1205"
                          CONTENT="de me tiret plus car les d'enteles porteront pre de £400 de gu"/>
               </TextLine>
               <TextLine ID="region_1641882880325_598l54"
                         BASELINE="1222,4262 1330,4262 1438,4262 1547,4264 1655,4266 1764,4268 1872,4268 1980,4271 2089,4274 2197,4276 2306,4278 2414,4280 2522,4284 2631,4286 2739,4290 2848,4292 2956,4296 3064,4300 3173,4304 3281,4307 3390,4310"
                         HEIGHT="147"
                         WIDTH="2200"
                         VPOS="4199"
                         HPOS="1207">
                  <String ID="string_region_1641882880325_598l54"
                          HEIGHT="147"
                          WIDTH="2200"
                          VPOS="4199"
                          HPOS="1207"
                          CONTENT="ses le plomb  le tabacquo se peu vendent a present, il faut ene"/>
               </TextLine>
               <TextLine ID="region_1641882880325_598l55"
                         BASELINE="1228,4340 1335,4340 1442,4340 1549,4342 1657,4344 1764,4345 1871,4347 1979,4349 2086,4352 2193,4354 2301,4358 2408,4360 2515,4364 2622,4367 2730,4370 2837,4374 2944,4378 3052,4381 3159,4384 3266,4388 3374,4392"
                         HEIGHT="134"
                         WIDTH="2177"
                         VPOS="4264"
                         HPOS="1213">
                  <String ID="string_region_1641882880325_598l55"
                          HEIGHT="134"
                          WIDTH="2177"
                          VPOS="4264"
                          HPOS="1213"
                          CONTENT="attendre, cependent il me faut payer vos traites cependantes i'ay pas"/>
               </TextLine>
               <TextLine ID="region_1641882880325_598l56"
                         BASELINE="1228,4418 1335,4418 1443,4420 1550,4422 1658,4426 1765,4429 1873,4434 1980,4438 2088,4442 2195,4446 2303,4450 2410,4453 2518,4456 2625,4458 2733,4462 2840,4462 2948,4464 3055,4464 3163,4462 3270,4459 3378,4456"
                         HEIGHT="136"
                         WIDTH="2183"
                         VPOS="4357"
                         HPOS="1212">
                  <String ID="string_region_1641882880325_598l56"
                          HEIGHT="136"
                          WIDTH="2183"
                          VPOS="4357"
                          HPOS="1212"
                          CONTENT="encore receu un sois de la leune dont ie vous ay envoye le compte"/>
               </TextLine>
            </TextBlock>
            <TextBlock ID="region_1641882884469_601"
                       HEIGHT="4443"
                       WIDTH="2580"
                       VPOS="115"
                       HPOS="3405">
               <Shape>
                  <Polygon POINTS="3445,125 5985,115 5985,4558 3405,4523"/>
               </Shape>
               <TextLine ID="region_1641882884469_601l1"
                         BASELINE="3580,216 3699,214 3819,212 3939,210 4058,210 4178,210 4298,210 4417,212 4537,214 4657,216 4777,218 4896,220 5016,222 5136,226 5255,230 5375,232 5495,235 5614,238 5734,242 5854,244 5974,246"
                         HEIGHT="181"
                         WIDTH="2425"
                         VPOS="115"
                         HPOS="3565">
                  <String ID="string_region_1641882884469_601l1"
                          HEIGHT="181"
                          WIDTH="2425"
                          VPOS="115"
                          HPOS="3565"
                          CONTENT="de wrte a son seepe e p  rede e e piie gi ed eloy die cisa"/>
               </TextLine>
               <TextLine ID="region_1641882884469_601l2"
                         BASELINE="3576,314 3696,307 3816,302 3937,298 4057,296 4178,296 4298,296 4418,298 4539,301 4659,304 4780,307 4900,310 5020,314 5141,318 5261,320 5382,322 5502,324 5622,324 5743,324 5863,322 5984,318"
                         HEIGHT="148"
                         WIDTH="2438"
                         VPOS="249"
                         HPOS="3561">
                  <String ID="string_region_1641882884469_601l2"
                          HEIGHT="148"
                          WIDTH="2438"
                          VPOS="249"
                          HPOS="3561"
                          CONTENT="a present generalement trop chere ce qui chose com ce possent icy avec le nauss"/>
               </TextLine>
               <TextLine ID="region_1641882884469_601l3"
                         BASELINE="3556,408 3675,399 3794,392 3913,388 4032,386 4151,386 4270,386 4389,388 4508,392 4627,396 4747,400 4866,404 4985,410 5104,414 5223,418 5342,422 5461,424 5580,426 5699,426 5818,424 5938,422"
                         HEIGHT="130"
                         WIDTH="2417"
                         VPOS="347"
                         HPOS="3539">
                  <String ID="string_region_1641882884469_601l3"
                          HEIGHT="130"
                          WIDTH="2417"
                          VPOS="347"
                          HPOS="3539"
                          CONTENT="iay encore les plus parte de vostre frieses les quelles doivent refter ius que"/>
               </TextLine>
               <TextLine ID="region_1641882884469_601l4"
                         BASELINE="3578,506 3697,496 3817,488 3936,480 4056,477 4175,474 4295,474 4414,474 4534,476 4653,480 4773,482 4892,488 5012,491 5131,495 5251,500 5370,504 5490,508 5609,510 5729,512 5848,512 5968,510"
                         HEIGHT="113"
                         WIDTH="2423"
                         VPOS="429"
                         HPOS="3561">
                  <String ID="string_region_1641882884469_601l4"
                          HEIGHT="113"
                          WIDTH="2423"
                          VPOS="429"
                          HPOS="3561"
                          CONTENT="sber prochaine le saison estant passé et pour de charges ce vent poiunt de tous"/>
               </TextLine>
               <TextLine ID="region_1641882884469_601l5"
                         BASELINE="3574,582 3692,573 3810,566 3929,560 4047,557 4166,556 4284,554 4402,556 4521,558 4639,561 4758,564 4876,569 4994,573 5113,578 5231,582 5350,586 5468,590 5586,594 5705,596 5823,598 5942,598"
                         HEIGHT="104"
                         WIDTH="2400"
                         VPOS="518"
                         HPOS="3558">
                  <String ID="string_region_1641882884469_601l5"
                          HEIGHT="104"
                          WIDTH="2400"
                          VPOS="518"
                          HPOS="3558"
                          CONTENT="ie ne veu par d'asperence que le change ossera si sost, car il manque trop de"/>
               </TextLine>
               <TextLine ID="region_1641882884469_601l6"
                         BASELINE="3584,666 3700,659 3816,652 3932,648 4048,646 4164,645 4280,644 4396,646 4512,648 4628,650 4744,654 4860,656 4976,660 5092,664 5208,668 5324,672 5440,674 5556,676 5672,678 5788,678 5904,678"
                         HEIGHT="121"
                         WIDTH="2354"
                         VPOS="609"
                         HPOS="3568">
                  <String ID="string_region_1641882884469_601l6"
                          HEIGHT="121"
                          WIDTH="2354"
                          VPOS="609"
                          HPOS="3568"
                          CONTENT="tout cotte ie suis marij que ie ne pas vendu vostre sabacque passée un mois"/>
               </TextLine>
               <TextLine ID="region_1641882884469_601l7"
                         BASELINE="3562,758 3683,750 3804,744 3925,740 4046,738 4167,738 4288,738 4409,740 4530,742 4651,746 4772,750 4893,754 5014,758 5135,762 5256,767 5377,770 5498,774 5619,776 5740,778 5861,777 5982,776"
                         HEIGHT="108"
                         WIDTH="2455"
                         VPOS="694"
                         HPOS="3545">
                  <String ID="string_region_1641882884469_601l7"
                          HEIGHT="108"
                          WIDTH="2455"
                          VPOS="694"
                          HPOS="3545"
                          CONTENT="quen la perquand on voula avoir de change a 33 a 34 un outre nayent"/>
               </TextLine>
               <TextLine ID="region_1641882884469_601l8"
                         BASELINE="3580,846 3699,838 3819,834 3939,830 4058,828 4178,828 4298,828 4417,829 4537,832 4657,834 4777,838 4896,842 5016,846 5136,850 5255,854 5375,857 5495,860 5614,862 5734,864 5854,864 5974,864"
                         HEIGHT="105"
                         WIDTH="2425"
                         VPOS="777"
                         HPOS="3563">
                  <String ID="string_region_1641882884469_601l8"
                          HEIGHT="105"
                          WIDTH="2425"
                          VPOS="777"
                          HPOS="3563"
                          CONTENT="pas pries cette messures ont vendu et tout les boutique il vous donneray advise"/>
               </TextLine>
               <TextLine ID="region_1641882884469_601l9"
                         BASELINE="3570,936 3689,928 3809,920 3929,914 4049,910 4169,909 4288,908 4408,908 4528,910 4648,914 4768,916 4887,920 5007,924 5127,928 5247,934 5367,937 5486,940 5606,944 5726,946 5846,948 5966,948"
                         HEIGHT="115"
                         WIDTH="2428"
                         VPOS="875"
                         HPOS="3555">
                  <String ID="string_region_1641882884469_601l9"
                          HEIGHT="115"
                          WIDTH="2428"
                          VPOS="875"
                          HPOS="3555"
                          CONTENT="de ce que passera icy ie suis i'ay boucous d'argent sur londres que ie vous vousrois"/>
               </TextLine>
               <TextLine ID="region_1641882884469_601l10"
                         BASELINE="3564,1018 3589,1015 3615,1013 3641,1011 3666,1009 3692,1008 3718,1006 3743,1004 3769,1004 3795,1002 3820,1002 3846,1000 3872,1000 3897,999 3923,998 3949,996 3974,994 4000,992 4026,988 4052,986"
                         HEIGHT="144"
                         WIDTH="525"
                         VPOS="914"
                         HPOS="3544">
                  <String ID="string_region_1641882884469_601l10"
                          HEIGHT="144"
                          WIDTH="525"
                          VPOS="914"
                          HPOS="3544"
                          CONTENT="laisser a 31 "/>
               </TextLine>
               <TextLine ID="region_1641882884469_601l11"
                         BASELINE="5210,1032 5247,1034 5284,1034 5321,1036 5358,1036 5396,1036 5433,1036 5470,1036 5507,1036 5544,1038 5582,1038 5619,1038 5656,1038 5693,1038 5730,1038 5768,1038 5805,1040 5842,1040 5879,1041 5916,1042 5954,1044"
                         HEIGHT="153"
                         WIDTH="777"
                         VPOS="945"
                         HPOS="5193">
                  <String ID="string_region_1641882884469_601l11"
                          HEIGHT="153"
                          WIDTH="777"
                          VPOS="945"
                          HPOS="5193"
                          CONTENT="Adij 13 februrij A° 1696"/>
               </TextLine>
               <TextLine ID="region_1641882884469_601l12"
                         BASELINE="3444,1130 3477,1122 3511,1116 3545,1111 3579,1105 3613,1102 3646,1099 3680,1096 3714,1093 3748,1090 3782,1088 3815,1086 3849,1085 3883,1084 3917,1083 3950,1082 3984,1082 4018,1081 4052,1080 4086,1079 4120,1078"
                         HEIGHT="192"
                         WIDTH="710"
                         VPOS="983"
                         HPOS="3423">
                  <String ID="string_region_1641882884469_601l12"
                          HEIGHT="192"
                          WIDTH="710"
                          VPOS="983"
                          HPOS="3423"
                          CONTENT="brussel govaert ververs"/>
               </TextLine>
               <TextLine ID="region_1641882884469_601l13"
                         BASELINE="3562,1186 3682,1176 3803,1166 3923,1160 4044,1155 4165,1152 4285,1152 4406,1152 4526,1154 4647,1158 4768,1162 4888,1166 5009,1172 5129,1179 5250,1186 5371,1192 5491,1198 5612,1204 5732,1209 5853,1214 5974,1218"
                         HEIGHT="182"
                         WIDTH="2444"
                         VPOS="1033"
                         HPOS="3547">
                  <String ID="string_region_1641882884469_601l13"
                          HEIGHT="182"
                          WIDTH="2444"
                          VPOS="1033"
                          HPOS="3547"
                          CONTENT="Ick heb ul brief van gisteren ontfangen met de wisselbrief van 1000 pattacons"/>
               </TextLine>
               <TextLine ID="region_1641882884469_601l14"
                         BASELINE="3554,1260 3674,1252 3794,1245 3915,1240 4035,1238 4156,1236 4276,1236 4396,1238 4517,1241 4637,1244 4758,1248 4878,1254 4998,1259 5119,1265 5239,1272 5360,1277 5480,1282 5600,1288 5721,1292 5841,1296 5962,1300"
                         HEIGHT="149"
                         WIDTH="2440"
                         VPOS="1166"
                         HPOS="3537">
                  <String ID="string_region_1641882884469_601l14"
                          HEIGHT="149"
                          WIDTH="2440"
                          VPOS="1166"
                          HPOS="3537"
                          CONTENT="ten laste de weduwe huijbreckts den welcke ick ingesloten geaccepteert wederom"/>
               </TextLine>
               <TextLine ID="region_1641882884469_601l15"
                         BASELINE="3572,1334 3691,1328 3811,1324 3931,1320 4050,1319 4170,1318 4290,1320 4409,1322 4529,1324 4649,1328 4769,1333 4888,1338 5008,1344 5128,1350 5247,1356 5367,1363 5487,1368 5606,1374 5726,1379 5846,1386 5966,1390"
                         HEIGHT="189"
                         WIDTH="2426"
                         VPOS="1253"
                         HPOS="3557">
                  <String ID="string_region_1641882884469_601l15"
                          HEIGHT="189"
                          WIDTH="2426"
                          VPOS="1253"
                          HPOS="3557"
                          CONTENT="sende ul magh daer over geen excusie maecken imployeert mij vrijelijck alle daeg"/>
               </TextLine>
               <TextLine ID="region_1641882884469_601l16"
                         BASELINE="3562,1408 3680,1406 3798,1406 3917,1404 4035,1406 4154,1406 4272,1406 4390,1408 4509,1410 4627,1413 4746,1416 4864,1420 4982,1424 5101,1430 5219,1436 5338,1442 5456,1450 5574,1458 5693,1466 5811,1474 5930,1486"
                         HEIGHT="168"
                         WIDTH="2402"
                         VPOS="1357"
                         HPOS="3546">
                  <String ID="string_region_1641882884469_601l16"
                          HEIGHT="168"
                          WIDTH="2402"
                          VPOS="1357"
                          HPOS="3546"
                          CONTENT="want dat sal u niet costen en sal mij aengenaem sijn dat ick u can dienst"/>
               </TextLine>
               <TextLine ID="region_1641882884469_601l17"
                         BASELINE="3558,1500 3678,1496 3799,1493 3920,1492 4041,1492 4162,1492 4282,1496 4403,1498 4524,1502 4645,1506 4766,1510 4886,1516 5007,1521 5128,1526 5249,1531 5370,1535 5490,1540 5611,1543 5732,1546 5853,1548 5974,1550"
                         HEIGHT="165"
                         WIDTH="2450"
                         VPOS="1434"
                         HPOS="3542">
                  <String ID="string_region_1641882884469_601l17"
                          HEIGHT="165"
                          WIDTH="2450"
                          VPOS="1434"
                          HPOS="3542"
                          CONTENT="doen, is moet daerom niet overcomen maerdisponeert van u gelt par geschrijft"/>
               </TextLine>
               <TextLine ID="region_1641882884469_601l18"
                         BASELINE="3558,1572 3678,1571 3799,1570 3920,1570 4041,1572 4162,1574 4282,1576 4403,1578 4524,1582 4645,1586 4766,1591 4886,1596 5007,1600 5128,1606 5249,1612 5370,1618 5490,1622 5611,1628 5732,1634 5853,1638 5974,1644"
                         HEIGHT="149"
                         WIDTH="2448"
                         VPOS="1536"
                         HPOS="3543">
                  <String ID="string_region_1641882884469_601l18"
                          HEIGHT="149"
                          WIDTH="2448"
                          VPOS="1536"
                          HPOS="3543"
                          CONTENT="met clijne oft groote partije gelijcke u gelegen cont en ick sal alles promt betaelen"/>
               </TextLine>
               <TextLine ID="region_1641882884469_601l19"
                         BASELINE="3548,1650 3665,1648 3783,1646 3901,1646 4019,1648 4137,1650 4255,1652 4373,1654 4491,1658 4609,1662 4727,1666 4844,1672 4962,1675 5080,1680 5198,1685 5316,1690 5434,1694 5552,1697 5670,1700 5788,1703 5906,1706"
                         HEIGHT="182"
                         WIDTH="2393"
                         VPOS="1580"
                         HPOS="3529">
                  <String ID="string_region_1641882884469_601l19"
                          HEIGHT="182"
                          WIDTH="2393"
                          VPOS="1580"
                          HPOS="3529"
                          CONTENT="doch soo ul geliefde over te comen om te comen om iets te coopen dat sal mij"/>
               </TextLine>
               <TextLine ID="region_1641882884469_601l20"
                         BASELINE="3548,1728 3667,1728 3787,1728 3906,1728 4026,1730 4145,1732 4265,1734 4384,1737 4504,1740 4623,1744 4743,1749 4862,1754 4982,1758 5101,1762 5221,1767 5340,1772 5460,1777 5579,1780 5699,1784 5818,1788 5938,1792"
                         HEIGHT="133"
                         WIDTH="2424"
                         VPOS="1688"
                         HPOS="3533">
                  <String ID="string_region_1641882884469_601l20"
                          HEIGHT="133"
                          WIDTH="2424"
                          VPOS="1688"
                          HPOS="3533"
                          CONTENT="aengenaem sijn ons convoije is godt lof tot offende gearriveert en verwachte"/>
               </TextLine>
               <TextLine ID="region_1641882884469_601l21"
                         BASELINE="3564,1816 3683,1813 3803,1812 3923,1812 4043,1814 4163,1816 4283,1820 4403,1824 4523,1828 4643,1833 4763,1838 4882,1844 5002,1849 5122,1854 5242,1858 5362,1860 5482,1864 5602,1864 5722,1864 5842,1864 5962,1860"
                         HEIGHT="128"
                         WIDTH="2427"
                         VPOS="1762"
                         HPOS="3549">
                  <String ID="string_region_1641882884469_601l21"
                          HEIGHT="128"
                          WIDTH="2427"
                          VPOS="1762"
                          HPOS="3549"
                          CONTENT="daer nevens veele versche goederen, doch ick ben godt lof soo wel voorsien"/>
               </TextLine>
               <TextLine ID="region_1641882884469_601l22"
                         BASELINE="3560,1898 3677,1898 3794,1898 3911,1901 4028,1904 4145,1907 4262,1910 4379,1914 4496,1918 4613,1924 4731,1928 4848,1932 4965,1936 5082,1940 5199,1944 5316,1948 5433,1950 5550,1952 5667,1954 5784,1954 5902,1954"
                         HEIGHT="118"
                         WIDTH="2377"
                         VPOS="1864"
                         HPOS="3543">
                  <String ID="string_region_1641882884469_601l22"
                          HEIGHT="118"
                          WIDTH="2377"
                          VPOS="1864"
                          HPOS="3543"
                          CONTENT="vanden voor desen goeden coop dat men aen dit nieuw niet seer moet"/>
               </TextLine>
               <TextLine ID="region_1641882884469_601l23"
                         BASELINE="3560,1970 3675,1972 3791,1974 3906,1976 4022,1980 4138,1985 4253,1990 4369,1996 4484,2001 4600,2008 4716,2014 4831,2020 4947,2026 5062,2031 5178,2036 5294,2040 5409,2044 5525,2047 5640,2048 5756,2050 5872,2048"
                         HEIGHT="184"
                         WIDTH="2349"
                         VPOS="1908"
                         HPOS="3543">
                  <String ID="string_region_1641882884469_601l23"
                          HEIGHT="184"
                          WIDTH="2349"
                          VPOS="1908"
                          HPOS="3543"
                          CONTENT="verlangen en gelieft ul een partije met mij aen te gaen ick sal u heel"/>
               </TextLine>
               <TextLine ID="region_1641882884469_601l24"
                         BASELINE="3556,2052 3675,2054 3795,2058 3914,2060 4034,2064 4154,2068 4273,2074 4393,2079 4512,2085 4632,2090 4752,2096 4871,2102 4991,2108 5110,2114 5230,2122 5350,2127 5469,2133 5589,2139 5708,2145 5828,2150 5948,2156"
                         HEIGHT="212"
                         WIDTH="2428"
                         VPOS="1979"
                         HPOS="3539">
                  <String ID="string_region_1641882884469_601l24"
                          HEIGHT="212"
                          WIDTH="2428"
                          VPOS="1979"
                          HPOS="3539"
                          CONTENT="lichtelijck een honders pattacons comen doen winnen uyt consideratie van"/>
               </TextLine>
               <TextLine ID="region_1641882884469_601l25"
                         BASELINE="3552,2152 3584,2151 3617,2149 3649,2148 3682,2146 3715,2144 3747,2143 3780,2142 3812,2140 3845,2140 3878,2139 3910,2138 3943,2138 3975,2138 4008,2138 4041,2138 4073,2138 4106,2140 4138,2141 4171,2143 4204,2144"
                         HEIGHT="140"
                         WIDTH="683"
                         VPOS="2057"
                         HPOS="3537">
                  <String ID="string_region_1641882884469_601l25"
                          HEIGHT="140"
                          WIDTH="683"
                          VPOS="2057"
                          HPOS="3537"
                          CONTENT="ons oude vrinschap"/>
               </TextLine>
               <TextLine ID="region_1641882884469_601l26"
                         BASELINE="5508,2224 5535,2221 5562,2219 5589,2217 5616,2215 5643,2213 5670,2210 5697,2210 5724,2210 5751,2212 5778,2214"
                         HEIGHT="111"
                         WIDTH="305"
                         VPOS="2141"
                         HPOS="5490">
                  <String ID="string_region_1641882884469_601l26"
                          HEIGHT="111"
                          WIDTH="305"
                          VPOS="2141"
                          HPOS="5490"
                          CONTENT="18 ditto"/>
               </TextLine>
               <TextLine ID="region_1641882884469_601l27"
                         BASELINE="3440,2228 3477,2228 3515,2228 3552,2227 3590,2226 3628,2226 3665,2225 3703,2224 3740,2224 3778,2222 3816,2222 3853,2222 3891,2220 3928,2220 3966,2220 4004,2220 4041,2221 4079,2222 4116,2222 4154,2224 4192,2226"
                         HEIGHT="165"
                         WIDTH="787"
                         VPOS="2119"
                         HPOS="3422">
                  <String ID="string_region_1641882884469_601l27"
                          HEIGHT="165"
                          WIDTH="787"
                          VPOS="2119"
                          HPOS="3422"
                          CONTENT="brussel Anthonij rousseaus"/>
               </TextLine>
               <TextLine ID="region_1641882884469_601l28"
                         BASELINE="3538,2292 3657,2292 3777,2292 3896,2292 4016,2294 4135,2296 4255,2298 4374,2302 4494,2304 4613,2308 4733,2312 4852,2315 4972,2319 5091,2324 5211,2328 5330,2330 5450,2334 5569,2336 5689,2340 5808,2341 5928,2342"
                         HEIGHT="203"
                         WIDTH="2424"
                         VPOS="2188"
                         HPOS="3523">
                  <String ID="string_region_1641882884469_601l28"
                          HEIGHT="203"
                          WIDTH="2424"
                          VPOS="2188"
                          HPOS="3523"
                          CONTENT="i'aij la chere vostre du 11 courant, il est bien que les S. segers a paiye vous"/>
               </TextLine>
               <TextLine ID="region_1641882884469_601l29"
                         BASELINE="3550,2366 3666,2362 3783,2360 3900,2361 4017,2362 4134,2365 4251,2368 4368,2372 4485,2378 4602,2383 4719,2390 4835,2396 4952,2400 5069,2407 5186,2412 5303,2416 5420,2420 5537,2424 5654,2426 5771,2426 5888,2426"
                         HEIGHT="165"
                         WIDTH="2374"
                         VPOS="2315"
                         HPOS="3532">
                  <String ID="string_region_1641882884469_601l29"
                          HEIGHT="165"
                          WIDTH="2374"
                          VPOS="2315"
                          HPOS="3532"
                          CONTENT="en este debite comme ie fairaij pour vostre traite de £50:- a payer pour"/>
               </TextLine>
               <TextLine ID="region_1641882884469_601l30"
                         BASELINE="3544,2422 3570,2421 3597,2420 3623,2420 3650,2418 3677,2418 3703,2417 3730,2416 3756,2416 3783,2415 3810,2414 3836,2414 3863,2414 3889,2414 3916,2414 3943,2414 3969,2414 3996,2414 4022,2414 4049,2414 4076,2416"
                         HEIGHT="126"
                         WIDTH="565"
                         VPOS="2347"
                         HPOS="3527">
                  <String ID="string_region_1641882884469_601l30"
                          HEIGHT="126"
                          WIDTH="565"
                          VPOS="2347"
                          HPOS="3527"
                          CONTENT="hetene brockmans"/>
               </TextLine>
               <TextLine ID="region_1641882884469_601l31"
                         BASELINE="3564,2524 3680,2532 3796,2541 3912,2548 4029,2556 4145,2564 4261,2573 4378,2581 4494,2586 4610,2592 4727,2600 4843,2604 4959,2609 5075,2613 5192,2617 5308,2619 5424,2620 5541,2622 5657,2622 5773,2620 5890,2618"
                         HEIGHT="238"
                         WIDTH="2358"
                         VPOS="2441"
                         HPOS="3547">
                  <String ID="string_region_1641882884469_601l31"
                          HEIGHT="238"
                          WIDTH="2358"
                          VPOS="2441"
                          HPOS="3547"
                          CONTENT="le change de londres est a present 306 et on a pas d'opinion quil"/>
               </TextLine>
               <TextLine ID="region_1641882884469_601l32"
                         BASELINE="3548,2616 3667,2621 3787,2626 3906,2633 4026,2640 4145,2646 4265,2654 4384,2661 4504,2668 4623,2674 4743,2682 4862,2688 4982,2694 5101,2698 5221,2704 5340,2706 5460,2709 5579,2710 5699,2710 5818,2710 5938,2708"
                         HEIGHT="219"
                         WIDTH="2425"
                         VPOS="2544"
                         HPOS="3531">
                  <String ID="string_region_1641882884469_601l32"
                          HEIGHT="219"
                          WIDTH="2425"
                          VPOS="2544"
                          HPOS="3531"
                          CONTENT="affera pour boucoup de raisons dont nous sommes bien informe cependant "/>
               </TextLine>
               <TextLine ID="region_1641882884469_601l33"
                         BASELINE="3548,2704 3667,2708 3787,2712 3906,2717 4026,2724 4146,2730 4265,2736 4385,2744 4504,2751 4624,2758 4744,2765 4863,2772 4983,2778 5102,2784 5222,2788 5342,2792 5461,2796 5581,2798 5700,2798 5820,2796 5940,2794"
                         HEIGHT="179"
                         WIDTH="2427"
                         VPOS="2653"
                         HPOS="3532">
                  <String ID="string_region_1641882884469_601l33"
                          HEIGHT="179"
                          WIDTH="2427"
                          VPOS="2653"
                          HPOS="3532"
                          CONTENT="ie fairaij comme pour may memne. iay la spiculation pour vous envoijer"/>
               </TextLine>
               <TextLine ID="region_1641882884469_601l34"
                         BASELINE="3544,2798 3662,2798 3781,2800 3900,2804 4019,2808 4138,2815 4256,2820 4375,2828 4494,2835 4613,2843 4732,2850 4850,2858 4969,2864 5088,2870 5207,2876 5326,2880 5444,2882 5563,2884 5682,2882 5801,2880 5920,2876"
                         HEIGHT="191"
                         WIDTH="2412"
                         VPOS="2755"
                         HPOS="3526">
                  <String ID="string_region_1641882884469_601l34"
                          HEIGHT="191"
                          WIDTH="2412"
                          VPOS="2755"
                          HPOS="3526"
                          CONTENT="quelque fois par occasion un pack ou deux de fines draps d'engleterres"/>
               </TextLine>
               <TextLine ID="region_1641882884469_601l35"
                         BASELINE="3544,2892 3660,2890 3777,2888 3894,2890 4011,2894 4128,2898 4244,2905 4361,2911 4478,2919 4595,2928 4712,2935 4828,2943 4945,2952 5062,2958 5179,2964 5296,2970 5412,2974 5529,2976 5646,2976 5763,2973 5880,2968"
                         HEIGHT="187"
                         WIDTH="2373"
                         VPOS="2845"
                         HPOS="3525">
                  <String ID="string_region_1641882884469_601l35"
                          HEIGHT="187"
                          WIDTH="2373"
                          VPOS="2845"
                          HPOS="3525"
                          CONTENT="si vous voules prandre la paine de les vendre ie vous donneray la "/>
               </TextLine>
               <TextLine ID="region_1641882884469_601l36"
                         BASELINE="3546,2980 3665,2980 3784,2982 3903,2984 4022,2988 4141,2992 4260,2999 4379,3005 4498,3012 4617,3019 4737,3026 4856,3032 4975,3039 5094,3044 5213,3050 5332,3054 5451,3056 5570,3058 5689,3059 5808,3058 5928,3054"
                         HEIGHT="150"
                         WIDTH="2411"
                         VPOS="2932"
                         HPOS="3530">
                  <String ID="string_region_1641882884469_601l36"
                          HEIGHT="150"
                          WIDTH="2411"
                          VPOS="2932"
                          HPOS="3530"
                          CONTENT="provision ordinaire et pour ne vous pas embrasser ce que ne pour un"/>
               </TextLine>
               <TextLine ID="region_1641882884469_601l37"
                         BASELINE="3552,3066 3669,3067 3786,3068 3903,3072 4020,3076 4138,3081 4255,3087 4372,3094 4489,3100 4606,3107 4724,3114 4841,3120 4958,3126 5075,3132 5192,3138 5310,3142 5427,3146 5544,3148 5661,3150 5778,3148 5896,3146"
                         HEIGHT="179"
                         WIDTH="2378"
                         VPOS="3030"
                         HPOS="3535">
                  <String ID="string_region_1641882884469_601l37"
                          HEIGHT="179"
                          WIDTH="2378"
                          VPOS="3030"
                          HPOS="3535"
                          CONTENT="pas a vendre a l'arrivement vous renvoyeray a moy, mais par son"/>
               </TextLine>
               <TextLine ID="region_1641882884469_601l38"
                         BASELINE="3546,3156 3666,3156 3787,3156 3907,3158 4028,3160 4148,3166 4269,3170 4389,3177 4510,3184 4630,3192 4751,3199 4871,3206 4992,3213 5112,3220 5233,3226 5353,3232 5474,3236 5594,3240 5715,3240 5835,3240 5956,3238"
                         HEIGHT="183"
                         WIDTH="2445"
                         VPOS="3122"
                         HPOS="3529">
                  <String ID="string_region_1641882884469_601l38"
                          HEIGHT="183"
                          WIDTH="2445"
                          VPOS="3122"
                          HPOS="3529"
                          CONTENT="ne doiverent pas connesance que vient de moij et vous pourraij dire qm'ie"/>
               </TextLine>
               <TextLine ID="region_1641882884469_601l39"
                         BASELINE="3548,3244 3665,3244 3782,3244 3899,3246 4016,3249 4133,3253 4250,3258 4367,3265 4484,3270 4601,3277 4718,3285 4835,3290 4952,3298 5069,3304 5186,3310 5303,3315 5420,3320 5537,3324 5654,3326 5771,3328 5888,3326"
                         HEIGHT="181"
                         WIDTH="2373"
                         VPOS="3184"
                         HPOS="3532">
                  <String ID="string_region_1641882884469_601l39"
                          HEIGHT="181"
                          WIDTH="2373"
                          VPOS="3184"
                          HPOS="3532"
                          CONTENT="de vos amis vous envoyet pour une preuve un pack, dont si ioient la "/>
               </TextLine>
               <TextLine ID="region_1641882884469_601l40"
                         BASELINE="3564,3330 3679,3330 3794,3332 3909,3336 4024,3338 4140,3344 4255,3348 4370,3354 4485,3359 4600,3366 4716,3372 4831,3377 4946,3383 5061,3390 5176,3394 5292,3400 5407,3404 5522,3408 5637,3411 5752,3414 5868,3414"
                         HEIGHT="182"
                         WIDTH="2337"
                         VPOS="3257"
                         HPOS="3547">
                  <String ID="string_region_1641882884469_601l40"
                          HEIGHT="182"
                          WIDTH="2337"
                          VPOS="3257"
                          HPOS="3547"
                          CONTENT="facture et les eschantilions et quil sera bien toft ches vous presente"/>
               </TextLine>
               <TextLine ID="region_1641882884469_601l41"
                         BASELINE="3536,3432 3656,3430 3776,3430 3896,3432 4017,3434 4137,3438 4257,3444 4378,3450 4498,3456 4618,3462 4739,3470 4859,3476 4979,3484 5099,3490 5220,3496 5340,3501 5460,3505 5581,3508 5701,3510 5821,3510 5942,3508"
                         HEIGHT="172"
                         WIDTH="2444"
                         VPOS="3393"
                         HPOS="3518">
                  <String ID="string_region_1641882884469_601l41"
                          HEIGHT="172"
                          WIDTH="2444"
                          VPOS="3393"
                          HPOS="3518"
                          CONTENT="cette partie a mons. kins, ververs, Ansillion oy mosselmans deet dit"/>
               </TextLine>
               <TextLine ID="region_1641882884469_601l42"
                         BASELINE="3556,3522 3675,3522 3794,3522 3913,3524 4032,3527 4151,3530 4270,3536 4389,3542 4508,3549 4627,3555 4747,3563 4866,3570 4985,3576 5104,3582 5223,3589 5342,3594 5461,3598 5580,3602 5699,3604 5818,3604 5938,3604"
                         HEIGHT="186"
                         WIDTH="2416"
                         VPOS="3468"
                         HPOS="3540">
                  <String ID="string_region_1641882884469_601l42"
                          HEIGHT="186"
                          WIDTH="2416"
                          VPOS="3468"
                          HPOS="3540"
                          CONTENT="quil ne tant pas vostre negoce po vous voules les vendre par le pack"/>
               </TextLine>
               <TextLine ID="region_1641882884469_601l43"
                         BASELINE="3540,3610 3658,3614 3776,3618 3894,3624 4012,3628 4130,3634 4248,3639 4366,3645 4484,3650 4602,3656 4721,3662 4839,3669 4957,3675 5075,3681 5193,3688 5311,3692 5429,3698 5547,3705 5665,3710 5783,3714 5902,3720"
                         HEIGHT="196"
                         WIDTH="2396"
                         VPOS="3543"
                         HPOS="3525">
                  <String ID="string_region_1641882884469_601l43"
                          HEIGHT="196"
                          WIDTH="2396"
                          VPOS="3543"
                          HPOS="3525"
                          CONTENT="entrien, n'estent que 6 pieces differente prices fort accomodables le"/>
               </TextLine>
               <TextLine ID="region_1641882884469_601l44"
                         BASELINE="3548,3696 3660,3705 3773,3714 3886,3723 3998,3730 4111,3737 4224,3744 4336,3750 4449,3755 4562,3761 4675,3767 4787,3772 4900,3777 5013,3782 5125,3786 5238,3791 5351,3796 5463,3800 5576,3805 5689,3810 5802,3814"
                         HEIGHT="228"
                         WIDTH="2291"
                         VPOS="3631"
                         HPOS="3532">
                  <String ID="string_region_1641882884469_601l44"
                          HEIGHT="228"
                          WIDTH="2291"
                          VPOS="3631"
                          HPOS="3532"
                          CONTENT="moindre price comme dans la nostre particuliere ou si veulent"/>
               </TextLine>
               <TextLine ID="region_1641882884469_601l45"
                         BASELINE="3532,3786 3652,3798 3773,3808 3894,3819 4015,3828 4136,3836 4256,3844 4377,3853 4498,3859 4619,3866 4740,3871 4860,3878 4981,3881 5102,3884 5223,3888 5344,3890 5464,3890 5585,3892 5706,3890 5827,3890 5948,3886"
                         HEIGHT="238"
                         WIDTH="2452"
                         VPOS="3716"
                         HPOS="3514">
                  <String ID="string_region_1641882884469_601l45"
                          HEIGHT="238"
                          WIDTH="2452"
                          VPOS="3716"
                          HPOS="3514"
                          CONTENT="donner 8p avans sur cette facture le change a 31 t vous presenteray"/>
               </TextLine>
               <TextLine ID="region_1641882884469_601l46"
                         BASELINE="3532,3896 3652,3900 3772,3906 3893,3912 4013,3918 4134,3927 4254,3934 4374,3941 4495,3948 4615,3955 4736,3962 4856,3970 4976,3974 5097,3980 5217,3984 5338,3986 5458,3988 5578,3988 5699,3987 5819,3984 5940,3980"
                         HEIGHT="227"
                         WIDTH="2441"
                         VPOS="3831"
                         HPOS="3516">
                  <String ID="string_region_1641882884469_601l46"
                          HEIGHT="227"
                          WIDTH="2441"
                          VPOS="3831"
                          HPOS="3516"
                          CONTENT="brun, ou l'autre laisse moy vostre responce citto pour vous envoijer"/>
               </TextLine>
               <TextLine ID="region_1641882884469_601l47"
                         BASELINE="3528,3994 3644,3998 3761,4004 3878,4011 3995,4016 4112,4022 4229,4027 4346,4033 4463,4039 4580,4044 4697,4049 4813,4056 4930,4061 5047,4065 5164,4070 5281,4074 5398,4077 5515,4080 5632,4084 5749,4086 5866,4088"
                         HEIGHT="166"
                         WIDTH="2367"
                         VPOS="3933"
                         HPOS="3513">
                  <String ID="string_region_1641882884469_601l47"
                          HEIGHT="166"
                          WIDTH="2367"
                          VPOS="3933"
                          HPOS="3513"
                          CONTENT="encore ee pack cette semaine y sont de drap extremement courieus"/>
               </TextLine>
               <TextLine ID="region_1641882884469_601l48"
                         BASELINE="3540,4098 3608,4098 3677,4098 3745,4100 3814,4102 3882,4104 3951,4109 4019,4113 4088,4116 4156,4120 4225,4124 4293,4128 4362,4132 4430,4136 4499,4141 4567,4144 4636,4146 4704,4149 4773,4151 4841,4152 4910,4154"
                         HEIGHT="201"
                         WIDTH="1405"
                         VPOS="4014"
                         HPOS="3524">
                  <String ID="string_region_1641882884469_601l48"
                          HEIGHT="201"
                          WIDTH="1405"
                          VPOS="4014"
                          HPOS="3524"
                          CONTENT="en attendant de vous novelles ie suis"/>
               </TextLine>
               <TextLine ID="region_1641882884469_601l49"
                         BASELINE="3410,4150 3437,4155 3464,4158 3491,4162 3518,4166 3546,4167 3573,4168 3600,4170 3627,4170 3654,4171 3682,4172 3709,4172 3736,4170 3763,4170 3790,4170 3818,4170 3845,4170 3872,4170 3899,4170 3926,4170 3954,4172"
                         HEIGHT="173"
                         WIDTH="578"
                         VPOS="4032"
                         HPOS="3393">
                  <String ID="string_region_1641882884469_601l49"
                          HEIGHT="173"
                          WIDTH="578"
                          VPOS="4032"
                          HPOS="3393"
                          CONTENT="loven Jan de goede"/>
               </TextLine>
               <TextLine ID="region_1641882884469_601l50"
                         BASELINE="5370,4174 5396,4172 5423,4171 5449,4170 5476,4170 5503,4168 5529,4168 5556,4168 5582,4165 5609,4163 5636,4160"
                         HEIGHT="124"
                         WIDTH="301"
                         VPOS="4086"
                         HPOS="5351">
                  <String ID="string_region_1641882884469_601l50"
                          HEIGHT="124"
                          WIDTH="301"
                          VPOS="4086"
                          HPOS="5351"
                          CONTENT="14 ditto"/>
               </TextLine>
               <TextLine ID="region_1641882884469_601l51"
                         BASELINE="3538,4224 3657,4226 3777,4229 3897,4232 4017,4234 4137,4236 4256,4238 4376,4240 4496,4242 4616,4244 4736,4246 4855,4248 4975,4250 5095,4250 5215,4252 5335,4252 5454,4252 5574,4252 5694,4250 5814,4250 5934,4248"
                         HEIGHT="115"
                         WIDTH="2428"
                         VPOS="4168"
                         HPOS="3522">
                  <String ID="string_region_1641882884469_601l51"
                          HEIGHT="115"
                          WIDTH="2428"
                          VPOS="4168"
                          HPOS="3522"
                          CONTENT="in antwort aen den ul van 12 deser moet ick u seggen dat ick wat mis nocht"/>
               </TextLine>
               <TextLine ID="region_1641882884469_601l52"
                         BASELINE="3530,4288 3650,4290 3771,4292 3891,4294 4012,4296 4133,4300 4253,4302 4374,4306 4494,4308 4615,4312 4736,4314 4856,4316 4977,4318 5097,4320 5218,4322 5339,4324 5459,4324 5580,4324 5700,4324 5821,4322 5942,4320"
                         HEIGHT="134"
                         WIDTH="2443"
                         VPOS="4229"
                         HPOS="3516">
                  <String ID="string_region_1641882884469_601l52"
                          HEIGHT="134"
                          WIDTH="2443"
                          VPOS="4229"
                          HPOS="3516"
                          CONTENT="ben geweest over u betaelinge van den voordesen gesonden deventereken baeije en"/>
               </TextLine>
               <TextLine ID="region_1641882884469_601l53"
                         BASELINE="3522,4348 3641,4350 3760,4353 3879,4356 3998,4358 4117,4362 4236,4364 4355,4368 4474,4370 4593,4374 4712,4376 4831,4380 4950,4382 5069,4386 5188,4388 5307,4390 5426,4392 5545,4393 5664,4394 5783,4394 5902,4394"
                         HEIGHT="108"
                         WIDTH="2412"
                         VPOS="4291"
                         HPOS="3505">
                  <String ID="string_region_1641882884469_601l53"
                          HEIGHT="108"
                          WIDTH="2412"
                          VPOS="4291"
                          HPOS="3505"
                          CONTENT="dat daerom ick ul niet promt en hebbe geantwort: wij comen in engelandt niet als"/>
               </TextLine>
               <TextLine ID="region_1641882884469_601l54"
                         BASELINE="3524,4400 3644,4404 3765,4410 3885,4414 4006,4418 4127,4422 4247,4426 4368,4429 4488,4432 4609,4436 4730,4438 4850,4440 4971,4443 5091,4446 5212,4446 5333,4448 5453,4450 5574,4450 5694,4450 5815,4452 5936,4452"
                         HEIGHT="102"
                         WIDTH="2443"
                         VPOS="4365"
                         HPOS="3508">
                  <String ID="string_region_1641882884469_601l54"
                          HEIGHT="102"
                          WIDTH="2443"
                          VPOS="4365"
                          HPOS="3508"
                          CONTENT="niet contont gelt goet coopen ende op uwe betaelinge can men geen staet maeken"/>
               </TextLine>
               <TextLine ID="region_1641882884469_601l55"
                         BASELINE="3530,4468 3646,4472 3763,4476 3880,4480 3997,4484 4114,4486 4230,4488 4347,4490 4464,4490 4581,4492 4698,4494 4814,4494 4931,4494 5048,4494 5165,4494 5282,4494 5398,4494 5515,4494 5632,4494 5749,4492 5866,4492"
                         HEIGHT="86"
                         WIDTH="2369"
                         VPOS="4422"
                         HPOS="3513">
                  <String ID="string_region_1641882884469_601l55"
                          HEIGHT="86"
                          WIDTH="2369"
                          VPOS="4422"
                          HPOS="3513"
                          CONTENT="belieft ul sicht te verobligeren bij schrift op 6 a 8 maenden weder de leveringe"/>
               </TextLine>
            </TextBlock>
         </PrintSpace>
      </Page>
   </Layout>
</alto>
