7931 4630
2389 156 832 129 adij 21 junij A: 1695

714 150 1201 187 brussel francois vanden heck

999 232 2276 194 alsoo mons: gansacker de 4 flanellen niet en heeft willen mede packen

987 322 2207 166 soo heb ick u die een packen appaert per beurtschip u toegesonden

982 431 2282 123 in gevolgene medegaende facture bedragen ƒ210: 3 waervoor mu

990 517 2283 138 u.l gelieft te creditere, in een andere occasie te commanderen dit

2648 595 199 106 22d

702 560 635 141 brussel Rousseau

979 620 2296 170 sedert mijnen van gisteren, de uwen den selven dagh ontfangen volge

987 732 2066 151 hebt gij een briskens van £400 betaelt aen mons: verhagen

2694 823 113 115 23

726 817 930 205 Amst geerard Rover

957 973 2304 171 Mons. op 20 deser was aen u mijnen lesten met een cognossement

976 1055 2295 122 van de 2 packen n° 12 en 19 van inhout volgens dan gementioneer

982 1169 2158 103 hier nevens, de conossemeten van no 6. 717 sijnde mij seer

965 1205 2292 133 aengenaem bij den uwen van 20 ditto te verstaen het arrivement

974 1291 2248 134 van de hulsche vloot, verhope de schepen daer bij geintresseert ben

976 1366 2208 107 daer bij sijn. hebbe brieven over rotterdam van londen ½ doch niet

974 1457 2217 121 van m kent van den welcken hope te verstaen dat n° 4 5 tot

962 1503 2317 139 hul intijdts sal sijn gecomen, als mede noch 2 packen van eenen

970 1575 2237 178 kichad southel afgelaeden waervan naeste maendagh uwe het

962 1651 2197 158 noodich sal adviseren ter wijlen uwe bidde do uijterste expeditie

966 1746 2228 136 waer te nemen voor mijne packen op dat een ander voor mij

973 1826 2216 120 geen goet aen de mert en brenghe, sijnde mijne meeste haeste

963 1919 2233 96 voor  6 oft 19: 12 en 17. nu verlange ick morgen u brieven

962 1994 2255 98 te sien en verhope daermede ste £ 200 daer mede op londen

963 2058 2261 113 te ontfangen oft anders sal het niet wel wesen volgens dat het

967 2110 2224 182 hier nu haet want gisteren is tot 699 getrocken en heden van

972 2198 2307 169 27: 4 tot 6 en 7 de en meer gevers als brieven een ieder vervaert

958 2263 2305 186 sijnde dat de heeren van de banck van engelandt die nu hier sijn

975 2354 2238 183 die wissel tot 33 ten minsten sullen trachten te monteren

950 2438 2313 185 om dat sij voorgeven dat sij op londen niet en sullen trecken

961 2520 2198 181 ofte van daer voor eerst geen remise laeten comen maer

962 2599 2299 159 sich van silver bedieven het gene geloove wel eenige verandir

953 2706 2286 166 soude conmen causeren. hier tegen considrere ick den inhout

968 2786 2158 159 van 17 ujt londen die ick gisteren heb becomen, waer bij

968 2863 2305 137 mijn vrindt schrijft dat ick niet en soude remittere om dat men

955 2951 2252 137 daer verwachte het convoij van Rotterd: met veele quinces

949 3054 2320 115 waer door de wissel noch meer soude vallen om dat die quinces

944 3112 2191 126 tot 30 s waeren gemonteert sonder dat hij noteert den cours

943 3173 2321 170 van de wissel herwaert der alven is mijn versock vonder uijtstel

954 3276 2234 124 mijn avans op londen aftereven tot prijs courant en gelijck

957 3320 2274 159 uwe de brieven van 27 hebt en daer bij den cons van wissel

960 3394 2268 152 soo can uwe de beste missures nemen en soo wanner dat

959 3508 2283 145 die costi aent monteren was soo geeft noch anders £200 a priss

951 3581 2254 122 courant al was het tot st29 a 213 ½ en treckt die gevalle

943 3626 2231 150 de werde op sicht per cas de doende daer in als voor eijgen

950 3729 1748 141 versoecke prommit advies tot mijn governo. blijve

2730 3727 176 151 23d

675 3825 899 176 Rotterdam abram de bra

956 3864 2304 161 bij den uwen van 21 deser gesien dat mijne packen n° 70 en 71

945 3971 2317 140 noch bestout waren, en daer niet noch bij conde comen, hope di

939 4042 2308 124 voor nu geloft, wegens de verclaringe op een ander maniere

943 4106 2292 167 te doen als voor desen geadviseert blijft bestaen in de selve a

939 4201 2311 132 en werde, alleen is mijn achter dencken ofte een cicane soude

943 4323 2267 86 comen worden ingespannen, op het wort vanden terriffe,

950 4361 2264 91 lakens op de spaensche manier gemaeckt, en daerom heb ick

3510 198 2420 109 het selve u.l wille kenbaer macken, dat u.l daerin soude doen als voor

3500 234 2394 116 eijgen want mij geen rusie luste, en ick en vorswijge niet een a in de

3507 326 2473 162 lenghde noch niet in de werde, het sij dat u.l die verclare gelijck voor dese

3494 413 2420 121 geadviseert ofte gelijck per mijnen lesten van 20 nu bidde andermael

3490 455 2439 133 macht dat mijne packen dese weck herrewaerts sijn gesonden al sout het

3496 527 2426 155 een foeijtien costen om wat goet aen boort te doen verlengen en laet

3490 600 2404 175 mij het vertreckt der selve weten omdat ick te lillo tijdelijck ordr sonde

3511 706 2376 133 stellen tot de terclaringe het convoij van hul was tot Amsterdam wel

3512 767 2351 141 gearriveert Godt bewaere die van costi want dat bestaet maer van

3489 857 2355 194 een tamelijcke en een clijne convoije wat passeert verneme geirne

3498 921 1867 126 en versoecke expeditie aende ingeslootene die blijve.

5222 1036 540 158 23 d A 1695

3292 1046 623 154 londen de maister

3502 1110 2427 190 in antwort aenden uwen van 7 deser u tonne cornijse wol is hier

3488 1242 2403 126 dese weke gearriveert, ick sal mijn best doen om te vercoopen, maer die

3490 1316 2482 105 sorte van goederen en is hier soo seer niet gevraght. ick sien dat gij sult

3495 1342 2468 174 laeden naer dese erwaets 100 stucken groot loet, het gene wel is, waer voor

3483 1442 107 93 het

3654 1461 2309 128 en moet men hebben een goede kennisse dat het soet is, en om de waerhij

3458 1503 2511 153 dt te seggen soo dese commen schap niet en is geresen in prijs met eene

3489 1561 2463 191 wissel soo favorabel als nu moet goede rekeninge geven. daer en tusschen

3479 1656 2465 126 daer en is niet soo vercoopbaer als het suijcker, ende men soude het

3707 1705 334 68 vercopen

3494 1703 2435 216 connen tot ne plisier meer stucken suijcker, als ponden cornijne

3487 1794 2461 190 wol, die van dese stadt hebben wel gewonnen int voorlede iaer

3472 1867 2503 228 met hunne suijckeren, principaelijck die gecocht hebben int beginsel

3482 1956 2495 244 a 38.39 st, ick wenschste dat gij mocht rescontreren het minste van de werdt

3481 2053 2426 129 bij welcke gelegentijdt gij mooght wel asaderen 20 oft 30 raeten maer

3483 2128 2417 211 om tot grooten prijs te coopen moet gij niet veel risikeren, virginisen

3488 2225 2476 192 taback is seer wel gesocht en present hier tot hoogen prijs, principaelijck

3488 2294 2418 165 als hij goet, groote, geile bladeren, men soude connen ƒ45 a 46

3492 2385 2459 228 percento macken. den prijs van de galnooten suete sult gij aen

3479 2469 2386 207 den voet deser hebben om u te seggen de prijs van seirsen en

3985 2519 376 77 can men

3480 2547 2438 208 drapherie en commen int particulier niet seggen maer int

3486 2632 2426 212 generael alle sorten worden vercocht naer hunne weirden, maer

3495 2739 2411 188 terwijlen die connenschappen bij u dierder geworden is, en dat se

3485 2812 2410 191 in een maent 12 percento dierder sullen wesen, daer is niet aen

3488 2888 2353 170 te comen, des te minder & omdat alle engelsche manifacture

3473 3001 2387 163 goeden coop sijn, om te spreken van de wissel, ick en weet noet wat

3479 3061 2396 180 seggen, sij valt bij u en reijst hier, de brieven den 7 manckeren ons

3461 3128 2419 174 niet tegenstaende dat ick den uwen heb die onder covert gecomen is

3466 3206 2489 201 en gij en manckeert de cours van de wissel niet maer wel dat

3475 3323 2486 141 sal vallen door de briven van londen van 4 de wissel was van 28.8e

3463 3378 2508 183 a 29 st en soo het noch gevallen met u brieven van 7 en dat gij oordeet

3477 3481 2453 128 dat het noch vallen sal met het arriveren vant convoij van rotterd:

3478 3543 2457 124 sal het selechte saeck sijn voor die, die heden gegeven hebben a 29 en 6 en

3480 3640 2462 135 soo dat ick niet en weet wat ick daer over sal seggen, voor mij ick soude

3460 3732 2475 106 wel geluckich wesen waert saken dat ick wist de uijt val van soo een

3471 3799 2412 129 saecke, de heere van de bancken sijn hier, en dat is de ride gelijck ick

3478 3848 2428 160 geloove die animeert die vrinden soo hoogen prijs te besteden voor mij

3466 3937 1951 116 ick sal wachten noch eenige daegen ter wijlen dat ick blijve.
