8865 4584
2105 122 2111 117 en een wel 4 pe gemonteer met apparentie int cort meer te

2111 175 2104 141 en soo dat ick al aenspanne wat ick kan, om daer van iets te

2103 229 2113 169 fiteeren. ick hebbe uwen ingesloten behandicht mons. tijlens

2151 353 2076 117 wesselbrief aen mons peeter loridon te hebben gesonden is,

2122 401 1585 159 orders tot u dienst cammandeert de blijve.

3738 466 433 175 129b2

2096 491 685 157 Walt & will kent

2107 560 2113 174 vee mij last of 8 curt non from you inclosed  £200: op peeter

2105 719 2119 122 over procure the needfull, send the so long ordered bayes  frost to

2092 810 2097 104 il as also another pack of 40 p as by the inclosed instruction

2082 883 2128 117 ick to be shipt pfirst convoij for holland: I am infirmed that the

2089 947 2138 159 binlanders with you for ostend by which first convoy pray

2071 1067 2156 118 d as ordered by my last & one pack of frises if possibly you can

2077 1131 2147 150 tt them readdy & if time should not permitt for the 32 all send

2067 1221 2144 107 t 12:15 20 a25 or as manney as can come first convoy & the

2073 1322 2104 139 t p frost for Rott gett asso 20 a 24 white flannels dyed

2073 1393 2143 138 tt I desire non of them butt what can come p first convoy for ostnd

2074 1501 2144 131 you have anney red cottons send one pack to containe 6 a 8 denne

2089 1586 2138 158 of 24. 25 a 26 pence a goad the rest whites on dan other pack

2058 1708 2148 113 white cottons of 24 to 26 pence a good some of 22 a 23 pence

2044 1796 2157 124 I to be had, pray lett the orders formars of the pack whites

2059 1854 2163 169 ½ yeallow manh wel be osterved, beeng theneedfull fm

2046 1980 507 134 Mons de kinder

3584 1974 489 168 adij 13 sber

2033 2046 2161 184 soo de witte frisaerden die ick ul toegesijdt hebbe hier sijn, soo

2030 2158 2189 118 oude ul de sel ten langhsten morgen moeten connen sien

2028 2277 2168 124 vant ick die niet langer bewaeren en can om dat alle d'anders

2023 2337 969 145 ercocht sijn daer mede blijve

3661 2342 324 119 13 ditto

2022 2420 265 107 nsillion

2018 2409 2197 173 dert mijnen lesten van d 3 deser gesprocken aenonsen ontfangen

2004 2534 2214 125 ot betalinge van de 4 quitantien vanden prins van bergid

2017 2631 2165 121 het welck gij mij gesonden hebt de welcke geexanimeert

2000 2710 2187 132 hebbende met sijne bocken bevint dat de iaeren betaelt sijn

2003 2792 2171 109 n moet quitantie senden gelijck hij stelt aenden voet van

1998 2862 2227 159 lcke ul gelieft mijne rekeninge te ontlasten oft andere te

1956 2975 301 146 senden

3829 3033 204 112 14d

1716 3031 850 192 brussel francois Jacobs

1951 3102 2257 168 Ick hebbe ue heden p beurtschip toegesonden een pasxken gemerckt 1 daern

1957 3223 2218 112 10 witte baeyen door ue bereijder neskens hier uytgesoght & bedongen te

1971 3301 1163 107 betaelen in court gelt aƒ 27:- t stuck

3851 3297 353 135 ƒ 870

1969 3330 1724 187 iedts anders tot ue dinst gelieft te commanderen die blyve

1679 3441 937 155 Amsterdam geraert Rover

3771 3465 283 113 15 ditto

1937 3471 2282 183 Mons op 12 deser was aen u mijnen lesten sedert den uwen van selvendan

1949 3603 2236 114 becomen verhope morgen te verstaen hoedat mij avance op londen is

1953 3661 2263 160 afgegeven want soo het costi gelijck het hier gaet sal het lanck wacht

1958 3741 2180 145 mij schadelijck wesen, want gistereneert het tot ƒ 27:7 en weder

1951 3811 2220 135 tot st 27:9 geen goede brieven, en isset nu een ieder inde mont dat

1950 3912 2214 131 die van de banck dat gelt hebben becomen waerdoor men geeft bij

1938 3979 2279 113 naer al dat de treckers vraegen soo sulckx voortsgaet en standt hout

1948 4060 2245 108 soo sal ick mij occasie gemist hebben, de conineck is heden hier voor

1944 4126 2272 119 bij gepasseert naer soo, sijnder overvaeren naer engelandt salder goede

1948 4230 2247 98 oecasie voor vallen tot overvoeren van gout niederte tijdt contws

1948 4297 2248 121 gebeeren, dat de wissel dat hooger moght climppen doch alsoo ick

1959 4371 2243 107 present daer geen betaelingh heb te doen is het mij daer aen moeh

4412 187 2435 99 gelegen, mijn gelt derwaert te besorgen, verwachte hier van mijn voordeel, ick suso

4387 236 2466 126 meere datter engelsche brieven weder bij ul sijn waerbij soo de wessel weder is gemonseert

4390 310 2196 97 en dat costi het onder de N 28: blijft, soo geeft een ofte 200 st½ meer

4397 359 2450 107 en treckt op sicht op mij ofte sal ul remitteren, doch is het u opinie dat het geen

4405 429 2398 108 standt sal houden, & dat het ul voor u selven niet doen soude, soo laet mijne

4416 514 2420 91 bij hebbende penningen alleen geimuloeert sijn. de lotterije van ameltort is voor

4391 616 2451 108 die van dese stadt  iaeveel hebben ingegeven d tatael geweest want wij hebben

4401 650 2438 141 al te gaer gelt toegegeven tis goet dat sommige het meer tehoovende, daer van

4385 743 2463 140 soo merckelijck hebben geprofiteert. ick wil hopen dat mij ordre van voorleden

4378 785 2450 163 maendagh noch tijd ts genoch sal sijn gecomen om s0 loften om in die

4387 868 2389 162 van scliedam inte leggen, om dat sij aen hunnen commitert alhier

4371 946 2484 169 mons de craen ordre hebben gelaeten tot 20 deser gelt te genveerden het

4388 1037 2438 156 welck maer gisteren heb vernomen, anders oude ul die moeijlijckhijdt niet

4376 1135 2386 120 hebben aen gedaen, als het tijdt sal worden om costi te laeten in schrijven

4395 1201 2235 155 sult mij gelieven te laeten weten, terwijlen naer groetenisse blijve

6256 1295 468 151 15 ob 95

4199 1320 457 167 Londen Kent

4389 1330 2333 192 sonte my last of 12 aur remitted you £200:- on peet flower sence non

4377 1470 2460 137 from you, so desire you to be referre you to the sames & formars in hopes that

4381 1536 2459 170 part or all, them orders shall be compleated by the first convoy for ostend lett

4388 1611 2420 153 amonghst the frises N13 be left out, buy 8 a 8 a 10 swanskins white

4399 1725 2429 129 bayes of the green streepken in the list to come rmonghst the cettons, where

4389 1789 2435 158 I hope you have ieds readdy, toe what possibeley is  to be don to have

4383 1860 2441 156 these goods shipt p first convoj for ostend: if you can meet a black moch

4380 1960 2456 165 of about 7 p so pray add one, Ill have non of the swanthins bayes

4376 2037 2232 182 butt what are of thegicen treephen a governo rest

4393 2172 2459 127 if you meet 5 a 61 clothes to these patt penny worth from 6 p 606 &

4385 2239 1116 139 oy 9 p a yeard rather to p

6077 2263 327 145 15 ditto

4392 2329 554 133 francois De haes

4215 2349 2418 236 brussel heb ul brief wel ontfangen, waerbij bij gesien ul goede tuyscomste

4376 2487 2465 141 en dat ul huijsvrouwe al wel hadt vercocht, het welckhope soo sal continueren

4387 2596 2451 126 wegens het carmosijn laken is tot ul dienst en sal ul soo veel a afsnijden

4385 2627 2432 158 als uwe gelt met den bode medesent, en gelieft u de rest tot naerder ordre

4372 2733 2459 130 te bewaeren doch sonder gelt is bij mij present niet te doen agoverno naer

6157 2808 311 138 15 ditto

4212 2816 659 167 mechelen auwenbergh

4371 2853 2340 175 den uwen van gisteren is mij wel beandicht daerbenevens de ƒ125:-

4363 2972 2478 157 voor het gras van dese toopenden iaeren 1695 vercocht van mijne bemdt

4372 3076 2423 113 aen p francen waervoor ingeslotene de noodige quitantie beneffens

4387 3132 2362 121 die van ƒ145:- voor rest van de 4 jaeren huere van de selve benden

4387 3245 2429 89 te weten 1691: 1692: 1693: en 1694 bedanckende uwe voorde sorge hierover

4398 3279 2408 139 tot mijn voordeel tot noch toe gehadt en dotmoedelijck biddende het selven

4366 3360 2396 158 gelieft te continueren, & ten wijlen uwe wilt seggen niet te weten te

4371 3464 2334 139 pretenderen als ƒ6 a 7 uijtgegeven voor het maecken & ruijmen van

4370 3524 2389 134 eeenige grachten soo sende ick hier benevens oock mijne quitantie van

4320 3619 2462 141 14:- van de heiere van het csijn bemdeken, waervan dan bij provisie oock

4371 3706 2407 108 niet een duijt en begeere tot & machte occasie om uwe goede genegentijdt beter

4375 3751 2450 130 te recompenseren, wegens de wel boomen vercoopt die naer u best geraeder

4364 3854 2462 95 en doet alles oft u eijgen waere, miets dat ick iet hebben en uwen divoire

4371 3946 2389 89 ete doch mogen betaelt worden 5 beter isset bij tijdts te vercoopen, dan

4369 4010 2398 105 met den winter door de soldaeten quijt te worden. wenschste dat wij met

4357 4069 2447 129 mons: re feber oock soo verne waeren, die is eerlijck van goeden wille det

4378 4141 2410 116 ick twijffele hem de macht onttreckt, wij hebben mijne swagerinne heeft den

4381 4257 2442 111 tijdt toegestaen om eenick goet te vercoopen ick wenste hij daer is noisser

4366 4289 2434 127 de uwe goede handt sal hem & ons ten uijtsteneften connen diensbaer sijn

4364 4388 2429 100 waerm uwe dienst can doen, bidde mij niet te vergeeten die naer groetenisse

4364 4432 185 60 blijve
