8077 4706
5018 181 963 125 adij 27 maij 1697 21

3322 170 769 143 Amst geraerds rover

3494 200 2488 190 ik hebbe duwe van 23 & 24 deser ontfangen de packen van hull blijve te

3467 339 2516 144 gemoet sien die beurtliuyden comen met dit hert weder niet op comen soe

3476 382 2517 160 haest het convoij naer hull vertreckt bidde mij kennisse te geven als mede

3481 491 2501 117 van hoe veel desen siveschepen het selve bestaet, oock dat op sijnen tijd

3487 587 2494 131 naer cadix, om dat ick bij het een & het ander geintresseert ben, miets de smee

3497 643 2500 138 hijlige daegen s hier niets te doen voorleden laterdagh was de wissel op londen

3489 728 2512 136 35 &5, tis wel dat ul mons. venendael sal versoecken naer groeningen anderm

3483 821 2501 137 te schrijven op coch is noch niets geehoofen en sijn veel van gedachten dat het

3471 862 2497 146 vande francen een femte is om daer door hun dessijn op een andere plaetste

3483 936 2449 167 comen uijtwercken, onse legers marcheeren om te consiengeeren, doch het is

3481 1063 2503 139 daer toe slecht weder, snaer soo groote hette sodanige coude nattichijdt gedt

3473 1133 2519 133 well ons volch bewaeren, en voor ons wat goods laetten uyt wercken waervor

3477 1182 2467 172 man hier overall biddagh houden, dingesloten gelieft voortganck te geven.

3320 1235 823 164 brussel guill walravens

5486 1292 365 143 27 ditto

3474 1341 2520 187 in Antwort aenden ul van 25 deser ick ick sal ul de 4 gementioneerde

3490 1444 2506 146 lakens niet senden want is nu geen tijdt om 3:4 ƒ 3:8 voor spaense lakens

3474 1535 2511 141 te bieden ul maght met occasie een overcomen & dan selvertet goet sie

3482 1615 2506 135 want ick bevinde dat het stael senden niets can doen en alsoo het goet die

3479 1691 2523 148 is soo wel ick niet een duijt meer stellen als het goet moet vercocht worden

3490 1738 2499 164 en ter wijlen het voorden gestelden prijs ul niet aenstaet soo sal ick een

3490 1835 2493 143 ander coopmandaer toe verwochten & als ul eensovercompt gelieft gij mij

3477 1929 2521 175 tte comen besoecken ul sal mij seer aengenaem wesen, en sal al doen wat mogelij

3453 1991 1768 138 ick is ter wijlen aen oindelijcke groetenisse blijve

3326 2084 690 135 eeds thomas potter

5535 2076 344 171 30 ditto

3489 2205 2495 132 mis last to you was on the 20, court with some patt & neares instructe

3492 2255 2474 123 for the providonge of the dozens I ordered to heth pleased to bee referret

3549 2304 277 55 3 de prek

3460 2321 2511 168 the syrnge you to oct accordinley & to dispack sayd order as soo aspossible

3466 2401 2470 180 because I hope there shall bee a convoij from hollant within 5 a 6

3476 2494 2475 156 weeke s & you moust take hare for the shippinge att hull because I have no

3471 2583 2444 153 acquantance with m. Willi sohason, neider with them lorder att hull

3485 2654 2512 163 sence m. methalf lest oft trade now have betore  yours of 8 couf

3476 2725 2488 125 & accordinley have made you debtor for st £366:- receaved from m.

3455 2828 2533 115 bollengiere, beside for stet 275 remitted you sence, butt where al you compa

3443 2912 2496 131 iane that the bill sand you the 6 court is longh before ytt will bee due

3460 2999 2489 138 so shall  for the future sent you bils att sharter time, as the

3391 3044 2599 173 75 last sent you with I feare will hattly come in time for to bee receaved

3471 3096 2520 217 in london, Iam glad, that you have my orders thus timely to compleated them

3478 3212 2498 144 to mij full content, with I expect accordinley pray bee no backward, that so

3467 3303 2521 185 wee loose not the first opportunitie  convoij of holland pleased to advise

3448 3385 2320 150 what fourther passer to take mij nocasures accordinley s rest,

3335 3418 896 178 Rotterdam Jaques Megers

5490 3502 266 106 30d

3474 3491 2514 202 duwe van 21 & 28 deser op sijnen tijde wel ontfangen en gisteren het pack u 3

3482 3614 2503 115 waerover d'oncosten bedraegen ƒ 42:9 gelijck ick ul soo dan hebbe gecrediteert

3465 3681 2535 124 volgens brieven van 21 & 23 deser uijt londen was george watson met de transport

3480 3776 2407 95 scheepen vandaer naer costij vertrocken doch brieven van costij gisteren hier

3463 3841 2438 133 gearriveert seggen aloft hij in de riviere van londen was gebleven & onder

3461 3933 2526 143 de transport scheepen het niet hadt dorven doorsetten: andere seggen daer tegen

3459 4033 2459 115 al oft hij met al de rest het goerie gat waerin gecomen t lanckx de hel

3458 4073 2470 158 naer costij moeste vaeren wat daer van is versocke morgen te weten

3475 4152 2523 147 ter wijlen d'ingesloten ul sende het cognossement van 2 packen aen sijn boort

3483 4239 2498 128 N 16 & 11 van inhout & te verclaeren als aenden voor deser het gepasseerde gelieft

3482 4277 2475 168 mij promt te adviseeren tot mijnder gerusthydt hope haest convoij naer hhet sal gegeven

3471 4343 1509 119 worden, versoeck ende expeditie aen dingeslotene blijve.
