7578 4616
3218 301 202 154 111

1074 391 604 221 London Kent

2508 427 571 170 1694 23 xb

1177 543 2139 211 on the 16 aut was to you n q last then ordered you to buy

1055 705 2227 167 some white flannels to make up the dyed a pack as also

1077 811 2240 163 an order for northrens & spa clothes which pray let be ob

1056 926 2236 142 served & the N oft the clothes as wel as of the packt to be

1047 1024 2257 158 continued, I must nech youecommed you to buyne grayes

1068 1108 2186 168 butt whatt have such qualities as proprsed for I have to

1070 1219 2350 160 maqney on handes they must be upon the blew & liveley inclosed

1092 1301 2330 200 some more patt for modish to add to the rest, now have befre

1108 1401 2210 176 mee yours of 4 cur the first bill of  £ 200: on you self

1116 1481 2282 173 have sent you, the patt doe not please to finde the assortement

1127 1644 2211 165 I desire, so exspect others to norder more, I have ahath no

1147 1719 2245 149 time to examen my account butt in gennerall & finde in

2894 1814 115 107 Non

1139 1842 2204 160 dight & desire you to returne some monney in remises, that

1121 1950 2245 165 & might have some profit which proves vere little this time

1112 2043 2335 173 yett Jcan now remitt att 35:10 en & this better something then

1100 2134 2306 138 notting£, wee have no mews from holland of our hull convoyes

1120 2245 2323 153 that is don is season yett pray god send them wel for Janbart could

1109 2345 2304 127 do ius great mischiet upon his returne home, when you finde an

1097 2465 2322 167 pasaert in fine red clothes of £10 111 e £12 a p I would have

1104 2528 2304 144 of each 2 double p, though 3 of £10: as also 5 pack whites

1104 2670 2263 143 yeallow markes, butt pray buy nottingh butt what you ind go

1120 2758 2290 164 vere good, for I want not one yeard of cloth before march

1113 2880 2343 159 next therefore take the best opportunitie pray lett the melose

1106 2975 2336 181 of £ 398:14:10 ien on thomas bannee be send for acceptita

1082 3065 1958 158 & returned mee which is the needfull att present from

1854 3185 1432 176 these ar the grayes that sell & when

1862 3292 1420 154 their ground beenot liveley & upon

1865 3401 1391 148 the blew wee can not sell them &as

1859 3483 1355 163 I have writt you I have 27 a 28 p

1865 3603 1433 148 of dull, sat, miserable cullouts, so

1874 3688 1428 146 pray lett non be worse, then these patt

1864 3768 1474 138 No is betwixt N1 & 3 of my order of 16

1867 3844 1476 145 curs & to this may bee 3 a 4 p of 7 to

1862 3944 1235 168 9 s N2 is liN of 16 ditto

2288 4034 648 123 for Modecullouts

1830 4087 1568 131 N 3 is some what to dull yett better then

1854 4200 1482 101 N4 because N 4 ia to broad misst so

1853 4274 1347 128 tuke rom mesnrie accomnp ler for

3528 280 2017 205 the gooand of either is good 5 a 5 p from 6to

5643 452 62 73 4

3537 445 576 188 32 p 11 N5

3556 417 856 290 aan 14 2 5 p 6

4489 458 533 214 10 p: 23 ab

3763 566 648 156 110.:6 of 3 p

3748 631 714 188 1t„ :6: 0ƒ6

5209 659 497 205 24 b 1699

3473 758 642 168 Est vilhaert

3477 771 2164 301 den ue van 23 deser ontf beneffens de 4: qwinier

3478 881 2188 294 maeckende £8 vlaems conr. gelt son rekeninge van

3496 986 2099 307 Jan willemse, waer over dese diene tot quittantie, ende

3484 1054 2199 326 lsoo ick heden gesproken hebbe met s'herreyns, soo hebben wij

3484 1175 2263 300 eraeden gevonden ue telaeten weten dat van willense noot

3481 1300 2261 285 saeckelijck moet hier comen ende medebrengen syne packt brieven

5718 1438 50 108 br

3468 1406 2238 302 net den noturis van damme gemacclt principalijck dat van naer

3467 1504 2230 328 1672 door syn voorsaet kricclaert onderteeckent, want als dan

3471 1583 2299 311 in hem maer 9 gemeten verhuert, ende was de rest tegens ens

3475 1743 2239 279 afgeeavelt, & is de helft vande voorst 9 gemeten oock tsedert aen

3470 1802 2259 296 andere vercoght, soo dat wij alleen geintresseert sijn inde helft

3471 1934 2243 274 vande voors 9 gemeten en comen wij daer over geene rechte

3472 2036 2264 296 afrekeninge maecken ten sy hij niet syne papiere hier comen tgene

3468 2152 2190 280 hij gevoegelyck met desen winter doen can, & hij niet hoeft te

3469 2239 2295 311 dencken dat men hem eenigh onlnst aen doen sal maer ter contrane

3474 2287 2335 368 geirne ontfangen om van die soo lanck geloopene saecke eensde

3473 2442 2345 289 een eynde te maecken & het soo te reguleren, datter geene

3477 2581 2221 267 moeyeljckyt meer overvallen soude & soo hy tot ien coop

3512 2648 2180 292 melineerde geirne vercoopen, dus bidde hier in te doen wat

3521 2690 2290 361 mogelijck is & hem soo hij dese daegen bij ue niet compt. hem

3533 2844 2233 307 dhier over eenen expressen toe te seynden waer in niet gelieft te

3523 3007 1602 271 versuymen, terwijlen naer groetenisse blijv

5352 3056 310 203 28d

3477 3161 1244 253 brugge Jan bapt de Crits

3490 3220 2374 308 heb ue brief van 24 deser ontfangen eerst gisteren ontfange

3502 3350 2360 278 naer den middagh van mons delight ontfangen & lieven

3507 3441 2312 283 dobbelaer was gisteren voorden noem al vertrocken naer bongge

3544 3524 2315 305 & sal donderdagh ofte vrijdagh weder hier wesen sal het laken

3543 3630 2181 279 van mons delicht beneffens het mijn N902 gereet maecken

3536 3742 2314 253 tegens syne compste & met hem dan weder tot ue seynden, pant

3500 3821 2354 326 hij sal naeste maendagh wedertot brugge sijn soo gelieft hem

3540 3911 2268 292 Morgen oock eens te spreken op dat hij sor gedraeght, maer

3556 4005 2108 269 twijfel om en particuliere pasport te becomen om dat de

3541 4074 2251 244 comissen dat meermael hebben geweijgert even wel sal mijn beste dat
