<?xml version="1.0" encoding="UTF-8"?>
<alto xmlns:xsi="http://www.w3.org/2001/XMLSchema-instance"
      xmlns="http://www.loc.gov/standards/alto/ns-v4#"
      xmlns:page="http://schema.primaresearch.org/PAGE/gts/pagecontent/2013-07-15"
      xsi:schemaLocation="http://www.loc.gov/standards/alto/ns-v4# https://www.loc.gov/standards/alto/v4/alto.xsd">
   <Description>
      <MeasurementUnit>pixel</MeasurementUnit>
      <OCRProcessing ID="IdOcr">
         <ocrProcessingStep>
            <processingDateTime>2022-02-04T12:21:19.516+01:00</processingDateTime>
            <processingSoftware>
               <softwareCreator>READ COOP</softwareCreator>
               <softwareName>Transkribus</softwareName>
            </processingSoftware>
         </ocrProcessingStep>
      </OCRProcessing>
   </Description>
   <Layout>
      <Page ID="Page1" PHYSICAL_IMG_NR="1" HEIGHT="4655" WIDTH="7887">
         <TopMargin HEIGHT="0" WIDTH="7887" VPOS="0" HPOS="0"/>
         <LeftMargin HEIGHT="4655" WIDTH="0" VPOS="0" HPOS="0"/>
         <RightMargin HEIGHT="4655" WIDTH="0" VPOS="0" HPOS="7887"/>
         <BottomMargin HEIGHT="0" WIDTH="7887" VPOS="4655" HPOS="0"/>
         <PrintSpace HEIGHT="4655" WIDTH="7887" VPOS="0" HPOS="0">
            <TextBlock ID="region_1639058881055_14226"
                       HEIGHT="4002"
                       WIDTH="2646"
                       VPOS="144"
                       HPOS="3373">
               <Shape>
                  <Polygon POINTS="3373,144 6019,144 6019,4146 3373,4146"/>
               </Shape>
               <TextLine ID="region_1639058881055_14226l1"
                         BASELINE="3390,270 3435,266 3480,264 3525,262 3570,260 3616,258 3661,256 3706,256 3751,254 3796,254 3842,252 3887,252 3932,250 3977,250 4022,249 4068,248 4113,246 4158,246 4203,244 4248,242 4294,240"
                         HEIGHT="180"
                         WIDTH="938"
                         VPOS="151"
                         HPOS="3374">
                  <String ID="string_region_1639058881055_14226l1"
                          HEIGHT="180"
                          WIDTH="938"
                          VPOS="151"
                          HPOS="3374"
                          CONTENT="sterdam geraert vorer"/>
               </TextLine>
               <TextLine ID="region_1639058881055_14226l2"
                         BASELINE="4622,282 4666,280 4710,278 4754,276 4798,274 4842,272 4886,270 4930,270 4974,268 5018,268 5063,266 5107,266 5151,266 5195,266 5239,266 5283,266 5327,264 5371,264 5415,264 5459,264 5504,264"
                         HEIGHT="147"
                         WIDTH="915"
                         VPOS="165"
                         HPOS="4604">
                  <String ID="string_region_1639058881055_14226l2"
                          HEIGHT="147"
                          WIDTH="915"
                          VPOS="165"
                          HPOS="4604"
                          CONTENT="Anno 2696 "/>
               </TextLine>
               <TextLine ID="region_1639058881055_14226l3"
                         BASELINE="5914,286 5946,282 5978,282"
                         HEIGHT="152"
                         WIDTH="101"
                         VPOS="197"
                         HPOS="5897">
                  <String ID="string_region_1639058881055_14226l3"
                          HEIGHT="152"
                          WIDTH="101"
                          VPOS="197"
                          HPOS="5897"
                          CONTENT="6"/>
               </TextLine>
               <TextLine ID="region_1639058881055_14226l4"
                         BASELINE="3538,342 3661,337 3784,332 3907,328 4031,326 4154,324 4277,322 4401,322 4524,324 4647,326 4771,328 4894,332 5017,336 5140,340 5264,346 5387,352 5510,360 5634,368 5757,375 5880,383 6004,392"
                         HEIGHT="129"
                         WIDTH="2496"
                         VPOS="275"
                         HPOS="3523">
                  <String ID="string_region_1639058881055_14226l4"
                          HEIGHT="129"
                          WIDTH="2496"
                          VPOS="275"
                          HPOS="3523"
                          CONTENT="seder mijnen lesten van 13 deser geve van u.l soo dat morge verlange"/>
               </TextLine>
               <TextLine ID="region_1639058881055_14226l5"
                         BASELINE="3552,406 3674,400 3797,396 3919,394 4042,392 4165,390 4287,390 4410,390 4532,392 4655,392 4778,396 4900,399 5023,402 5145,408 5268,412 5391,417 5513,424 5636,430 5758,437 5881,445 6004,452"
                         HEIGHT="134"
                         WIDTH="2485"
                         VPOS="358"
                         HPOS="3534">
                  <String ID="string_region_1639058881055_14226l5"
                          HEIGHT="134"
                          WIDTH="2485"
                          VPOS="358"
                          HPOS="3534"
                          CONTENT="te verstaen wat in de wissel op londen sal sijn voorgevallen refererende mij"/>
               </TextLine>
               <TextLine ID="region_1639058881055_14226l6"
                         BASELINE="3440,460 3484,452"
                         HEIGHT="80"
                         WIDTH="84"
                         VPOS="415"
                         HPOS="3419">
                  <String ID="string_region_1639058881055_14226l6"
                          HEIGHT="80"
                          WIDTH="84"
                          VPOS="415"
                          HPOS="3419"
                          CONTENT="1"/>
               </TextLine>
               <TextLine ID="region_1639058881055_14226l7"
                         BASELINE="3540,486 3663,478 3787,472 3910,466 4034,462 4157,460 4281,458 4404,458 4528,458 4651,460 4775,462 4898,466 5022,471 5145,477 5269,482 5392,490 5516,498 5639,507 5763,516 5886,524 6010,536"
                         HEIGHT="121"
                         WIDTH="2504"
                         VPOS="418"
                         HPOS="3522">
                  <String ID="string_region_1639058881055_14226l7"
                          HEIGHT="121"
                          WIDTH="2504"
                          VPOS="418"
                          HPOS="3522"
                          CONTENT="geheelijck des wegens aen uwe te doen als voor eygen te meer omdat ick"/>
               </TextLine>
               <TextLine ID="region_1639058881055_14226l8"
                         BASELINE="3524,554 3644,550 3764,546 3884,542 4005,540 4125,536 4245,534 4366,532 4486,532 4606,532 4727,533 4847,536 4967,538 5087,542 5208,548 5328,554 5448,562 5569,572 5689,583 5809,597 5930,612"
                         HEIGHT="166"
                         WIDTH="2438"
                         VPOS="463"
                         HPOS="3508">
                  <String ID="string_region_1639058881055_14226l8"
                          HEIGHT="166"
                          WIDTH="2438"
                          VPOS="463"
                          HPOS="3508"
                          CONTENT="geloove weder Engelsche brieven sult hebben ontfangen en der alven de"/>
               </TextLine>
               <TextLine ID="region_1639058881055_14226l9"
                         BASELINE="3528,634 3651,632 3774,628 3897,624 4020,622 4143,619 4266,616 4389,614 4512,614 4635,614 4759,614 4882,614 5005,616 5128,620 5251,624 5374,631 5497,637 5620,646 5743,655 5866,668 5990,682"
                         HEIGHT="135"
                         WIDTH="2494"
                         VPOS="550"
                         HPOS="3512">
                  <String ID="string_region_1639058881055_14226l9"
                          HEIGHT="135"
                          WIDTH="2494"
                          VPOS="550"
                          HPOS="3512"
                          CONTENT="beste messures cont nemen, ondertusschen ben gevegen meerder partijer"/>
               </TextLine>
               <TextLine ID="region_1639058881055_14226l10"
                         BASELINE="3544,692 3665,696 3787,698 3908,698 4030,700 4151,700 4273,698 4394,698 4516,698 4637,696 4759,696 4880,696 5002,696 5123,698 5245,700 5366,704 5488,708 5609,714 5731,721 5852,730 5974,742"
                         HEIGHT="117"
                         WIDTH="2462"
                         VPOS="658"
                         HPOS="3529">
                  <String ID="string_region_1639058881055_14226l10"
                          HEIGHT="117"
                          WIDTH="2462"
                          VPOS="658"
                          HPOS="3529"
                          CONTENT="te geven soude geirne van de dese laeste wissel profieteeren, en schoon de"/>
               </TextLine>
               <TextLine ID="region_1639058881055_14226l11"
                         BASELINE="3540,762 3661,763 3783,764 3904,764 4026,766 4148,766 4269,768 4391,770 4512,770 4634,772 4756,775 4877,778 4999,780 5120,784 5242,788 5364,792 5485,796 5607,802 5728,807 5850,814 5972,822"
                         HEIGHT="136"
                         WIDTH="2466"
                         VPOS="712"
                         HPOS="3523">
                  <String ID="string_region_1639058881055_14226l11"
                          HEIGHT="136"
                          WIDTH="2466"
                          VPOS="712"
                          HPOS="3523"
                          CONTENT="opien opinie van meerder dalinge soude even wel niet geirne daerover "/>
               </TextLine>
               <TextLine ID="region_1639058881055_14226l12"
                         BASELINE="3540,836 3661,834 3783,832 3904,832 4026,832 4148,834 4269,836 4391,838 4512,840 4634,844 4756,848 4877,851 4999,856 5120,860 5242,864 5364,868 5485,873 5607,878 5728,880 5850,885 5972,888"
                         HEIGHT="138"
                         WIDTH="2464"
                         VPOS="797"
                         HPOS="3525">
                  <String ID="string_region_1639058881055_14226l12"
                          HEIGHT="138"
                          WIDTH="2464"
                          VPOS="797"
                          HPOS="3525"
                          CONTENT="te lanck te delibere het welck als boven andermael aen bedrage, hebbende"/>
               </TextLine>
               <TextLine ID="region_1639058881055_14226l13"
                         BASELINE="3538,900 3655,897 3772,896 3889,894 4006,894 4123,896 4240,898 4357,901 4474,905 4591,910 4709,914 4826,920 4943,925 5060,931 5177,937 5294,943 5411,950 5528,956 5645,962 5762,968 5880,974"
                         HEIGHT="157"
                         WIDTH="2377"
                         VPOS="866"
                         HPOS="3521">
                  <String ID="string_region_1639058881055_14226l13"
                          HEIGHT="157"
                          WIDTH="2377"
                          VPOS="866"
                          HPOS="3521"
                          CONTENT="niet weijders veel te inlargeeren versoecke promte epeditie aen de "/>
               </TextLine>
               <TextLine ID="region_1639058881055_14226l14"
                         BASELINE="3538,982 3578,980 3619,977 3660,976 3700,973 3741,972 3782,971 3822,970 3863,970 3904,968 3945,968 3985,968 4026,968 4067,970 4107,970 4148,972 4189,972 4229,974 4270,975 4311,976 4352,978"
                         HEIGHT="153"
                         WIDTH="847"
                         VPOS="891"
                         HPOS="3521">
                  <String ID="string_region_1639058881055_14226l14"
                          HEIGHT="153"
                          WIDTH="847"
                          VPOS="891"
                          HPOS="3521"
                          CONTENT="ingeslotene ende blijve. "/>
               </TextLine>
               <TextLine ID="region_1639058881055_14226l15"
                         BASELINE="3476,1110 3516,1106 3557,1101 3598,1098 3639,1094 3680,1093 3720,1091 3761,1088 3802,1088 3843,1086 3884,1086 3924,1086 3965,1084 4006,1084 4047,1084 4088,1082 4128,1082 4169,1081 4210,1079 4251,1078 4292,1076"
                         HEIGHT="184"
                         WIDTH="850"
                         VPOS="972"
                         HPOS="3456">
                  <String ID="string_region_1639058881055_14226l15"
                          HEIGHT="184"
                          WIDTH="850"
                          VPOS="972"
                          HPOS="3456"
                          CONTENT="den Richard Southeel"/>
               </TextLine>
               <TextLine ID="region_1639058881055_14226l16"
                         BASELINE="5418,1100 5443,1102 5468,1102 5493,1104 5518,1104 5543,1104 5568,1104 5593,1104 5618,1104 5643,1104 5668,1104 5693,1104 5718,1104 5743,1104 5768,1104 5793,1104 5818,1106 5844,1106"
                         HEIGHT="176"
                         WIDTH="458"
                         VPOS="977"
                         HPOS="5401">
                  <String ID="string_region_1639058881055_14226l16"
                          HEIGHT="176"
                          WIDTH="458"
                          VPOS="977"
                          HPOS="5401"
                          CONTENT="16 June "/>
               </TextLine>
               <TextLine ID="region_1639058881055_14226l17"
                         BASELINE="3532,1196 3652,1185 3772,1178 3893,1172 4013,1168 4134,1166 4254,1166 4374,1166 4495,1168 4615,1170 4736,1173 4856,1176 4976,1180 5097,1184 5217,1189 5338,1192 5458,1196 5578,1198 5699,1200 5819,1202 5940,1200"
                         HEIGHT="212"
                         WIDTH="2441"
                         VPOS="1041"
                         HPOS="3516">
                  <String ID="string_region_1639058881055_14226l17"
                          HEIGHT="212"
                          WIDTH="2441"
                          VPOS="1041"
                          HPOS="3516"
                          CONTENT="sence my last of 13 curt non from you I have then ordered 4 spa clothe"/>
               </TextLine>
               <TextLine ID="region_1639058881055_14226l18"
                         BASELINE="3544,1286 3661,1278 3779,1272 3897,1266 4014,1262 4132,1260 4250,1258 4367,1258 4485,1258 4603,1258 4721,1260 4838,1262 4956,1264 5074,1268 5191,1272 5309,1276 5427,1280 5544,1284 5662,1288 5780,1292 5898,1296"
                         HEIGHT="146"
                         WIDTH="2384"
                         VPOS="1172"
                         HPOS="3528">
                  <String ID="string_region_1639058881055_14226l18"
                          HEIGHT="146"
                          WIDTH="2384"
                          VPOS="1172"
                          HPOS="3528"
                          CONTENT="to which now I desire to be added 5 more to the incosed patt, which"/>
               </TextLine>
               <TextLine ID="region_1639058881055_14226l19"
                         BASELINE="3526,1368 3643,1364 3760,1360 3877,1357 3994,1354 4112,1354 4229,1352 4346,1352 4463,1352 4580,1352 4698,1352 4815,1354 4932,1356 5049,1358 5166,1360 5284,1362 5401,1364 5518,1367 5635,1370 5752,1372 5870,1374"
                         HEIGHT="144"
                         WIDTH="2376"
                         VPOS="1285"
                         HPOS="3511">
                  <String ID="string_region_1639058881055_14226l19"
                          HEIGHT="144"
                          WIDTH="2376"
                          VPOS="1285"
                          HPOS="3511"
                          CONTENT="&amp; what is wantinge of formar orders to be made one pack, you made your"/>
               </TextLine>
               <TextLine ID="region_1639058881055_14226l20"
                         BASELINE="3522,1454 3641,1452 3760,1450 3879,1448 3998,1446 4117,1446 4236,1444 4355,1444 4474,1444 4593,1445 4712,1446 4831,1446 4950,1448 5069,1450 5188,1452 5307,1454 5426,1456 5545,1458 5664,1460 5783,1463 5902,1466"
                         HEIGHT="93"
                         WIDTH="2413"
                         VPOS="1381"
                         HPOS="3506">
                  <String ID="string_region_1639058881055_14226l20"
                          HEIGHT="93"
                          WIDTH="2413"
                          VPOS="1381"
                          HPOS="3506"
                          CONTENT="excuses, that you could not finde the ash cullonrs, &amp; I have seen a past"/>
               </TextLine>
               <TextLine ID="region_1639058881055_14226l21"
                         BASELINE="3538,1552 3658,1548 3779,1545 3899,1542 4020,1540 4140,1538 4261,1538 4381,1538 4502,1538 4622,1538 4743,1538 4863,1540 4984,1541 5104,1542 5225,1544 5345,1546 5466,1548 5586,1550 5707,1552 5827,1552 5948,1554"
                         HEIGHT="115"
                         WIDTH="2443"
                         VPOS="1492"
                         HPOS="3522">
                  <String ID="string_region_1639058881055_14226l21"
                          HEIGHT="115"
                          WIDTH="2443"
                          VPOS="1492"
                          HPOS="3522"
                          CONTENT="book of a pack sent to m ondaerdt &amp; there in severall of such cullaus "/>
               </TextLine>
               <TextLine ID="region_1639058881055_14226l22"
                         BASELINE="3530,1642 3648,1640 3767,1638 3886,1636 4004,1634 4123,1632 4242,1632 4360,1632 4479,1632 4598,1632 4717,1632 4835,1632 4954,1634 5073,1634 5191,1636 5310,1636 5429,1638 5547,1639 5666,1640 5785,1642 5904,1644"
                         HEIGHT="123"
                         WIDTH="2403"
                         VPOS="1570"
                         HPOS="3515">
                  <String ID="string_region_1639058881055_14226l22"
                          HEIGHT="123"
                          WIDTH="2403"
                          VPOS="1570"
                          HPOS="3515"
                          CONTENT="as yett not seen yours goods, hope they shall prove to content, whichis"/>
               </TextLine>
               <TextLine ID="region_1639058881055_14226l23"
                         BASELINE="3522,1732 3643,1730 3765,1730 3886,1728 4008,1728 4129,1728 4251,1726 4372,1726 4494,1726 4615,1726 4737,1726 4858,1728 4980,1728 5101,1728 5223,1728 5344,1728 5466,1728 5587,1728 5709,1728 5830,1728 5952,1728"
                         HEIGHT="120"
                         WIDTH="2462"
                         VPOS="1672"
                         HPOS="3506">
                  <String ID="string_region_1639058881055_14226l23"
                          HEIGHT="120"
                          WIDTH="2462"
                          VPOS="1672"
                          HPOS="3506"
                          CONTENT="thet loose no opportunitie to forward the 5 pack whites EE ye allow"/>
               </TextLine>
               <TextLine ID="region_1639058881055_14226l24"
                         BASELINE="3514,1830 3633,1827 3752,1824 3871,1822 3991,1822 4110,1820 4229,1820 4349,1820 4468,1820 4587,1822 4707,1822 4826,1823 4945,1824 5064,1825 5184,1826 5303,1827 5422,1828 5542,1828 5661,1828 5780,1828 5900,1828"
                         HEIGHT="154"
                         WIDTH="2419"
                         VPOS="1732"
                         HPOS="3498">
                  <String ID="string_region_1639058881055_14226l24"
                          HEIGHT="154"
                          WIDTH="2419"
                          VPOS="1732"
                          HPOS="3498"
                          CONTENT="marck for Amst or Rott &amp; buy 5 more for the first convoy for "/>
               </TextLine>
               <TextLine ID="region_1639058881055_14226l25"
                         BASELINE="3540,1924 3657,1920 3774,1916 3891,1913 4008,1910 4125,1908 4242,1906 4359,1906 4476,1906 4593,1904 4710,1906 4827,1906 4944,1906 5061,1908 5178,1910 5295,1912 5412,1914 5529,1916 5646,1918 5763,1920 5880,1922"
                         HEIGHT="158"
                         WIDTH="2369"
                         VPOS="1829"
                         HPOS="3525">
                  <String ID="string_region_1639058881055_14226l25"
                          HEIGHT="158"
                          WIDTH="2369"
                          VPOS="1829"
                          HPOS="3525"
                          CONTENT="ostend, &amp; advise what passes which is the need full aft present"/>
               </TextLine>
               <TextLine ID="region_1639058881055_14226l26"
                         BASELINE="3530,2012 3555,2008 3580,2007 3605,2006 3631,2006 3656,2006 3681,2007 3706,2008 3732,2010"
                         HEIGHT="145"
                         WIDTH="232"
                         VPOS="1913"
                         HPOS="3515">
                  <String ID="string_region_1639058881055_14226l26"
                          HEIGHT="145"
                          WIDTH="232"
                          VPOS="1913"
                          HPOS="3515"
                          CONTENT="from"/>
               </TextLine>
               <TextLine ID="region_1639058881055_14226l27"
                         BASELINE="5598,2066 5624,2064 5650,2062 5676,2062 5702,2062 5729,2062 5755,2062 5781,2061 5807,2058 5834,2054"
                         HEIGHT="144"
                         WIDTH="267"
                         VPOS="1959"
                         HPOS="5582">
                  <String ID="string_region_1639058881055_14226l27"
                          HEIGHT="144"
                          WIDTH="267"
                          VPOS="1959"
                          HPOS="5582"
                          CONTENT="16d"/>
               </TextLine>
               <TextLine ID="region_1639058881055_14226l28"
                         BASELINE="3384,2136 3410,2131 3437,2127 3464,2124 3491,2122 3518,2119 3545,2118 3572,2116 3599,2116 3626,2115 3653,2114 3679,2114 3706,2113 3733,2112 3760,2111 3787,2109 3814,2108 3841,2106 3868,2103 3895,2099 3922,2094"
                         HEIGHT="181"
                         WIDTH="572"
                         VPOS="2015"
                         HPOS="3366">
                  <String ID="string_region_1639058881055_14226l28"
                          HEIGHT="181"
                          WIDTH="572"
                          VPOS="2015"
                          HPOS="3366"
                          CONTENT="russel Rousseau"/>
               </TextLine>
               <TextLine ID="region_1639058881055_14226l29"
                         BASELINE="3528,2200 3647,2198 3766,2196 3885,2194 4004,2192 4124,2189 4243,2186 4362,2184 4481,2181 4600,2178 4720,2176 4839,2174 4958,2172 5077,2172 5196,2170 5316,2170 5435,2170 5554,2170 5673,2172 5792,2174 5912,2178"
                         HEIGHT="134"
                         WIDTH="2415"
                         VPOS="2079"
                         HPOS="3512">
                  <String ID="string_region_1639058881055_14226l29"
                          HEIGHT="134"
                          WIDTH="2415"
                          VPOS="2079"
                          HPOS="3512"
                          CONTENT="le 3 cestoit a vre grace ma derniere, pour avoir les lettres des rentes sur la "/>
               </TextLine>
               <TextLine ID="region_1639058881055_14226l30"
                         BASELINE="3516,2286 3634,2284 3753,2282 3872,2279 3991,2276 4110,2274 4228,2272 4347,2270 4466,2268 4585,2266 4704,2264 4822,2262 4941,2260 5060,2258 5179,2256 5298,2254 5416,2252 5535,2250 5654,2248 5773,2246 5892,2242"
                         HEIGHT="114"
                         WIDTH="2406"
                         VPOS="2194"
                         HPOS="3499">
                  <String ID="string_region_1639058881055_14226l30"
                          HEIGHT="114"
                          WIDTH="2406"
                          VPOS="2194"
                          HPOS="3499"
                          CONTENT="ville de brussel an moins les quittances manneles quon est accortinne de "/>
               </TextLine>
               <TextLine ID="region_1639058881055_14226l31"
                         BASELINE="3520,2372 3636,2368 3752,2364 3868,2361 3984,2358 4100,2356 4216,2352 4332,2350 4448,2349 4564,2348 4680,2346 4796,2344 4912,2343 5028,2342 5144,2340 5260,2338 5376,2336 5492,2335 5608,2332 5724,2330 5840,2328"
                         HEIGHT="129"
                         WIDTH="2351"
                         VPOS="2259"
                         HPOS="3505">
                  <String ID="string_region_1639058881055_14226l31"
                          HEIGHT="129"
                          WIDTH="2351"
                          VPOS="2259"
                          HPOS="3505"
                          CONTENT="donner en cette occasion ce que ie vous prie encor p la presente depuis "/>
               </TextLine>
               <TextLine ID="region_1639058881055_14226l32"
                         BASELINE="3508,2452 3627,2445 3746,2438 3865,2434 3984,2432 4104,2430 4223,2430 4342,2428 4461,2430 4580,2430 4700,2430 4819,2430 4938,2432 5057,2432 5176,2430 5296,2428 5415,2426 5534,2422 5653,2416 5772,2409 5892,2400"
                         HEIGHT="160"
                         WIDTH="2416"
                         VPOS="2332"
                         HPOS="3492">
                  <String ID="string_region_1639058881055_14226l32"
                          HEIGHT="160"
                          WIDTH="2416"
                          VPOS="2332"
                          HPOS="3492"
                          CONTENT="receu la vre demesme dute &amp; celle rendu p mons verhaegen qui ma"/>
               </TextLine>
               <TextLine ID="region_1639058881055_14226l33"
                         BASELINE="3512,2524 3629,2518 3747,2514 3865,2510 3982,2508 4100,2506 4218,2506 4335,2506 4453,2506 4571,2506 4689,2508 4806,2508 4924,2508 5042,2508 5159,2508 5277,2508 5395,2506 5512,2503 5630,2500 5748,2495 5866,2488"
                         HEIGHT="111"
                         WIDTH="2384"
                         VPOS="2441"
                         HPOS="3498">
                  <String ID="string_region_1639058881055_14226l33"
                          HEIGHT="111"
                          WIDTH="2384"
                          VPOS="2441"
                          HPOS="3498"
                          CONTENT="conse cent &amp; seise pistoles enespece, vous avec credit pour £174:-"/>
               </TextLine>
               <TextLine ID="region_1639058881055_14226l34"
                         BASELINE="3500,2608 3614,2602 3729,2596 3844,2592 3959,2590 4074,2588 4189,2586 4304,2586 4419,2586 4534,2588 4649,2588 4763,2590 4878,2590 4993,2591 5108,2592 5223,2592 5338,2590 5453,2590 5568,2587 5683,2583 5798,2578"
                         HEIGHT="131"
                         WIDTH="2329"
                         VPOS="2498"
                         HPOS="3483">
                  <String ID="string_region_1639058881055_14226l34"
                          HEIGHT="131"
                          WIDTH="2329"
                          VPOS="2498"
                          HPOS="3483"
                          CONTENT="de gros on mevent donner a present que lre airei quil faut"/>
               </TextLine>
               <TextLine ID="region_1639058881055_14226l35"
                         BASELINE="3522,2688 3638,2684 3755,2682 3872,2679 3989,2676 4106,2676 4223,2674 4340,2672 4457,2672 4574,2670 4691,2670 4807,2668 4924,2668 5041,2666 5158,2666 5275,2664 5392,2662 5509,2660 5626,2658 5743,2654 5860,2650"
                         HEIGHT="119"
                         WIDTH="2369"
                         VPOS="2595"
                         HPOS="3505">
                  <String ID="string_region_1639058881055_14226l35"
                          HEIGHT="119"
                          WIDTH="2369"
                          VPOS="2595"
                          HPOS="3505"
                          CONTENT="attendre une autre fortime, iay paye a ditte verhaegen quatre cent"/>
               </TextLine>
               <TextLine ID="region_1639058881055_14226l36"
                         BASELINE="3510,2766 3625,2764 3740,2762 3855,2761 3970,2760 4085,2758 4200,2756 4315,2756 4430,2754 4545,2753 4661,2752 4776,2750 4891,2750 5006,2750 5121,2748 5236,2748 5351,2748 5466,2748 5581,2748 5696,2748 5812,2748"
                         HEIGHT="112"
                         WIDTH="2332"
                         VPOS="2699"
                         HPOS="3494">
                  <String ID="string_region_1639058881055_14226l36"
                          HEIGHT="112"
                          WIDTH="2332"
                          VPOS="2699"
                          HPOS="3494"
                          CONTENT="livres de gros en argent de change pour la quelle somme il tous"/>
               </TextLine>
               <TextLine ID="region_1639058881055_14226l37"
                         BASELINE="3512,2854 3573,2850 3634,2848 3695,2844 3757,2844 3818,2842 3879,2840 3941,2840 4002,2838 4063,2838 4125,2838 4186,2838 4247,2838 4308,2838 4370,2837 4431,2836 4492,2836 4554,2836 4615,2834 4676,2834 4738,2832"
                         HEIGHT="159"
                         WIDTH="1258"
                         VPOS="2747"
                         HPOS="3495">
                  <String ID="string_region_1639058881055_14226l37"
                          HEIGHT="159"
                          WIDTH="1258"
                          VPOS="2747"
                          HPOS="3495"
                          CONTENT="pladra me crediter puisque ie suis"/>
               </TextLine>
               <TextLine ID="region_1639058881055_14226l38"
                         BASELINE="5526,2930 5554,2933 5583,2933 5612,2930 5640,2928 5669,2925 5698,2922"
                         HEIGHT="160"
                         WIDTH="209"
                         VPOS="2822"
                         HPOS="5505">
                  <String ID="string_region_1639058881055_14226l38"
                          HEIGHT="160"
                          WIDTH="209"
                          VPOS="2822"
                          HPOS="5505"
                          CONTENT="16d"/>
               </TextLine>
               <TextLine ID="region_1639058881055_14226l39"
                         BASELINE="3398,2958 3436,2960 3474,2960 3512,2960 3550,2958 3588,2958 3626,2955 3664,2953 3702,2951 3740,2947 3779,2944 3817,2940 3855,2936 3893,2933 3931,2931 3969,2927 4007,2924 4045,2922 4083,2921 4121,2920 4160,2920"
                         HEIGHT="184"
                         WIDTH="798"
                         VPOS="2837"
                         HPOS="3379">
                  <String ID="string_region_1639058881055_14226l39"
                          HEIGHT="184"
                          WIDTH="798"
                          VPOS="2837"
                          HPOS="3379"
                          CONTENT="den walr &amp; will kent"/>
               </TextLine>
               <TextLine ID="region_1639058881055_14226l40"
                         BASELINE="3500,3050 3616,3046 3733,3042 3850,3040 3967,3038 4084,3036 4200,3036 4317,3034 4434,3034 4551,3034 4668,3034 4784,3034 4901,3036 5018,3036 5135,3036 5252,3038 5368,3039 5485,3040 5602,3042 5719,3042 5836,3044"
                         HEIGHT="174"
                         WIDTH="2366"
                         VPOS="2932"
                         HPOS="3486">
                  <String ID="string_region_1639058881055_14226l40"
                          HEIGHT="174"
                          WIDTH="2366"
                          VPOS="2932"
                          HPOS="3486"
                          CONTENT="sence my last on the 13 cur non fran you so referre you to the same"/>
               </TextLine>
               <TextLine ID="region_1639058881055_14226l41"
                         BASELINE="3500,3144 3616,3140 3732,3136 3849,3132 3965,3130 4082,3128 4198,3126 4314,3126 4431,3126 4547,3126 4664,3126 4780,3127 4896,3128 5013,3128 5129,3130 5246,3130 5362,3132 5478,3132 5595,3132 5711,3132 5828,3132"
                         HEIGHT="105"
                         WIDTH="2356"
                         VPOS="3065"
                         HPOS="3486">
                  <String ID="string_region_1639058881055_14226l41"
                          HEIGHT="105"
                          WIDTH="2356"
                          VPOS="3065"
                          HPOS="3486"
                          CONTENT="&amp; serve this onley for covert of the patt, which please to ad bo my"/>
               </TextLine>
               <TextLine ID="region_1639058881055_14226l42"
                         BASELINE="3496,3236 3612,3231 3728,3227 3844,3224 3960,3222 4077,3219 4193,3217 4309,3216 4425,3214 4541,3214 4658,3214 4774,3214 4890,3216 5006,3216 5122,3218 5239,3220 5355,3221 5471,3224 5587,3226 5703,3229 5820,3232"
                         HEIGHT="130"
                         WIDTH="2357"
                         VPOS="3151"
                         HPOS="3479">
                  <String ID="string_region_1639058881055_14226l42"
                          HEIGHT="130"
                          WIDTH="2357"
                          VPOS="3151"
                          HPOS="3479"
                          CONTENT="order of 13 that so in all you have to provide about 108 a 110 p of"/>
               </TextLine>
               <TextLine ID="region_1639058881055_14226l43"
                         BASELINE="3514,3328 3632,3324 3751,3320 3869,3316 3988,3314 4106,3311 4225,3309 4343,3308 4462,3306 4580,3306 4699,3306 4817,3308 4936,3308 5054,3310 5173,3312 5291,3315 5410,3318 5528,3323 5647,3328 5765,3332 5884,3338"
                         HEIGHT="136"
                         WIDTH="2400"
                         VPOS="3247"
                         HPOS="3499">
                  <String ID="string_region_1639058881055_14226l43"
                          HEIGHT="136"
                          WIDTH="2400"
                          VPOS="3247"
                          HPOS="3499"
                          CONTENT="spanish clothes in all for the first convoy foo stend which shippose"/>
               </TextLine>
               <TextLine ID="region_1639058881055_14226l44"
                         BASELINE="3490,3430 3606,3421 3723,3416 3840,3410 3957,3405 4074,3401 4191,3398 4308,3396 4425,3394 4542,3392 4659,3392 4775,3392 4892,3394 5009,3394 5126,3396 5243,3398 5360,3401 5477,3404 5594,3407 5711,3410 5828,3414"
                         HEIGHT="145"
                         WIDTH="2370"
                         VPOS="3318"
                         HPOS="3474">
                  <String ID="string_region_1639058881055_14226l44"
                          HEIGHT="145"
                          WIDTH="2370"
                          VPOS="3318"
                          HPOS="3474"
                          CONTENT="will be 5 a 6 weekes sence &amp; whie as thereis order with you for "/>
               </TextLine>
               <TextLine ID="region_1639058881055_14226l45"
                         BASELINE="3496,3516 3613,3511 3730,3506 3847,3502 3964,3499 4081,3495 4198,3492 4315,3488 4432,3486 4549,3484 4666,3482 4783,3482 4900,3482 5017,3482 5134,3484 5251,3486 5368,3488 5485,3492 5602,3497 5719,3503 5836,3510"
                         HEIGHT="136"
                         WIDTH="2369"
                         VPOS="3438"
                         HPOS="3481">
                  <String ID="string_region_1639058881055_14226l45"
                          HEIGHT="136"
                          WIDTH="2369"
                          VPOS="3438"
                          HPOS="3481"
                          CONTENT="pan clothes sor exspect that you han alreaddy partioly you n acc"/>
               </TextLine>
               <TextLine ID="region_1639058881055_14226l46"
                         BASELINE="3500,3612 3618,3607 3736,3602 3854,3598 3972,3594 4091,3589 4209,3586 4327,3583 4445,3580 4563,3578 4682,3576 4800,3576 4918,3576 5036,3576 5154,3576 5273,3578 5391,3580 5509,3582 5627,3586 5745,3590 5864,3594"
                         HEIGHT="170"
                         WIDTH="2394"
                         VPOS="3485"
                         HPOS="3485">
                  <String ID="string_region_1639058881055_14226l46"
                          HEIGHT="170"
                          WIDTH="2394"
                          VPOS="3485"
                          HPOS="3485"
                          CONTENT="of these 108 a 110 p these patt servinge for complating orders that yad"/>
               </TextLine>
               <TextLine ID="region_1639058881055_14226l47"
                         BASELINE="3466,3710 3585,3703 3705,3698 3825,3692 3944,3685 4064,3681 4184,3678 4303,3674 4423,3670 4543,3668 4663,3666 4782,3666 4902,3664 5022,3665 5141,3666 5261,3667 5381,3669 5500,3672 5620,3674 5740,3678 5860,3684"
                         HEIGHT="141"
                         WIDTH="2425"
                         VPOS="3581"
                         HPOS="3450">
                  <String ID="string_region_1639058881055_14226l47"
                          HEIGHT="141"
                          WIDTH="2425"
                          VPOS="3581"
                          HPOS="3450"
                          CONTENT="might have choyse &amp; time to performe what I desive lett darck grayes"/>
               </TextLine>
               <TextLine ID="region_1639058881055_14226l48"
                         BASELINE="3492,3800 3610,3793 3729,3788 3848,3782 3967,3776 4086,3772 4205,3766 4324,3763 4443,3760 4562,3756 4681,3752 4799,3750 4918,3750 5037,3748 5156,3748 5275,3748 5394,3750 5513,3752 5632,3754 5751,3758 5870,3762"
                         HEIGHT="170"
                         WIDTH="2409"
                         VPOS="3677"
                         HPOS="3476">
                  <String ID="string_region_1639058881055_14226l48"
                          HEIGHT="170"
                          WIDTH="2409"
                          VPOS="3677"
                          HPOS="3476"
                          CONTENT="be bought in the nord of all prises from 3 a 6 a 6  ay card notg"/>
               </TextLine>
               <TextLine ID="region_1639058881055_14226l49"
                         BASELINE="3480,3894 3600,3886 3720,3877 3840,3870 3961,3864 4081,3859 4201,3854 4322,3852 4442,3850 4562,3847 4683,3846 4803,3844 4923,3844 5043,3842 5164,3842 5284,3842 5404,3842 5525,3840 5645,3840 5765,3838 5886,3836"
                         HEIGHT="198"
                         WIDTH="2441"
                         VPOS="3755"
                         HPOS="3462">
                  <String ID="string_region_1639058881055_14226l49"
                          HEIGHT="198"
                          WIDTH="2441"
                          VPOS="3755"
                          HPOS="3462"
                          CONTENT="lighter then N21 &amp; wherof I writt before which is the needfull"/>
               </TextLine>
               <TextLine ID="region_1639058881055_14226l50"
                         BASELINE="3502,3970 3537,3971 3572,3972 3608,3972 3643,3970 3679,3970 3714,3969 3749,3968 3785,3966 3820,3964 3856,3963 3891,3962 3926,3959 3962,3958 3997,3956 4033,3955 4068,3954 4103,3953 4139,3952 4174,3952 4210,3952"
                         HEIGHT="168"
                         WIDTH="744"
                         VPOS="3867"
                         HPOS="3484">
                  <String ID="string_region_1639058881055_14226l50"
                          HEIGHT="168"
                          WIDTH="744"
                          VPOS="3867"
                          HPOS="3484"
                          CONTENT="aft present from"/>
               </TextLine>
            </TextBlock>
         </PrintSpace>
      </Page>
   </Layout>
</alto>
