<?xml version="1.0" encoding="UTF-8"?>
<alto xmlns:xsi="http://www.w3.org/2001/XMLSchema-instance"
      xmlns="http://www.loc.gov/standards/alto/ns-v4#"
      xmlns:page="http://schema.primaresearch.org/PAGE/gts/pagecontent/2013-07-15"
      xsi:schemaLocation="http://www.loc.gov/standards/alto/ns-v4# https://www.loc.gov/standards/alto/v4/alto.xsd">
   <Description>
      <MeasurementUnit>pixel</MeasurementUnit>
      <OCRProcessing ID="IdOcr">
         <ocrProcessingStep>
            <processingDateTime>2022-02-04T12:21:33.21+01:00</processingDateTime>
            <processingSoftware>
               <softwareCreator>READ COOP</softwareCreator>
               <softwareName>Transkribus</softwareName>
            </processingSoftware>
         </ocrProcessingStep>
      </OCRProcessing>
   </Description>
   <Layout>
      <Page ID="Page1" PHYSICAL_IMG_NR="1" HEIGHT="4658" WIDTH="8180">
         <TopMargin HEIGHT="0" WIDTH="8180" VPOS="0" HPOS="0"/>
         <LeftMargin HEIGHT="4658" WIDTH="0" VPOS="0" HPOS="0"/>
         <RightMargin HEIGHT="4658" WIDTH="0" VPOS="0" HPOS="8180"/>
         <BottomMargin HEIGHT="0" WIDTH="8180" VPOS="4658" HPOS="0"/>
         <PrintSpace HEIGHT="4658" WIDTH="8180" VPOS="0" HPOS="0">
            <TextBlock ID="region_1643617212244_255"
                       HEIGHT="4373"
                       WIDTH="2557"
                       VPOS="142"
                       HPOS="853">
               <Shape>
                  <Polygon POINTS="853,142 3410,142 3410,4515 853,4515"/>
               </Shape>
               <TextLine ID="region_1643617212244_255l1"
                         BASELINE="2588,222 2617,222 2647,222 2677,222 2707,222 2737,222 2766,224 2796,224 2826,224 2856,224 2886,226 2915,226 2945,227 2975,228 3005,228 3035,230 3064,231 3094,232 3124,233 3154,235 3184,236"
                         HEIGHT="118"
                         WIDTH="629"
                         VPOS="159"
                         HPOS="2573">
                  <String ID="string_region_1643617212244_255l1"
                          HEIGHT="118"
                          WIDTH="629"
                          VPOS="159"
                          HPOS="2573"
                          CONTENT="Adij 6 8ber 1696"/>
               </TextLine>
               <TextLine ID="region_1643617212244_255l2"
                         BASELINE="908,248 935,246 962,246 989,244 1016,244 1043,243 1070,242 1097,242 1124,242 1151,241 1178,240 1205,240 1232,238 1259,238 1286,237 1313,236 1340,236 1367,234 1394,233 1421,231 1448,230"
                         HEIGHT="111"
                         WIDTH="571"
                         VPOS="170"
                         HPOS="892">
                  <String ID="string_region_1643617212244_255l2"
                          HEIGHT="111"
                          WIDTH="571"
                          VPOS="170"
                          HPOS="892"
                          CONTENT="namur le brdart"/>
               </TextLine>
               <TextLine ID="region_1643617212244_255l3"
                         BASELINE="1166,306 1275,301 1385,298 1494,296 1604,294 1714,292 1823,292 1933,292 2042,292 2152,292 2262,292 2371,294 2481,294 2590,296 2700,296 2810,298 2919,298 3029,300 3138,300 3248,300 3358,298"
                         HEIGHT="150"
                         WIDTH="2224"
                         VPOS="177"
                         HPOS="1150">
                  <String ID="string_region_1643617212244_255l3"
                          HEIGHT="150"
                          WIDTH="2224"
                          VPOS="177"
                          HPOS="1150"
                          CONTENT="en responce a la chee vre du 3 court le draps gris de peirle N 76 est vendu"/>
               </TextLine>
               <TextLine ID="region_1643617212244_255l4"
                         BASELINE="1164,380 1267,380 1370,380 1473,382 1576,382 1680,382 1783,380 1886,380 1989,380 2092,380 2196,380 2299,380 2402,380 2505,380 2608,380 2712,380 2815,381 2918,382 3021,382 3124,384 3228,386"
                         HEIGHT="121"
                         WIDTH="2092"
                         VPOS="292"
                         HPOS="1150">
                  <String ID="string_region_1643617212244_255l4"
                          HEIGHT="121"
                          WIDTH="2092"
                          VPOS="292"
                          HPOS="1150"
                          CONTENT="comme aussi la plus past des autres dont vous aves les eschantillons "/>
               </TextLine>
               <TextLine ID="region_1643617212244_255l5"
                         BASELINE="1146,468 1250,468 1355,468 1460,468 1564,466 1669,466 1774,466 1878,466 1983,466 2088,464 2193,464 2297,464 2402,464 2507,464 2611,464 2716,466 2821,466 2925,468 3030,469 3135,471 3240,474"
                         HEIGHT="123"
                         WIDTH="2122"
                         VPOS="390"
                         HPOS="1132">
                  <String ID="string_region_1643617212244_255l5"
                          HEIGHT="123"
                          WIDTH="2122"
                          VPOS="390"
                          HPOS="1132"
                          CONTENT="cela raison que ie ne pas envoije quelque eschantillons, car ceque"/>
               </TextLine>
               <TextLine ID="region_1643617212244_255l6"
                         BASELINE="1150,550 1259,550 1369,548 1479,548 1589,546 1699,546 1809,544 1919,544 2029,544 2139,543 2249,542 2358,544 2468,544 2578,544 2688,546 2798,546 2908,548 3018,550 3128,552 3238,555 3348,558"
                         HEIGHT="162"
                         WIDTH="2231"
                         VPOS="435"
                         HPOS="1134">
                  <String ID="string_region_1643617212244_255l6"
                          HEIGHT="162"
                          WIDTH="2231"
                          VPOS="435"
                          HPOS="1134"
                          CONTENT="auiordhuy le lindemain est vendu et cela adire pandant la querre a chose"/>
               </TextLine>
               <TextLine ID="region_1643617212244_255l7"
                         BASELINE="1152,636 1259,634 1367,632 1474,630 1582,628 1690,626 1797,626 1905,624 2012,624 2120,622 2228,622 2335,622 2443,622 2550,623 2658,624 2766,626 2873,628 2981,630 3088,632 3196,634 3304,638"
                         HEIGHT="114"
                         WIDTH="2184"
                         VPOS="566"
                         HPOS="1135">
                  <String ID="string_region_1643617212244_255l7"
                          HEIGHT="114"
                          WIDTH="2184"
                          VPOS="566"
                          HPOS="1135"
                          CONTENT="que les convoijes, n'arrivent que 2 a 3 fois parant et alors i'acunne"/>
               </TextLine>
               <TextLine ID="region_1643617212244_255l8"
                         BASELINE="2356,660 2385,660 2414,660 2444,660"
                         HEIGHT="59"
                         WIDTH="117"
                         VPOS="618"
                         HPOS="2341">
                  <String ID="string_region_1643617212244_255l8"
                          HEIGHT="59"
                          WIDTH="117"
                          VPOS="618"
                          HPOS="2341"
                          CONTENT="tais"/>
               </TextLine>
               <TextLine ID="region_1643617212244_255l9"
                         BASELINE="1164,716 1270,711 1376,706 1482,704 1589,702 1695,700 1801,700 1908,700 2014,700 2120,700 2227,702 2333,704 2439,706 2545,708 2652,710 2758,712 2864,712 2971,714 3077,714 3183,714 3290,714"
                         HEIGHT="111"
                         WIDTH="2157"
                         VPOS="653"
                         HPOS="1150">
                  <String ID="string_region_1643617212244_255l9"
                          HEIGHT="111"
                          WIDTH="2157"
                          VPOS="653"
                          HPOS="1150"
                          CONTENT="vient pour elleur assortis ce quil ma vendent de puis 4 iours autant"/>
               </TextLine>
               <TextLine ID="region_1643617212244_255l10"
                         BASELINE="1148,798 1254,794 1361,792 1468,790 1575,788 1682,788 1788,788 1895,788 2002,790 2109,790 2216,792 2322,794 2429,796 2536,798 2643,801 2750,804 2856,807 2963,810 3070,812 3177,816 3284,818"
                         HEIGHT="134"
                         WIDTH="2170"
                         VPOS="722"
                         HPOS="1131">
                  <String ID="string_region_1643617212244_255l10"
                          HEIGHT="134"
                          WIDTH="2170"
                          VPOS="722"
                          HPOS="1131"
                          CONTENT="que iay receu a la premiere convoij, et que ne plus d'asortement"/>
               </TextLine>
               <TextLine ID="region_1643617212244_255l11"
                         BASELINE="1142,880 1248,876 1354,872 1460,870 1567,869 1673,868 1779,868 1886,870 1992,870 2098,872 2205,874 2311,876 2417,879 2523,882 2630,884 2736,886 2842,888 2949,890 3055,892 3161,892 3268,892"
                         HEIGHT="121"
                         WIDTH="2157"
                         VPOS="800"
                         HPOS="1128">
                  <String ID="string_region_1643617212244_255l11"
                          HEIGHT="121"
                          WIDTH="2157"
                          VPOS="800"
                          HPOS="1128"
                          CONTENT="pour vous envoijer les eschantillone pour bien faire il faut venir"/>
               </TextLine>
               <TextLine ID="region_1643617212244_255l12"
                         BASELINE="1152,954 1260,952 1368,950 1476,950 1584,950 1692,950 1800,950 1908,950 2016,952 2124,954 2232,956 2340,956 2448,958 2556,960 2664,962 2772,964 2880,964 2988,966 3096,966 3204,966 3312,964"
                         HEIGHT="116"
                         WIDTH="2191"
                         VPOS="886"
                         HPOS="1136">
                  <String ID="string_region_1643617212244_255l12"
                          HEIGHT="116"
                          WIDTH="2191"
                          VPOS="886"
                          HPOS="1136"
                          CONTENT="vous memne a l'arriver du convoij et prendre vre assortement a la "/>
               </TextLine>
               <TextLine ID="region_1643617212244_255l13"
                         BASELINE="1972,986 1999,988 2026,988 2054,986 2081,986 2108,987 2136,990"
                         HEIGHT="65"
                         WIDTH="194"
                         VPOS="945"
                         HPOS="1956">
                  <String ID="string_region_1643617212244_255l13"
                          HEIGHT="65"
                          WIDTH="194"
                          VPOS="945"
                          HPOS="1956"
                          CONTENT="neur ay"/>
               </TextLine>
               <TextLine ID="region_1643617212244_255l14"
                         BASELINE="1152,1036 1262,1032 1372,1030 1482,1030 1592,1030 1703,1030 1813,1032 1923,1034 2033,1035 2143,1038 2254,1039 2364,1042 2474,1044 2584,1046 2694,1048 2805,1050 2915,1050 3025,1052 3135,1051 3245,1050 3356,1048"
                         HEIGHT="123"
                         WIDTH="2235"
                         VPOS="964"
                         HPOS="1138">
                  <String ID="string_region_1643617212244_255l14"
                          HEIGHT="123"
                          WIDTH="2235"
                          VPOS="964"
                          HPOS="1138"
                          CONTENT="a la vue, car autrement ie e pas l'honneur de vous plaire. nous attendons"/>
               </TextLine>
               <TextLine ID="region_1643617212244_255l15"
                         BASELINE="1156,1122 1267,1118 1379,1114 1491,1112 1602,1110 1714,1110 1826,1112 1937,1114 2049,1116 2161,1118 2273,1122 2384,1126 2496,1130 2608,1134 2719,1136 2831,1140 2943,1142 3054,1144 3166,1146 3278,1146 3390,1144"
                         HEIGHT="106"
                         WIDTH="2267"
                         VPOS="1046"
                         HPOS="1139">
                  <String ID="string_region_1643617212244_255l15"
                          HEIGHT="106"
                          WIDTH="2267"
                          VPOS="1046"
                          HPOS="1139"
                          CONTENT="un novelle convoij pour le commancement de novembre prochaine a l'anverd"/>
               </TextLine>
               <TextLine ID="region_1643617212244_255l16"
                         BASELINE="1158,1208 1265,1204 1372,1200 1480,1198 1587,1198 1695,1198 1802,1198 1909,1200 2017,1202 2124,1204 2232,1206 2339,1210 2446,1212 2554,1216 2661,1219 2769,1222 2876,1224 2983,1226 3091,1228 3198,1228 3306,1228"
                         HEIGHT="146"
                         WIDTH="2179"
                         VPOS="1135"
                         HPOS="1143">
                  <String ID="string_region_1643617212244_255l16"
                          HEIGHT="146"
                          WIDTH="2179"
                          VPOS="1135"
                          HPOS="1143"
                          CONTENT="ie vous donneres advis pandent que ie suis marj, de n'estre pas pour"/>
               </TextLine>
               <TextLine ID="region_1643617212244_255l17"
                         BASELINE="1162,1300 1265,1293 1369,1288 1472,1284 1576,1282 1679,1282 1783,1282 1886,1282 1990,1284 2093,1286 2197,1290 2300,1292 2404,1296 2507,1300 2611,1303 2714,1306 2818,1310 2921,1312 3025,1314 3128,1316 3232,1316"
                         HEIGHT="98"
                         WIDTH="2102"
                         VPOS="1237"
                         HPOS="1148">
                  <String ID="string_region_1643617212244_255l17"
                          HEIGHT="98"
                          WIDTH="2102"
                          VPOS="1237"
                          HPOS="1148"
                          CONTENT="vous rendre quelque service, que vous ay moy desires, le serrisees"/>
               </TextLine>
               <TextLine ID="region_1643617212244_255l18"
                         BASELINE="1168,1388 1274,1382 1380,1376 1486,1372 1592,1370 1698,1368 1804,1368 1910,1368 2016,1370 2122,1372 2228,1375 2334,1378 2440,1380 2546,1384 2652,1386 2758,1390 2864,1392 2970,1393 3076,1394 3182,1394 3288,1394"
                         HEIGHT="165"
                         WIDTH="2152"
                         VPOS="1275"
                         HPOS="1153">
                  <String ID="string_region_1643617212244_255l18"
                          HEIGHT="165"
                          WIDTH="2152"
                          VPOS="1275"
                          HPOS="1153"
                          CONTENT="bleu vrement a present a 22 ft par onne, lebrouges a 21 le pairle"/>
               </TextLine>
               <TextLine ID="region_1643617212244_255l19"
                         BASELINE="1162,1474 1269,1469 1376,1464 1483,1462 1590,1460 1697,1458 1804,1458 1911,1458 2018,1460 2125,1460 2232,1462 2339,1464 2446,1466 2553,1468 2660,1470 2767,1472 2874,1472 2981,1474 3088,1474 3195,1474 3302,1472"
                         HEIGHT="179"
                         WIDTH="2170"
                         VPOS="1362"
                         HPOS="1147">
                  <String ID="string_region_1643617212244_255l19"
                          HEIGHT="179"
                          WIDTH="2170"
                          VPOS="1362"
                          HPOS="1147"
                          CONTENT="a 20 pas a l18 frisen inde a 39 flamll 6 lant a 17"/>
               </TextLine>
               <TextLine ID="region_1643617212244_255l20"
                         BASELINE="912,1564 958,1562 1005,1559 1052,1556 1099,1555 1146,1553 1192,1551 1239,1549 1286,1546 1333,1546 1380,1544 1426,1542 1473,1541 1520,1540 1567,1538 1614,1538 1660,1537 1707,1536 1754,1536 1801,1536 1848,1536"
                         HEIGHT="154"
                         WIDTH="971"
                         VPOS="1437"
                         HPOS="894">
                  <String ID="string_region_1643617212244_255l20"
                          HEIGHT="154"
                          WIDTH="971"
                          VPOS="1437"
                          HPOS="894"
                          CONTENT="brussel Anthonij Rousseau"/>
               </TextLine>
               <TextLine ID="region_1643617212244_255l21"
                         BASELINE="2770,1532 2797,1534 2824,1535 2851,1537 2879,1539 2906,1541 2933,1543 2961,1545 2988,1546 3015,1548 3043,1550 3070,1551 3097,1552 3124,1553 3152,1554 3179,1554 3206,1554 3234,1554 3261,1553 3288,1552 3316,1550"
                         HEIGHT="132"
                         WIDTH="581"
                         VPOS="1463"
                         HPOS="2754">
                  <String ID="string_region_1643617212244_255l21"
                          HEIGHT="132"
                          WIDTH="581"
                          VPOS="1463"
                          HPOS="2754"
                          CONTENT="Adij 6 xber 1696"/>
               </TextLine>
               <TextLine ID="region_1643617212244_255l22"
                         BASELINE="1166,1626 1273,1622 1380,1618 1487,1614 1595,1611 1702,1608 1809,1606 1917,1604 2024,1604 2131,1602 2239,1602 2346,1602 2453,1604 2560,1606 2668,1608 2775,1610 2882,1614 2990,1618 3097,1624 3204,1630 3312,1636"
                         HEIGHT="161"
                         WIDTH="2175"
                         VPOS="1524"
                         HPOS="1151">
                  <String ID="string_region_1643617212244_255l22"
                          HEIGHT="161"
                          WIDTH="2175"
                          VPOS="1524"
                          HPOS="1151"
                          CONTENT="depuis mederniere du 3 court nogotie vre remise sur liege apec"/>
               </TextLine>
               <TextLine ID="region_1643617212244_255l23"
                         BASELINE="1146,1712 1257,1704 1369,1698 1481,1694 1593,1690 1705,1688 1816,1686 1928,1686 2040,1686 2152,1688 2264,1690 2375,1692 2487,1696 2599,1698 2711,1702 2823,1706 2934,1710 3046,1714 3158,1717 3270,1721 3382,1724"
                         HEIGHT="134"
                         WIDTH="2269"
                         VPOS="1635"
                         HPOS="1131">
                  <String ID="string_region_1643617212244_255l23"
                          HEIGHT="134"
                          WIDTH="2269"
                          VPOS="1635"
                          HPOS="1131"
                          CONTENT="pierre charlier 2 parij a condision d'attendre 15 iours pour mon argent"/>
               </TextLine>
               <TextLine ID="region_1643617212244_255l24"
                         BASELINE="1162,1790 1269,1782 1377,1776 1485,1771 1592,1766 1700,1764 1808,1762 1915,1760 2023,1760 2131,1760 2239,1760 2346,1762 2454,1764 2562,1766 2669,1770 2777,1774 2885,1778 2992,1782 3100,1788 3208,1794 3316,1800"
                         HEIGHT="147"
                         WIDTH="2185"
                         VPOS="1679"
                         HPOS="1147">
                  <String ID="string_region_1643617212244_255l24"
                          HEIGHT="147"
                          WIDTH="2185"
                          VPOS="1679"
                          HPOS="1147"
                          CONTENT="ce que ie pense. servir de faire que deperdere un ½  a chose que"/>
               </TextLine>
               <TextLine ID="region_1643617212244_255l25"
                         BASELINE="1158,1874 1265,1863 1373,1855 1481,1848 1589,1842 1697,1838 1804,1836 1912,1834 2020,1834 2128,1834 2236,1836 2343,1838 2451,1840 2559,1844 2667,1847 2775,1850 2882,1854 2990,1858 3098,1862 3206,1865 3314,1868"
                         HEIGHT="142"
                         WIDTH="2187"
                         VPOS="1744"
                         HPOS="1142">
                  <String ID="string_region_1643617212244_255l25"
                          HEIGHT="142"
                          WIDTH="2187"
                          VPOS="1744"
                          HPOS="1142"
                          CONTENT="ne voit pas  cette partie moins que ½ pr. le de parte si jonct "/>
               </TextLine>
               <TextLine ID="region_1643617212244_255l26"
                         BASELINE="1156,1960 1262,1952 1368,1946 1475,1938 1581,1932 1688,1928 1794,1924 1900,1922 2007,1920 2113,1918 2220,1918 2326,1918 2432,1918 2539,1920 2645,1922 2752,1924 2858,1927 2964,1930 3071,1935 3177,1939 3284,1944"
                         HEIGHT="134"
                         WIDTH="2160"
                         VPOS="1825"
                         HPOS="1140">
                  <String ID="string_region_1643617212244_255l26"
                          HEIGHT="134"
                          WIDTH="2160"
                          VPOS="1825"
                          HPOS="1140"
                          CONTENT="la lettre de 24 de 120 sur soseph degmont en ostende en protest"/>
               </TextLine>
               <TextLine ID="region_1643617212244_255l27"
                         BASELINE="1160,2042 1267,2033 1374,2025 1481,2019 1588,2014 1695,2010 1802,2006 1909,2004 2016,2004 2123,2002 2230,2002 2337,2002 2444,2004 2551,2004 2658,2004 2765,2006 2872,2006 2979,2008 3086,2008 3193,2008 3300,2008"
                         HEIGHT="173"
                         WIDTH="2169"
                         VPOS="1919"
                         HPOS="1145">
                  <String ID="string_region_1643617212244_255l27"
                          HEIGHT="173"
                          WIDTH="2169"
                          VPOS="1919"
                          HPOS="1145"
                          CONTENT="si vous n'aves pas de remises a me faire ce tireray sur en cas si vous"/>
               </TextLine>
               <TextLine ID="region_1643617212244_255l28"
                         BASELINE="1154,2114 1204,2112 1254,2109 1304,2107 1354,2105 1405,2102 1455,2101 1505,2098 1555,2096 1605,2094 1656,2092 1706,2090 1756,2087 1806,2085 1856,2084 1907,2082 1957,2080 2007,2078 2057,2078 2107,2076 2158,2076"
                         HEIGHT="148"
                         WIDTH="1039"
                         VPOS="1996"
                         HPOS="1135">
                  <String ID="string_region_1643617212244_255l28"
                          HEIGHT="148"
                          WIDTH="1039"
                          VPOS="1996"
                          HPOS="1135"
                          CONTENT="ne incommederay pas ie suiss"/>
               </TextLine>
               <TextLine ID="region_1643617212244_255l29"
                         BASELINE="3084,2108 3111,2105 3139,2102 3166,2100 3194,2100 3221,2097 3249,2095 3276,2094 3304,2092"
                         HEIGHT="150"
                         WIDTH="256"
                         VPOS="2000"
                         HPOS="3064">
                  <String ID="string_region_1643617212244_255l29"
                          HEIGHT="150"
                          WIDTH="256"
                          VPOS="2000"
                          HPOS="3064"
                          CONTENT="8 ditto"/>
               </TextLine>
               <TextLine ID="region_1643617212244_255l30"
                         BASELINE="892,2160 938,2160 984,2160 1031,2160 1077,2160 1124,2160 1170,2162 1216,2162 1263,2162 1309,2162 1356,2164 1402,2164 1448,2164 1495,2166 1541,2166 1588,2166 1634,2168 1680,2168 1727,2168 1773,2168 1820,2168"
                         HEIGHT="143"
                         WIDTH="958"
                         VPOS="2067"
                         HPOS="877">
                  <String ID="string_region_1643617212244_255l30"
                          HEIGHT="143"
                          WIDTH="958"
                          VPOS="2067"
                          HPOS="877"
                          CONTENT="rotterdam Abram de bra"/>
               </TextLine>
               <TextLine ID="region_1643617212244_255l31"
                         BASELINE="1158,2236 1268,2234 1378,2232 1488,2230 1598,2230 1708,2228 1818,2226 1928,2226 2038,2226 2148,2224 2259,2224 2369,2224 2479,2224 2589,2224 2699,2222 2809,2222 2919,2222 3029,2220 3139,2220 3249,2218 3360,2216"
                         HEIGHT="135"
                         WIDTH="2234"
                         VPOS="2130"
                         HPOS="1141">
                  <String ID="string_region_1643617212244_255l31"
                          HEIGHT="135"
                          WIDTH="2234"
                          VPOS="2130"
                          HPOS="1141"
                          CONTENT="op 4 deser hebbe Aen ul geremitteert ƒ 1100:- ten laste Abram vander"/>
               </TextLine>
               <TextLine ID="region_1643617212244_255l32"
                         BASELINE="1162,2328 1271,2323 1380,2318 1489,2316 1598,2312 1707,2310 1816,2308 1925,2308 2034,2308 2143,2308 2252,2306 2361,2306 2470,2306 2579,2306 2688,2306 2797,2306 2906,2304 3015,2303 3124,2300 3233,2298 3342,2294"
                         HEIGHT="131"
                         WIDTH="2212"
                         VPOS="2231"
                         HPOS="1145">
                  <String ID="string_region_1643617212244_255l32"
                          HEIGHT="131"
                          WIDTH="2212"
                          VPOS="2231"
                          HPOS="1145"
                          CONTENT="geen op 2 a 3 daegen sicht, welcke brrief hope ul wel is geworden alhoe"/>
               </TextLine>
               <TextLine ID="region_1643617212244_255l33"
                         BASELINE="1158,2418 1267,2412 1376,2406 1485,2402 1595,2398 1704,2396 1813,2394 1923,2392 2032,2392 2141,2392 2251,2392 2360,2392 2469,2392 2578,2394 2688,2394 2797,2394 2906,2394 3016,2392 3125,2390 3234,2389 3344,2386"
                         HEIGHT="153"
                         WIDTH="2218"
                         VPOS="2314"
                         HPOS="1142">
                  <String ID="string_region_1643617212244_255l33"
                          HEIGHT="153"
                          WIDTH="2218"
                          VPOS="2314"
                          HPOS="1142"
                          CONTENT="wel daerover geen Antwort, maer sedert den ul van selve dato wel"/>
               </TextLine>
               <TextLine ID="region_1643617212244_255l34"
                         BASELINE="1160,2508 1271,2500 1383,2494 1494,2490 1606,2486 1718,2484 1829,2482 1941,2480 2052,2480 2164,2480 2276,2480 2387,2480 2499,2480 2610,2480 2722,2480 2834,2480 2945,2478 3057,2476 3168,2474 3280,2470 3392,2464"
                         HEIGHT="146"
                         WIDTH="2264"
                         VPOS="2387"
                         HPOS="1144">
                  <String ID="string_region_1643617212244_255l34"
                          HEIGHT="146"
                          WIDTH="2264"
                          VPOS="2387"
                          HPOS="1144"
                          CONTENT="ontfangen ende ul voor het montant van de gecochte kersijen gecredidiu"/>
               </TextLine>
               <TextLine ID="region_1643617212244_255l35"
                         BASELINE="1160,2594 1270,2586 1380,2582 1491,2578 1601,2574 1712,2571 1822,2569 1932,2568 2043,2566 2153,2566 2264,2566 2374,2566 2484,2566 2595,2566 2705,2566 2816,2568 2926,2568 3036,2568 3147,2568 3257,2568 3368,2568"
                         HEIGHT="82"
                         WIDTH="2240"
                         VPOS="2522"
                         HPOS="1144">
                  <String ID="string_region_1643617212244_255l35"
                          HEIGHT="82"
                          WIDTH="2240"
                          VPOS="2522"
                          HPOS="1144"
                          CONTENT="hadde wel gewenst die fransito hadde doen passeeren alsoo sulckx aen"/>
               </TextLine>
               <TextLine ID="region_1643617212244_255l36"
                         BASELINE="1180,2672 1283,2668 1387,2663 1491,2660 1595,2656 1699,2654 1803,2652 1907,2650 2011,2648 2115,2648 2219,2648 2322,2648 2426,2648 2530,2648 2634,2648 2738,2648 2842,2650 2946,2650 3050,2650 3154,2650 3258,2650"
                         HEIGHT="99"
                         WIDTH="2108"
                         VPOS="2593"
                         HPOS="1164">
                  <String ID="string_region_1643617212244_255l36"
                          HEIGHT="99"
                          WIDTH="2108"
                          VPOS="2593"
                          HPOS="1164"
                          CONTENT="andere doorgans geschiet, daniel westhuijsen noch niet vernoomen"/>
               </TextLine>
               <TextLine ID="region_1643617212244_255l37"
                         BASELINE="1172,2770 1280,2760 1389,2755 1498,2750 1607,2746 1716,2744 1824,2742 1933,2740 2042,2740 2151,2740 2260,2738 2368,2740 2477,2738 2586,2738 2695,2738 2804,2736 2912,2734 3021,2732 3130,2728 3239,2722 3348,2716"
                         HEIGHT="116"
                         WIDTH="2209"
                         VPOS="2676"
                         HPOS="1154">
                  <String ID="string_region_1643617212244_255l37"
                          HEIGHT="116"
                          WIDTH="2209"
                          VPOS="2676"
                          HPOS="1154"
                          CONTENT="ick hebbe het mijnen lesten voorder versocht 5 a 6 witte frisaerden"/>
               </TextLine>
               <TextLine ID="region_1643617212244_255l38"
                         BASELINE="1156,2852 1263,2846 1371,2842 1479,2838 1587,2836 1695,2834 1802,2832 1910,2830 2018,2830 2126,2828 2234,2828 2341,2828 2449,2828 2557,2826 2665,2826 2773,2824 2880,2822 2988,2820 3096,2817 3204,2812 3312,2808"
                         HEIGHT="134"
                         WIDTH="2188"
                         VPOS="2749"
                         HPOS="1141">
                  <String ID="string_region_1643617212244_255l38"
                          HEIGHT="134"
                          WIDTH="2188"
                          VPOS="2749"
                          HPOS="1141"
                          CONTENT="te coopen ende voor het beste goet 11 a 12 a 12½ des te besteeden"/>
               </TextLine>
               <TextLine ID="region_1643617212244_255l39"
                         BASELINE="1174,2934 1280,2930 1387,2928 1493,2926 1600,2924 1707,2922 1813,2921 1920,2920 2026,2919 2133,2918 2240,2917 2346,2916 2453,2914 2559,2913 2666,2912 2773,2910 2879,2906 2986,2904 3092,2900 3199,2896 3306,2890"
                         HEIGHT="143"
                         WIDTH="2166"
                         VPOS="2814"
                         HPOS="1156">
                  <String ID="string_region_1643617212244_255l39"
                          HEIGHT="143"
                          WIDTH="2166"
                          VPOS="2814"
                          HPOS="1156"
                          CONTENT="doch daer toe diende ul weliemant te mploiyeeren die dat verstaet,"/>
               </TextLine>
               <TextLine ID="region_1643617212244_255l40"
                         BASELINE="1146,3022 1254,3019 1363,3016 1472,3012 1581,3010 1690,3006 1799,3004 1908,3004 2017,3002 2126,3000 2235,3000 2343,3000 2452,3000 2561,3000 2670,3000 2779,3000 2888,3000 2997,3000 3106,3002 3215,3002 3324,3004"
                         HEIGHT="95"
                         WIDTH="2209"
                         VPOS="2943"
                         HPOS="1130">
                  <String ID="string_region_1643617212244_255l40"
                          HEIGHT="95"
                          WIDTH="2209"
                          VPOS="2943"
                          HPOS="1130"
                          CONTENT="om datter groot onderschijdt is in die goederen sij moeten uts meer"/>
               </TextLine>
               <TextLine ID="region_1643617212244_255l41"
                         BASELINE="1168,3104 1273,3102 1379,3099 1485,3098 1591,3096 1697,3094 1803,3092 1909,3090 2015,3088 2121,3086 2227,3086 2332,3084 2438,3084 2544,3084 2650,3084 2756,3084 2862,3086 2968,3087 3074,3090 3180,3092 3286,3094"
                         HEIGHT="130"
                         WIDTH="2151"
                         VPOS="3003"
                         HPOS="1152">
                  <String ID="string_region_1643617212244_255l41"
                          HEIGHT="130"
                          WIDTH="2151"
                          VPOS="3003"
                          HPOS="1152"
                          CONTENT="dan ¼ briet wesen suijver wit wel beset en niet los van frisuere"/>
               </TextLine>
               <TextLine ID="region_1643617212244_255l42"
                         BASELINE="1162,3182 1269,3180 1377,3178 1485,3176 1592,3174 1700,3172 1808,3172 1915,3170 2023,3170 2131,3170 2239,3170 2346,3170 2454,3170 2562,3170 2669,3170 2777,3172 2885,3172 2992,3174 3100,3176 3208,3178 3316,3180"
                         HEIGHT="127"
                         WIDTH="2184"
                         VPOS="3100"
                         HPOS="1148">
                  <String ID="string_region_1643617212244_255l42"
                          HEIGHT="127"
                          WIDTH="2184"
                          VPOS="3100"
                          HPOS="1148"
                          CONTENT="een winkelhouwer laken vercooper soude ul daer comen in dienst"/>
               </TextLine>
               <TextLine ID="region_1643617212244_255l43"
                         BASELINE="1174,3274 1281,3270 1389,3266 1496,3264 1604,3262 1711,3260 1819,3258 1926,3256 2034,3256 2141,3256 2249,3254 2356,3254 2464,3254 2571,3256 2679,3256 2786,3256 2894,3258 3001,3259 3109,3260 3216,3262 3324,3264"
                         HEIGHT="121"
                         WIDTH="2181"
                         VPOS="3181"
                         HPOS="1159">
                  <String ID="string_region_1643617212244_255l43"
                          HEIGHT="121"
                          WIDTH="2181"
                          VPOS="3181"
                          HPOS="1159"
                          CONTENT="doen op in d'een oft d'ander packhuijs uijt te doen soecken want"/>
               </TextLine>
               <TextLine ID="region_1643617212244_255l44"
                         BASELINE="1156,3360 1265,3352 1374,3346 1483,3342 1592,3338 1702,3336 1811,3336 1920,3336 2029,3336 2138,3336 2248,3338 2357,3340 2466,3342 2575,3344 2684,3346 2794,3348 2903,3350 3012,3350 3121,3350 3230,3350 3340,3348"
                         HEIGHT="154"
                         WIDTH="2215"
                         VPOS="3265"
                         HPOS="1140">
                  <String ID="string_region_1643617212244_255l44"
                          HEIGHT="154"
                          WIDTH="2215"
                          VPOS="3265"
                          HPOS="1140"
                          CONTENT="op dat goet is wijnich oft niets te avanceeren, en soude seerlichtelijck"/>
               </TextLine>
               <TextLine ID="region_1643617212244_255l45"
                         BASELINE="1170,3442 1280,3435 1391,3430 1502,3425 1613,3422 1724,3419 1834,3418 1945,3418 2056,3418 2167,3418 2278,3420 2388,3422 2499,3424 2610,3428 2721,3432 2832,3436 2942,3439 3053,3443 3164,3447 3275,3450 3386,3454"
                         HEIGHT="159"
                         WIDTH="2246"
                         VPOS="3339"
                         HPOS="1156">
                  <String ID="string_region_1643617212244_255l45"
                          HEIGHT="159"
                          WIDTH="2246"
                          VPOS="3339"
                          HPOS="1156"
                          CONTENT="een stuijver aendel comen misnoemen wesen, ick verwachter eenige"/>
               </TextLine>
               <TextLine ID="region_1643617212244_255l46"
                         BASELINE="1158,3520 1266,3516 1374,3512 1482,3510 1590,3508 1699,3506 1807,3504 1915,3504 2023,3504 2131,3504 2240,3506 2348,3507 2456,3509 2564,3510 2672,3514 2781,3516 2889,3518 2997,3521 3105,3524 3213,3527 3322,3530"
                         HEIGHT="102"
                         WIDTH="2197"
                         VPOS="3447"
                         HPOS="1141">
                  <String ID="string_region_1643617212244_255l46"
                          HEIGHT="102"
                          WIDTH="2197"
                          VPOS="3447"
                          HPOS="1141"
                          CONTENT="met het convoij van londen naer costj, doch iemant van mijne"/>
               </TextLine>
               <TextLine ID="region_1643617212244_255l47"
                         BASELINE="1164,3608 1275,3602 1387,3598 1498,3596 1610,3592 1722,3592 1833,3590 1945,3590 2056,3590 2168,3590 2280,3590 2391,3592 2503,3592 2614,3594 2726,3595 2838,3596 2949,3598 3061,3598 3172,3600 3284,3600 3396,3600"
                         HEIGHT="118"
                         WIDTH="2264"
                         VPOS="3538"
                         HPOS="1147">
                  <String ID="string_region_1643617212244_255l47"
                          HEIGHT="118"
                          WIDTH="2264"
                          VPOS="3538"
                          HPOS="1147"
                          CONTENT="vrinden waer middelijdt iess bedient echter niet tot volle contentenit"/>
               </TextLine>
               <TextLine ID="region_1643617212244_255l48"
                         BASELINE="1162,3684 1270,3682 1378,3680 1486,3680 1594,3678 1702,3678 1810,3678 1918,3678 2026,3678 2134,3678 2242,3678 2350,3680 2458,3680 2566,3682 2674,3682 2782,3684 2890,3686 2998,3686 3106,3688 3214,3690 3322,3692"
                         HEIGHT="105"
                         WIDTH="2190"
                         VPOS="3611"
                         HPOS="1146">
                  <String ID="string_region_1643617212244_255l48"
                          HEIGHT="105"
                          WIDTH="2190"
                          VPOS="3611"
                          HPOS="1146"
                          CONTENT="te recht comen soo laet het beruffen, want het moet niet wesen"/>
               </TextLine>
               <TextLine ID="region_1643617212244_255l49"
                         BASELINE="1178,3760 1281,3760 1385,3758 1488,3758 1592,3758 1696,3758 1799,3758 1903,3760 2006,3760 2110,3762 2214,3762 2317,3764 2421,3764 2524,3766 2628,3766 2732,3767 2835,3768 2939,3768 3042,3768 3146,3767 3250,3766"
                         HEIGHT="129"
                         WIDTH="2105"
                         VPOS="3695"
                         HPOS="1162">
                  <String ID="string_region_1643617212244_255l49"
                          HEIGHT="129"
                          WIDTH="2105"
                          VPOS="3695"
                          HPOS="1162"
                          CONTENT="wat passeert, gelieft te laeten weten, aen die naer groetenisse blijve."/>
               </TextLine>
               <TextLine ID="region_1643617212244_255l50"
                         BASELINE="886,3854 939,3850 993,3846 1046,3842 1100,3839 1154,3837 1207,3834 1261,3833 1314,3832 1368,3831 1422,3830 1475,3830 1529,3830 1582,3830 1636,3830 1690,3830 1743,3830 1797,3830 1850,3830 1904,3830 1958,3830"
                         HEIGHT="172"
                         WIDTH="1105"
                         VPOS="3729"
                         HPOS="870">
                  <String ID="string_region_1643617212244_255l50"
                          HEIGHT="172"
                          WIDTH="1105"
                          VPOS="3729"
                          HPOS="870"
                          CONTENT="Amsterdam Dh Geraerd rover"/>
               </TextLine>
               <TextLine ID="region_1643617212244_255l51"
                         BASELINE="3100,3856 3127,3857 3154,3855 3182,3853 3209,3850 3236,3847 3264,3848"
                         HEIGHT="107"
                         WIDTH="198"
                         VPOS="3768"
                         HPOS="3080">
                  <String ID="string_region_1643617212244_255l51"
                          HEIGHT="107"
                          WIDTH="198"
                          VPOS="3768"
                          HPOS="3080"
                          CONTENT="ditto"/>
               </TextLine>
               <TextLine ID="region_1643617212244_255l52"
                         BASELINE="1176,3908 1285,3904 1395,3902 1505,3899 1615,3897 1725,3895 1834,3894 1944,3892 2054,3892 2164,3892 2274,3892 2383,3892 2493,3892 2603,3894 2713,3894 2823,3896 2932,3898 3042,3899 3152,3900 3262,3902 3372,3904"
                         HEIGHT="181"
                         WIDTH="2227"
                         VPOS="3780"
                         HPOS="1162">
                  <String ID="string_region_1643617212244_255l52"
                          HEIGHT="181"
                          WIDTH="2227"
                          VPOS="3780"
                          HPOS="1162"
                          CONTENT="volgens duwe van 4 en 5 deser sien het pack N15 en 3 tegemoet ender"/>
               </TextLine>
               <TextLine ID="region_1643617212244_255l53"
                         BASELINE="1180,3984 1289,3979 1399,3976 1509,3972 1619,3971 1729,3970 1838,3968 1948,3968 2058,3969 2168,3970 2278,3970 2387,3972 2497,3972 2607,3974 2717,3974 2827,3974 2936,3974 3046,3974 3156,3972 3266,3970 3376,3968"
                         HEIGHT="126"
                         WIDTH="2227"
                         VPOS="3906"
                         HPOS="1165">
                  <String ID="string_region_1643617212244_255l53"
                          HEIGHT="126"
                          WIDTH="2227"
                          VPOS="3906"
                          HPOS="1165"
                          CONTENT="wijlen ul geraeden is N3 maer te versenden alsoo het derijs errewaerts"/>
               </TextLine>
               <TextLine ID="region_1643617212244_255l54"
                         BASELINE="1176,4064 1280,4059 1385,4055 1489,4052 1594,4050 1699,4050 1803,4050 1908,4050 2012,4050 2117,4052 2222,4054 2326,4056 2431,4057 2535,4058 2640,4060 2745,4060 2849,4060 2954,4060 3058,4060 3163,4058 3268,4056"
                         HEIGHT="115"
                         WIDTH="2123"
                         VPOS="3975"
                         HPOS="1161">
                  <String ID="string_region_1643617212244_255l54"
                          HEIGHT="115"
                          WIDTH="2123"
                          VPOS="3975"
                          HPOS="1161"
                          CONTENT="wel soude comen uiytstaen soo heeft ul wel gedaen, hope het"/>
               </TextLine>
               <TextLine ID="region_1643617212244_255l55"
                         BASELINE="1174,4152 1280,4144 1386,4137 1493,4132 1599,4130 1706,4128 1812,4128 1918,4128 2025,4128 2131,4130 2238,4132 2344,4134 2450,4138 2557,4140 2663,4142 2770,4144 2876,4144 2982,4144 3089,4144 3195,4142 3302,4138"
                         HEIGHT="111"
                         WIDTH="2160"
                         VPOS="4082"
                         HPOS="1159">
                  <String ID="string_region_1643617212244_255l55"
                          HEIGHT="111"
                          WIDTH="2160"
                          VPOS="4082"
                          HPOS="1159"
                          CONTENT="spoedich sal overomen alhoe wel Jan lendersch met het pack N11"/>
               </TextLine>
               <TextLine ID="region_1643617212244_255l56"
                         BASELINE="1164,4226 1271,4218 1379,4212 1487,4206 1594,4204 1702,4202 1810,4202 1917,4202 2025,4202 2133,4204 2241,4206 2348,4210 2456,4212 2564,4216 2671,4218 2779,4220 2887,4222 2994,4224 3102,4224 3210,4222 3318,4220"
                         HEIGHT="127"
                         WIDTH="2185"
                         VPOS="4115"
                         HPOS="1148">
                  <String ID="string_region_1643617212244_255l56"
                          HEIGHT="127"
                          WIDTH="2185"
                          VPOS="4115"
                          HPOS="1148"
                          CONTENT="noch niet te voorschijn comt, sosae wmhnson, pretendeert avarje"/>
               </TextLine>
               <TextLine ID="region_1643617212244_255l57"
                         BASELINE="1188,4304 1294,4294 1400,4289 1506,4284 1612,4282 1718,4278 1824,4278 1930,4278 2036,4280 2142,4280 2248,4282 2354,4284 2460,4286 2566,4288 2672,4290 2778,4291 2884,4292 2990,4290 3096,4290 3202,4286 3308,4282"
                         HEIGHT="146"
                         WIDTH="2150"
                         VPOS="4198"
                         HPOS="1173">
                  <String ID="string_region_1643617212244_255l57"
                          HEIGHT="146"
                          WIDTH="2150"
                          VPOS="4198"
                          HPOS="1173"
                          CONTENT="moet mij daerin reguleeren naer andere die meerder geintresseert sijt"/>
               </TextLine>
               <TextLine ID="region_1643617212244_255l58"
                         BASELINE="1180,4376 1290,4368 1401,4362 1511,4360 1622,4358 1733,4356 1843,4356 1954,4356 2064,4358 2175,4360 2286,4362 2396,4364 2507,4366 2617,4366 2728,4368 2839,4366 2949,4366 3060,4363 3170,4358 3281,4353 3392,4344"
                         HEIGHT="161"
                         WIDTH="2243"
                         VPOS="4240"
                         HPOS="1166">
                  <String ID="string_region_1643617212244_255l58"
                          HEIGHT="161"
                          WIDTH="2243"
                          VPOS="4240"
                          HPOS="1166"
                          CONTENT="en dencke niet alle de goederen ven sijn boort beschodicht sijn, de inte"/>
               </TextLine>
               <TextLine ID="region_1643617212244_255l59"
                         BASELINE="1170,4450 1276,4448 1383,4445 1489,4442 1596,4442 1702,4440 1809,4440 1915,4438 2022,4438 2128,4440 2235,4440 2341,4440 2448,4440 2554,4442 2661,4443 2767,4444 2874,4446 2980,4446 3087,4448 3193,4448 3300,4448"
                         HEIGHT="108"
                         WIDTH="2159"
                         VPOS="4364"
                         HPOS="1156">
                  <String ID="string_region_1643617212244_255l59"
                          HEIGHT="108"
                          WIDTH="2159"
                          VPOS="4364"
                          HPOS="1156"
                          CONTENT="onbeschadige behoorde voor de beschadige te betaelen doet daerin"/>
               </TextLine>
            </TextBlock>
            <TextBlock ID="region_1643617217348_258"
                       HEIGHT="4390"
                       WIDTH="2587"
                       VPOS="146"
                       HPOS="3436">
               <Shape>
                  <Polygon POINTS="3436,146 6023,146 6023,4536 3436,4536"/>
               </Shape>
               <TextLine ID="region_1643617217348_258l1"
                         BASELINE="3546,232 3665,225 3784,222 3904,218 4023,216 4143,214 4262,214 4381,214 4501,215 4620,216 4740,218 4859,220 4978,222 5098,226 5217,228 5337,228 5456,230 5575,232 5695,232 5814,232 5934,230"
                         HEIGHT="111"
                         WIDTH="2419"
                         VPOS="166"
                         HPOS="3530">
                  <String ID="string_region_1643617217348_258l1"
                          HEIGHT="111"
                          WIDTH="2419"
                          VPOS="166"
                          HPOS="3530"
                          CONTENT="als voor eijgen de wisel was costij op londen sent vallen die van de banck hebben"/>
               </TextLine>
               <TextLine ID="region_1643617217348_258l2"
                         BASELINE="3550,326 3670,316 3791,308 3912,302 4033,298 4154,295 4274,294 4395,294 4516,294 4637,294 4758,296 4878,299 4999,302 5120,304 5241,306 5362,306 5482,308 5603,308 5724,308 5845,306 5966,302"
                         HEIGHT="124"
                         WIDTH="2446"
                         VPOS="244"
                         HPOS="3534">
                  <String ID="string_region_1643617217348_258l2"
                          HEIGHT="124"
                          WIDTH="2446"
                          VPOS="244"
                          HPOS="3534"
                          CONTENT="gisteeren weder brieven gecregen, waerbij sij seggen a 36 st afcomt geloove apport"/>
               </TextLine>
               <TextLine ID="region_1643617217348_258l3"
                         BASELINE="3530,420 3650,413 3771,408 3892,403 4013,399 4134,396 4254,394 4375,392 4496,390 4617,390 4738,390 4858,390 4979,390 5100,390 5221,390 5342,390 5462,392 5583,392 5704,392 5825,392 5946,390"
                         HEIGHT="128"
                         WIDTH="2449"
                         VPOS="303"
                         HPOS="3513">
                  <String ID="string_region_1643617217348_258l3"
                          HEIGHT="128"
                          WIDTH="2449"
                          VPOS="303"
                          HPOS="3513"
                          CONTENT="morgen costij naer advenant sal gaen, hoe het heden op de beurs gaen sal sal aen"/>
               </TextLine>
               <TextLine ID="region_1643617217348_258l4"
                         BASELINE="3538,508 3658,500 3779,494 3900,489 4021,484 4142,481 4262,478 4383,476 4504,476 4625,476 4746,476 4866,476 4987,476 5108,478 5229,478 5350,480 5470,480 5591,482 5712,482 5833,482 5954,482"
                         HEIGHT="171"
                         WIDTH="2449"
                         VPOS="387"
                         HPOS="3522">
                  <String ID="string_region_1643617217348_258l4"
                          HEIGHT="171"
                          WIDTH="2449"
                          VPOS="387"
                          HPOS="3522"
                          CONTENT="den voet deser noteeren, Abramde bra heeft voor mij 1 pack kersijen tot rotterd"/>
               </TextLine>
               <TextLine ID="region_1643617217348_258l5"
                         BASELINE="3542,598 3664,588 3786,582 3908,576 4030,572 4152,568 4274,566 4396,566 4518,566 4640,566 4762,566 4884,568 5006,568 5128,570 5250,570 5372,570 5494,570 5616,568 5738,568 5860,565 5982,560"
                         HEIGHT="164"
                         WIDTH="2470"
                         VPOS="475"
                         HPOS="3526">
                  <String ID="string_region_1643617217348_258l5"
                          HEIGHT="164"
                          WIDTH="2470"
                          VPOS="475"
                          HPOS="3526"
                          CONTENT="gecocht en alreede errewaerts verlonden, daer sijn voor mij 200 stucken in engelse"/>
               </TextLine>
               <TextLine ID="region_1643617217348_258l6"
                         BASELINE="3538,686 3660,678 3782,670 3905,666 4027,662 4150,660 4272,660 4394,660 4517,660 4639,660 4762,662 4884,664 5006,665 5129,666 5251,666 5374,666 5496,666 5618,664 5741,660 5863,655 5986,650"
                         HEIGHT="173"
                         WIDTH="2480"
                         VPOS="571"
                         HPOS="3522">
                  <String ID="string_region_1643617217348_258l6"
                          HEIGHT="173"
                          WIDTH="2480"
                          VPOS="571"
                          HPOS="3522"
                          CONTENT="gereet, en quamen maer 2 a 3 daegen te laet voor het leste convoij en middele"/>
               </TextLine>
               <TextLine ID="region_1643617217348_258l7"
                         BASELINE="3530,770 3650,764 3770,756 3890,752 4010,750 4130,748 4250,748 4370,748 4490,749 4610,750 4730,752 4850,754 4970,756 5090,758 5210,760 5330,760 5450,760 5570,758 5690,756 5810,750 5930,746"
                         HEIGHT="116"
                         WIDTH="2430"
                         VPOS="666"
                         HPOS="3516">
                  <String ID="string_region_1643617217348_258l7"
                          HEIGHT="116"
                          WIDTH="2430"
                          VPOS="666"
                          HPOS="3516"
                          CONTENT="tijdt hebbe dat goet hier van doer, en soude noch wel tpack  costij begeeren soo"/>
               </TextLine>
               <TextLine ID="region_1643617217348_258l8"
                         BASELINE="3546,858 3666,850 3786,844 3907,839 4027,836 4148,834 4268,834 4388,834 4509,836 4629,838 4750,840 4870,842 4990,844 5111,846 5231,847 5352,848 5472,848 5592,846 5713,844 5833,839 5954,834"
                         HEIGHT="118"
                         WIDTH="2439"
                         VPOS="772"
                         HPOS="3531">
                  <String ID="string_region_1643617217348_258l8"
                          HEIGHT="118"
                          WIDTH="2439"
                          VPOS="772"
                          HPOS="3531"
                          CONTENT="ul de sorte conde becomen die ick noodich hebbe, want hier niet als de beste gewilt"/>
               </TextLine>
               <TextLine ID="region_1643617217348_258l9"
                         BASELINE="3538,938 3658,930 3779,925 3900,920 4020,918 4141,916 4262,916 4382,916 4503,918 4624,919 4745,920 4865,923 4986,926 5107,928 5227,930 5348,931 5469,932 5589,932 5710,932 5831,930 5952,928"
                         HEIGHT="132"
                         WIDTH="2446"
                         VPOS="857"
                         HPOS="3521">
                  <String ID="string_region_1643617217348_258l9"
                          HEIGHT="132"
                          WIDTH="2446"
                          VPOS="857"
                          HPOS="3521"
                          CONTENT="wort, dat ul kennisse hadde aen een grossier die op sijn wort te betrocheven is"/>
               </TextLine>
               <TextLine ID="region_1643617217348_258l10"
                         BASELINE="3538,1022 3653,1017 3768,1012 3883,1008 3998,1006 4114,1006 4229,1004 4344,1004 4459,1006 4574,1006 4690,1008 4805,1010 4920,1012 5035,1012 5150,1014 5266,1016 5381,1016 5496,1018 5611,1018 5726,1016 5842,1014"
                         HEIGHT="101"
                         WIDTH="2335"
                         VPOS="961"
                         HPOS="3522">
                  <String ID="string_region_1643617217348_258l10"
                          HEIGHT="101"
                          WIDTH="2335"
                          VPOS="961"
                          HPOS="3522"
                          CONTENT="om een pack af te coopen sonder hopenen en dat par transito conden waerden"/>
               </TextLine>
               <TextLine ID="region_1643617217348_258l11"
                         BASELINE="3546,1106 3663,1100 3781,1095 3898,1092 4016,1090 4134,1088 4251,1088 4369,1090 4486,1090 4604,1092 4722,1094 4839,1097 4957,1100 5074,1102 5192,1102 5310,1104 5427,1104 5545,1104 5662,1102 5780,1098 5898,1092"
                         HEIGHT="106"
                         WIDTH="2384"
                         VPOS="1050"
                         HPOS="3530">
                  <String ID="string_region_1643617217348_258l11"
                          HEIGHT="106"
                          WIDTH="2384"
                          VPOS="1050"
                          HPOS="3530"
                          CONTENT="voorts gesonden, doch ick soude moeten hebben ten instende meeste elf van"/>
               </TextLine>
               <TextLine ID="region_1643617217348_258l12"
                         BASELINE="3534,1196 3656,1194 3779,1192 3901,1190 4024,1188 4147,1186 4269,1186 4392,1184 4514,1184 4637,1184 4760,1184 4882,1184 5005,1186 5127,1186 5250,1188 5373,1190 5495,1192 5618,1194 5740,1196 5863,1198 5986,1202"
                         HEIGHT="120"
                         WIDTH="2482"
                         VPOS="1106"
                         HPOS="3520">
                  <String ID="string_region_1643617217348_258l12"
                          HEIGHT="120"
                          WIDTH="2482"
                          VPOS="1106"
                          HPOS="3520"
                          CONTENT="Abram rilej, soulia oft san rij cij, somes standsiel dat sijn goede werckleeder"/>
               </TextLine>
               <TextLine ID="region_1643617217348_258l13"
                         BASELINE="3532,1292 3651,1288 3770,1286 3889,1284 4008,1281 4127,1280 4246,1278 4365,1278 4484,1276 4603,1276 4722,1276 4841,1276 4960,1278 5079,1279 5198,1281 5317,1283 5436,1286 5555,1289 5674,1292 5793,1297 5912,1300"
                         HEIGHT="140"
                         WIDTH="2409"
                         VPOS="1193"
                         HPOS="3518">
                  <String ID="string_region_1643617217348_258l13"
                          HEIGHT="140"
                          WIDTH="2409"
                          VPOS="1193"
                          HPOS="3518"
                          CONTENT="die dat goet maecken, en die de cooplieden costij wel kennen sijn die marcken"/>
               </TextLine>
               <TextLine ID="region_1643617217348_258l14"
                         BASELINE="3530,1386 3651,1382 3772,1379 3893,1376 4014,1374 4135,1372 4256,1370 4377,1370 4498,1370 4619,1370 4740,1372 4861,1372 4982,1374 5103,1374 5224,1376 5345,1378 5466,1378 5587,1380 5708,1380 5829,1382 5950,1382"
                         HEIGHT="111"
                         WIDTH="2452"
                         VPOS="1281"
                         HPOS="3514">
                  <String ID="string_region_1643617217348_258l14"
                          HEIGHT="111"
                          WIDTH="2452"
                          VPOS="1281"
                          HPOS="3514"
                          CONTENT="tot ƒ 33te becomen gelieft voor mij een pack te coopen van ontrent de 30"/>
               </TextLine>
               <TextLine ID="region_1643617217348_258l15"
                         BASELINE="3544,1484 3667,1477 3790,1470 3913,1465 4036,1461 4159,1458 4282,1456 4405,1456 4528,1456 4651,1456 4774,1456 4897,1458 5020,1458 5143,1460 5266,1460 5389,1462 5512,1462 5635,1462 5758,1460 5881,1458 6004,1454"
                         HEIGHT="168"
                         WIDTH="2493"
                         VPOS="1370"
                         HPOS="3528">
                  <String ID="string_region_1643617217348_258l15"
                          HEIGHT="168"
                          WIDTH="2493"
                          VPOS="1370"
                          HPOS="3528"
                          CONTENT="staeken. ofte can ul een pack mobsie tot die prijs becomen en mij alverens de marknede"/>
               </TextLine>
               <TextLine ID="region_1643617217348_258l16"
                         BASELINE="3542,1578 3662,1571 3783,1566 3903,1562 4024,1558 4145,1554 4265,1550 4386,1548 4506,1546 4627,1546 4748,1544 4868,1544 4989,1544 5109,1546 5230,1546 5351,1548 5471,1550 5592,1554 5712,1556 5833,1560 5954,1562"
                         HEIGHT="156"
                         WIDTH="2443"
                         VPOS="1441"
                         HPOS="3527">
                  <String ID="string_region_1643617217348_258l16"
                          HEIGHT="156"
                          WIDTH="2443"
                          VPOS="1441"
                          HPOS="3527"
                          CONTENT="adviseeren, soo gelieft sulckx te doen, ick sal vrijdigh savonts antwort hebbende"/>
               </TextLine>
               <TextLine ID="region_1643617217348_258l17"
                         BASELINE="3536,1670 3658,1664 3780,1659 3902,1654 4024,1650 4147,1648 4269,1645 4391,1644 4513,1642 4635,1642 4758,1642 4880,1642 5002,1642 5124,1644 5246,1646 5369,1648 5491,1650 5613,1652 5735,1655 5857,1658 5980,1662"
                         HEIGHT="186"
                         WIDTH="2473"
                         VPOS="1536"
                         HPOS="3522">
                  <String ID="string_region_1643617217348_258l17"
                          HEIGHT="186"
                          WIDTH="2473"
                          VPOS="1536"
                          HPOS="3522"
                          CONTENT="apparent saterdagh met met de aencomende spaens brieven conmen resolutie geven"/>
               </TextLine>
               <TextLine ID="region_1643617217348_258l18"
                         BASELINE="3728,1710 3756,1710 3784,1706 3812,1705 3840,1706"
                         HEIGHT="79"
                         WIDTH="148"
                         VPOS="1651"
                         HPOS="3709">
                  <String ID="string_region_1643617217348_258l18"
                          HEIGHT="79"
                          WIDTH="148"
                          VPOS="1651"
                          HPOS="3709"
                          CONTENT="heden"/>
               </TextLine>
               <TextLine ID="region_1643617217348_258l19"
                         BASELINE="3530,1758 3652,1752 3775,1749 3897,1746 4020,1742 4143,1739 4265,1738 4388,1736 4510,1734 4633,1734 4756,1734 4878,1736 5001,1736 5123,1738 5246,1740 5369,1743 5491,1746 5614,1750 5736,1754 5859,1758 5982,1762"
                         HEIGHT="132"
                         WIDTH="2483"
                         VPOS="1667"
                         HPOS="3515">
                  <String ID="string_region_1643617217348_258l19"
                          HEIGHT="132"
                          WIDTH="2483"
                          VPOS="1667"
                          HPOS="3515"
                          CONTENT="soo niet binen acht daegen, want dit goet uijt de 2de hant te beelen, can mend"/>
               </TextLine>
               <TextLine ID="region_1643617217348_258l20"
                         BASELINE="3534,1842 3656,1840 3778,1836 3900,1832 4023,1830 4145,1828 4267,1826 4390,1823 4512,1821 4634,1820 4757,1818 4879,1816 5001,1816 5123,1816 5246,1816 5368,1816 5490,1816 5613,1816 5735,1818 5857,1820 5980,1822"
                         HEIGHT="115"
                         WIDTH="2477"
                         VPOS="1769"
                         HPOS="3517">
                  <String ID="string_region_1643617217348_258l20"
                          HEIGHT="115"
                          WIDTH="2477"
                          VPOS="1769"
                          HPOS="3517"
                          CONTENT="seer licht beset sijn, ul seght de baeijen a 45 a 48ft maer geen prijs soude wel"/>
               </TextLine>
               <TextLine ID="region_1643617217348_258l21"
                         BASELINE="3532,1940 3653,1936 3774,1932 3895,1928 4017,1924 4138,1920 4259,1917 4381,1914 4502,1912 4623,1908 4745,1906 4866,1904 4987,1902 5108,1902 5230,1900 5351,1900 5472,1900 5594,1900 5715,1902 5836,1903 5958,1904"
                         HEIGHT="147"
                         WIDTH="2459"
                         VPOS="1816"
                         HPOS="3516">
                  <String ID="string_region_1643617217348_258l21"
                          HEIGHT="147"
                          WIDTH="2459"
                          VPOS="1816"
                          HPOS="3516"
                          CONTENT="van 45 a 48 t 10 a 12 stucken begeeren deralven gelieft den prijste noteeren"/>
               </TextLine>
               <TextLine ID="region_1643617217348_258l22"
                         BASELINE="3536,2026 3658,2019 3781,2016 3904,2012 4026,2008 4149,2006 4272,2004 4394,2002 4517,2002 4640,2002 4763,2002 4885,2002 5008,2002 5131,2004 5253,2004 5376,2004 5499,2006 5621,2006 5744,2006 5867,2006 5990,2006"
                         HEIGHT="143"
                         WIDTH="2482"
                         VPOS="1918"
                         HPOS="3522">
                  <String ID="string_region_1643617217348_258l22"
                          HEIGHT="143"
                          WIDTH="2482"
                          VPOS="1918"
                          HPOS="3522"
                          CONTENT="en oock in bespreckt soo mogelijck is te becomen, en diens volgens te resolveeren"/>
               </TextLine>
               <TextLine ID="region_1643617217348_258l23"
                         BASELINE="3446,2090 3480,2089 3514,2088 3548,2088 3582,2087 3616,2086 3650,2086 3684,2086 3718,2086 3752,2086 3787,2086 3821,2084 3855,2084 3889,2084 3923,2084 3957,2084 3991,2084 4025,2084 4059,2084 4093,2084 4128,2084"
                         HEIGHT="112"
                         WIDTH="711"
                         VPOS="2021"
                         HPOS="3431">
                  <String ID="string_region_1643617217348_258l23"
                          HEIGHT="112"
                          WIDTH="711"
                          VPOS="2021"
                          HPOS="3431"
                          CONTENT="brussel govaerdt ververs"/>
               </TextLine>
               <TextLine ID="region_1643617217348_258l24"
                         BASELINE="5298,2104 5327,2101 5356,2097 5386,2094 5415,2092 5445,2091 5474,2089 5503,2088 5533,2087 5562,2086 5592,2086 5621,2086 5650,2086 5680,2086 5709,2086 5739,2088 5768,2088 5797,2088 5827,2088 5856,2088 5886,2088"
                         HEIGHT="118"
                         WIDTH="619"
                         VPOS="2010"
                         HPOS="5281">
                  <String ID="string_region_1643617217348_258l24"
                          HEIGHT="118"
                          WIDTH="619"
                          VPOS="2010"
                          HPOS="5281"
                          CONTENT="Adij 8 sber 1696"/>
               </TextLine>
               <TextLine ID="region_1643617217348_258l25"
                         BASELINE="3516,2158 3638,2158 3761,2160 3884,2160 4007,2162 4130,2164 4252,2164 4375,2166 4498,2168 4621,2168 4744,2170 4866,2170 4989,2172 5112,2172 5235,2172 5358,2171 5480,2170 5603,2168 5726,2166 5849,2164 5972,2160"
                         HEIGHT="138"
                         WIDTH="2486"
                         VPOS="2078"
                         HPOS="3502">
                  <String ID="string_region_1643617217348_258l25"
                          HEIGHT="138"
                          WIDTH="2486"
                          VPOS="2078"
                          HPOS="3502"
                          CONTENT="ick hebbe den ul van 30 passato wel ontfangen en sal sien ul ordre te volbrengen"/>
               </TextLine>
               <TextLine ID="region_1643617217348_258l26"
                         BASELINE="3524,2262 3646,2258 3769,2254 3892,2251 4015,2250 4138,2250 4261,2250 4384,2252 4507,2255 4630,2258 4753,2262 4875,2265 4998,2269 5121,2272 5244,2276 5367,2280 5490,2282 5613,2286 5736,2288 5859,2288 5982,2290"
                         HEIGHT="109"
                         WIDTH="2489"
                         VPOS="2175"
                         HPOS="3510">
                  <String ID="string_region_1643617217348_258l26"
                          HEIGHT="109"
                          WIDTH="2489"
                          VPOS="2175"
                          HPOS="3510"
                          CONTENT="maer het goet en is hier noch niet met het quaet weder en contrarie wint com"/>
               </TextLine>
               <TextLine ID="region_1643617217348_258l27"
                         BASELINE="3522,2362 3644,2355 3766,2350 3888,2347 4010,2345 4132,2344 4254,2344 4376,2344 4498,2346 4620,2347 4743,2349 4865,2352 4987,2354 5109,2357 5231,2360 5353,2362 5475,2366 5597,2368 5719,2368 5841,2370 5964,2370"
                         HEIGHT="135"
                         WIDTH="2474"
                         VPOS="2284"
                         HPOS="3505">
                  <String ID="string_region_1643617217348_258l27"
                          HEIGHT="135"
                          WIDTH="2474"
                          VPOS="2284"
                          HPOS="3505"
                          CONTENT="de scheepen van Amsterdam nietopcomen, soo die hier sijn sal terstont laeten"/>
               </TextLine>
               <TextLine ID="region_1643617217348_258l28"
                         BASELINE="3534,2450 3648,2443 3762,2437 3876,2432 3991,2430 4105,2428 4219,2428 4334,2428 4448,2428 4562,2430 4677,2433 4791,2436 4905,2439 5019,2442 5134,2445 5248,2448 5362,2450 5477,2452 5591,2454 5705,2456 5820,2456"
                         HEIGHT="161"
                         WIDTH="2317"
                         VPOS="2340"
                         HPOS="3519">
                  <String ID="string_region_1643617217348_258l28"
                          HEIGHT="161"
                          WIDTH="2317"
                          VPOS="2340"
                          HPOS="3519"
                          CONTENT="weeten en volgens ul ordre van elck sort 2 baeijen laeter root verven"/>
               </TextLine>
               <TextLine ID="region_1643617217348_258l29"
                         BASELINE="3532,2530 3652,2525 3772,2521 3892,2518 4012,2516 4132,2516 4252,2516 4372,2518 4492,2520 4612,2522 4732,2526 4852,2528 4972,2532 5092,2536 5212,2540 5332,2544 5452,2546 5572,2550 5692,2552 5812,2552 5932,2554"
                         HEIGHT="110"
                         WIDTH="2432"
                         VPOS="2450"
                         HPOS="3517">
                  <String ID="string_region_1643617217348_258l29"
                          HEIGHT="110"
                          WIDTH="2432"
                          VPOS="2450"
                          HPOS="3517"
                          CONTENT="ende flannellen en geperste gereet houden, ick en twijffele niet oft al het"/>
               </TextLine>
               <TextLine ID="region_1643617217348_258l30"
                         BASELINE="3548,2624 3668,2618 3789,2615 3909,2612 4030,2610 4151,2610 4271,2612 4392,2613 4512,2615 4633,2618 4754,2622 4874,2626 4995,2630 5115,2634 5236,2638 5357,2643 5477,2648 5598,2652 5718,2656 5839,2658 5960,2662"
                         HEIGHT="172"
                         WIDTH="2445"
                         VPOS="2551"
                         HPOS="3533">
                  <String ID="string_region_1643617217348_258l30"
                          HEIGHT="172"
                          WIDTH="2445"
                          VPOS="2551"
                          HPOS="3533"
                          CONTENT="het leste goet tot ul contentement ontfangen, ick hebbe met het leste pack"/>
               </TextLine>
               <TextLine ID="region_1643617217348_258l31"
                         BASELINE="3532,2720 3654,2713 3776,2708 3898,2704 4021,2702 4143,2700 4265,2700 4388,2702 4510,2703 4632,2706 4755,2710 4877,2714 4999,2718 5121,2723 5244,2728 5366,2733 5488,2739 5611,2745 5733,2750 5855,2755 5978,2760"
                         HEIGHT="193"
                         WIDTH="2481"
                         VPOS="2602"
                         HPOS="3515">
                  <String ID="string_region_1643617217348_258l31"
                          HEIGHT="193"
                          WIDTH="2481"
                          VPOS="2602"
                          HPOS="3515"
                          CONTENT="mijn tolbrief mode gesonden omdat den ul uyt was en dien van vandercloste"/>
               </TextLine>
               <TextLine ID="region_1643617217348_258l32"
                         BASELINE="3532,2798 3654,2796 3776,2794 3898,2792 4020,2792 4142,2792 4264,2794 4386,2794 4508,2796 4630,2798 4753,2801 4875,2804 4997,2808 5119,2813 5241,2818 5363,2822 5485,2828 5607,2833 5729,2839 5851,2845 5974,2852"
                         HEIGHT="178"
                         WIDTH="2475"
                         VPOS="2706"
                         HPOS="3515">
                  <String ID="string_region_1643617217348_258l32"
                          HEIGHT="178"
                          WIDTH="2475"
                          VPOS="2706"
                          HPOS="3515"
                          CONTENT="vertrocken soo mijn tolbrief hebt ontfangen gelieft het mij wederom te senden"/>
               </TextLine>
               <TextLine ID="region_1643617217348_258l33"
                         BASELINE="3450,2874 3482,2874 3515,2874 3547,2872 3580,2872 3613,2872 3645,2870 3678,2870 3710,2868 3743,2868 3776,2868 3808,2866 3841,2866 3873,2866 3906,2866 3939,2867 3971,2868 4004,2868 4036,2870 4069,2872 4102,2874"
                         HEIGHT="168"
                         WIDTH="684"
                         VPOS="2756"
                         HPOS="3435">
                  <String ID="string_region_1643617217348_258l33"
                          HEIGHT="168"
                          WIDTH="684"
                          VPOS="2756"
                          HPOS="3435"
                          CONTENT="brussel guill Walravens"/>
               </TextLine>
               <TextLine ID="region_1643617217348_258l34"
                         BASELINE="5552,2932 5580,2929 5608,2926 5637,2923 5665,2921 5694,2922"
                         HEIGHT="112"
                         WIDTH="178"
                         VPOS="2843"
                         HPOS="5531">
                  <String ID="string_region_1643617217348_258l34"
                          HEIGHT="112"
                          WIDTH="178"
                          VPOS="2843"
                          HPOS="5531"
                          CONTENT="8d."/>
               </TextLine>
               <TextLine ID="region_1643617217348_258l35"
                         BASELINE="3540,2958 3661,2954 3783,2952 3904,2952 4026,2952 4148,2952 4269,2954 4391,2956 4512,2960 4634,2964 4756,2966 4877,2970 4999,2974 5120,2978 5242,2981 5364,2984 5485,2987 5607,2990 5728,2992 5850,2992 5972,2992"
                         HEIGHT="155"
                         WIDTH="2466"
                         VPOS="2891"
                         HPOS="3523">
                  <String ID="string_region_1643617217348_258l35"
                          HEIGHT="155"
                          WIDTH="2466"
                          VPOS="2891"
                          HPOS="3523"
                          CONTENT="ick hebbe ul brief van 5 deser wel ontfangen en volgens ul ordre op ul getrocken"/>
               </TextLine>
               <TextLine ID="region_1643617217348_258l36"
                         BASELINE="3532,3040 3653,3036 3774,3032 3895,3032 4016,3032 4137,3035 4258,3038 4379,3042 4500,3046 4621,3052 4742,3058 4863,3063 4984,3068 5105,3072 5226,3075 5347,3078 5468,3078 5589,3078 5710,3076 5831,3072 5952,3066"
                         HEIGHT="165"
                         WIDTH="2454"
                         VPOS="2979"
                         HPOS="3515">
                  <String ID="string_region_1643617217348_258l36"
                          HEIGHT="165"
                          WIDTH="2454"
                          VPOS="2979"
                          HPOS="3515"
                          CONTENT="ƒ1000:- courant gelt te betaelen aen d'ordre van Ph. thoodor brockmans dato"/>
               </TextLine>
               <TextLine ID="region_1643617217348_258l37"
                         BASELINE="3518,3136 3639,3130 3760,3125 3881,3122 4003,3122 4124,3122 4245,3122 4367,3125 4488,3128 4609,3133 4731,3138 4852,3142 4973,3148 5094,3154 5216,3158 5337,3164 5458,3168 5580,3171 5701,3174 5822,3176 5944,3176"
                         HEIGHT="193"
                         WIDTH="2456"
                         VPOS="3034"
                         HPOS="3503">
                  <String ID="string_region_1643617217348_258l37"
                          HEIGHT="193"
                          WIDTH="2456"
                          VPOS="3034"
                          HPOS="3503"
                          CONTENT="is aen dien die hij sal ordonneeren, want brockmans hier woont getrocken op 1a2"/>
               </TextLine>
               <TextLine ID="region_1643617217348_258l38"
                         BASELINE="3540,3230 3659,3220 3779,3214 3898,3210 4018,3207 4138,3206 4257,3206 4377,3208 4496,3210 4616,3214 4736,3218 4855,3222 4975,3228 5094,3232 5214,3238 5334,3242 5453,3246 5573,3250 5692,3252 5812,3254 5932,3254"
                         HEIGHT="155"
                         WIDTH="2426"
                         VPOS="3141"
                         HPOS="3523">
                  <String ID="string_region_1643617217348_258l38"
                          HEIGHT="155"
                          WIDTH="2426"
                          VPOS="3141"
                          HPOS="3523"
                          CONTENT="daegen sicht par cassa dat is te seggen dat ul gelieft te betaelen soo haest den brief"/>
               </TextLine>
               <TextLine ID="region_1643617217348_258l39"
                         BASELINE="3532,3306 3654,3301 3777,3296 3900,3294 4022,3292 4145,3292 4268,3294 4390,3294 4513,3298 4636,3301 4759,3305 4881,3309 5004,3314 5127,3318 5249,3324 5372,3328 5495,3334 5617,3338 5740,3342 5863,3347 5986,3350"
                         HEIGHT="150"
                         WIDTH="2485"
                         VPOS="3242"
                         HPOS="3516">
                  <String ID="string_region_1643617217348_258l39"
                          HEIGHT="150"
                          WIDTH="2485"
                          VPOS="3242"
                          HPOS="3516"
                          CONTENT="gepresenteeris oft ujterlijck sander dagh daer naer dit nu een wisselbrief dat diende"/>
               </TextLine>
               <TextLine ID="region_1643617217348_258l40"
                         BASELINE="3524,3384 3645,3385 3766,3386 3887,3388 4008,3390 4129,3390 4250,3392 4371,3392 4492,3394 4613,3394 4735,3396 4856,3398 4977,3400 5098,3402 5219,3406 5340,3408 5461,3412 5582,3417 5703,3423 5824,3428 5946,3434"
                         HEIGHT="142"
                         WIDTH="2455"
                         VPOS="3331"
                         HPOS="3507">
                  <String ID="string_region_1643617217348_258l40"
                          HEIGHT="142"
                          WIDTH="2455"
                          VPOS="3331"
                          HPOS="3507"
                          CONTENT="promt te gaen maer als ick Aen mons. rousseau trecke dat il maer een afsing"/>
               </TextLine>
               <TextLine ID="region_1643617217348_258l41"
                         BASELINE="3500,3464 3622,3466 3744,3469 3866,3472 3989,3474 4111,3477 4233,3480 4356,3482 4478,3486 4600,3488 4723,3492 4845,3494 4967,3498 5089,3500 5212,3504 5334,3508 5456,3512 5579,3516 5701,3520 5823,3523 5946,3528"
                         HEIGHT="118"
                         WIDTH="2482"
                         VPOS="3435"
                         HPOS="3482">
                  <String ID="string_region_1643617217348_258l41"
                          HEIGHT="118"
                          WIDTH="2482"
                          VPOS="3435"
                          HPOS="3482"
                          CONTENT="natie, en als desen brief morgen oft vermorgen betaelt wort isser niets te"/>
               </TextLine>
               <TextLine ID="region_1643617217348_258l42"
                         BASELINE="3540,3552 3657,3552 3775,3554 3893,3556 4011,3557 4129,3560 4246,3562 4364,3564 4482,3567 4600,3570 4718,3574 4835,3577 4953,3580 5071,3585 5189,3588 5307,3592 5424,3598 5542,3602 5660,3606 5778,3611 5896,3616"
                         HEIGHT="131"
                         WIDTH="2391"
                         VPOS="3477"
                         HPOS="3522">
                  <String ID="string_region_1643617217348_258l42"
                          HEIGHT="131"
                          WIDTH="2391"
                          VPOS="3477"
                          HPOS="3522"
                          CONTENT="segge ick ben ul seer verobligeert voor ul promte betaelinge sal altijdt doen"/>
               </TextLine>
               <TextLine ID="region_1643617217348_258l43"
                         BASELINE="3528,3646 3649,3646 3770,3644 3891,3644 4012,3644 4134,3644 4255,3644 4376,3646 4497,3646 4618,3648 4740,3651 4861,3654 4982,3656 5103,3660 5224,3662 5346,3666 5467,3670 5588,3674 5709,3677 5830,3682 5952,3686"
                         HEIGHT="132"
                         WIDTH="2456"
                         VPOS="3602"
                         HPOS="3512">
                  <String ID="string_region_1643617217348_258l43"
                          HEIGHT="132"
                          WIDTH="2456"
                          VPOS="3602"
                          HPOS="3512"
                          CONTENT="wat ick can tot ul dienst niet tegenstaende is het mij onmogelijck de 2 fijne lakens"/>
               </TextLine>
               <TextLine ID="region_1643617217348_258l44"
                         BASELINE="3532,3740 3653,3736 3774,3734 3895,3734 4016,3734 4138,3734 4259,3736 4380,3738 4501,3740 4622,3743 4744,3746 4865,3748 4986,3752 5107,3754 5228,3756 5350,3758 5471,3760 5592,3760 5713,3760 5834,3758 5956,3756"
                         HEIGHT="120"
                         WIDTH="2457"
                         VPOS="3666"
                         HPOS="3517">
                  <String ID="string_region_1643617217348_258l44"
                          HEIGHT="120"
                          WIDTH="2457"
                          VPOS="3666"
                          HPOS="3517"
                          CONTENT="ƒ 5:10 te leveren, en als mende wissel soude reeckenen gelijck die nu gaet soo can"/>
               </TextLine>
               <TextLine ID="region_1643617217348_258l45"
                         BASELINE="3532,3824 3651,3822 3771,3820 3891,3820 4011,3820 4131,3820 4250,3822 4370,3824 4490,3826 4610,3828 4730,3831 4849,3834 4969,3836 5089,3838 5209,3840 5329,3843 5448,3844 5568,3846 5688,3846 5808,3846 5928,3844"
                         HEIGHT="149"
                         WIDTH="2428"
                         VPOS="3758"
                         HPOS="3516">
                  <String ID="string_region_1643617217348_258l45"
                          HEIGHT="149"
                          WIDTH="2428"
                          VPOS="3758"
                          HPOS="3516"
                          CONTENT="met ul lakens van 12 16 st voor ƒ6:- geven, en omdat ick ul pricieletijdt "/>
               </TextLine>
               <TextLine ID="region_1643617217348_258l46"
                         BASELINE="3524,3910 3644,3906 3765,3905 3886,3904 4007,3904 4128,3904 4248,3904 4369,3906 4490,3908 4611,3910 4732,3912 4852,3916 4973,3918 5094,3922 5215,3926 5336,3930 5456,3934 5577,3938 5698,3942 5819,3944 5940,3948"
                         HEIGHT="117"
                         WIDTH="2447"
                         VPOS="3860"
                         HPOS="3510">
                  <String ID="string_region_1643617217348_258l46"
                          HEIGHT="117"
                          WIDTH="2447"
                          VPOS="3860"
                          HPOS="3510"
                          CONTENT="hen soo hebbe ick die 2 aen d'een sijde gelijdt en sal mijn wort noch houden"/>
               </TextLine>
               <TextLine ID="region_1643617217348_258l47"
                         BASELINE="3530,4000 3651,3996 3772,3991 3894,3988 4015,3987 4137,3986 4258,3988 4379,3990 4501,3992 4622,3995 4744,3998 4865,4002 4986,4006 5108,4010 5229,4013 5351,4016 5472,4018 5593,4020 5715,4020 5836,4020 5958,4018"
                         HEIGHT="153"
                         WIDTH="2459"
                         VPOS="3939"
                         HPOS="3514">
                  <String ID="string_region_1643617217348_258l47"
                          HEIGHT="153"
                          WIDTH="2459"
                          VPOS="3939"
                          HPOS="3514"
                          CONTENT="tot ƒ5:15, sijnde de selve aen niemant anders voor die prijs te coop, oock"/>
               </TextLine>
               <TextLine ID="region_1643617217348_258l48"
                         BASELINE="3538,4084 3654,4078 3771,4072 3887,4070 4004,4068 4120,4066 4237,4068 4353,4070 4470,4072 4586,4076 4703,4080 4819,4084 4936,4089 5052,4094 5169,4098 5285,4102 5402,4106 5518,4108 5635,4110 5751,4112 5868,4110"
                         HEIGHT="108"
                         WIDTH="2360"
                         VPOS="4013"
                         HPOS="3522">
                  <String ID="string_region_1643617217348_258l48"
                          HEIGHT="108"
                          WIDTH="2360"
                          VPOS="4013"
                          HPOS="3522"
                          CONTENT="conmen die sonder schade present daer oock niet voor geleveert is oorden soo"/>
               </TextLine>
               <TextLine ID="region_1643617217348_258l49"
                         BASELINE="3526,4178 3648,4168 3771,4161 3894,4156 4016,4152 4139,4152 4262,4152 4384,4155 4507,4158 4630,4162 4753,4166 4875,4172 4998,4176 5121,4182 5243,4186 5366,4190 5489,4192 5611,4194 5734,4193 5857,4191 5980,4186"
                         HEIGHT="118"
                         WIDTH="2487"
                         VPOS="4102"
                         HPOS="3510">
                  <String ID="string_region_1643617217348_258l49"
                          HEIGHT="118"
                          WIDTH="2487"
                          VPOS="4102"
                          HPOS="3510"
                          CONTENT="dat ick ul niet beter dienen can, hope het andergoet tot al contentement"/>
               </TextLine>
               <TextLine ID="region_1643617217348_258l50"
                         BASELINE="3524,4260 3646,4255 3769,4250 3892,4248 4015,4246 4138,4244 4260,4244 4383,4245 4506,4246 4629,4248 4752,4250 4874,4252 4997,4256 5120,4258 5243,4261 5366,4264 5488,4266 5611,4268 5734,4270 5857,4270 5980,4270"
                         HEIGHT="116"
                         WIDTH="2486"
                         VPOS="4204"
                         HPOS="3510">
                  <String ID="string_region_1643617217348_258l50"
                          HEIGHT="116"
                          WIDTH="2486"
                          VPOS="4204"
                          HPOS="3510"
                          CONTENT="bevonden de kersijen sijn voorleden donderdagh van Am sterdagh errewaert"/>
               </TextLine>
               <TextLine ID="region_1643617217348_258l51"
                         BASELINE="3536,4342 3655,4338 3775,4335 3894,4334 4014,4332 4133,4330 4253,4330 4372,4332 4492,4332 4611,4334 4731,4336 4850,4338 4970,4340 5089,4342 5209,4346 5328,4350 5448,4353 5567,4356 5687,4360 5806,4364 5926,4368"
                         HEIGHT="95"
                         WIDTH="2422"
                         VPOS="4265"
                         HPOS="3520">
                  <String ID="string_region_1643617217348_258l51"
                          HEIGHT="95"
                          WIDTH="2422"
                          VPOS="4265"
                          HPOS="3520"
                          CONTENT="vertrocken, hope die int eijnde vande weecke hier sullen welen op ul de toe"/>
               </TextLine>
               <TextLine ID="region_1643617217348_258l52"
                         BASELINE="3538,4404 3657,4406 3777,4406 3897,4406 4017,4406 4137,4408 4256,4408 4376,4410 4496,4412 4616,4412 4736,4414 4855,4414 4975,4416 5095,4416 5215,4416 5335,4418 5454,4416 5574,4416 5694,4416 5814,4414 5934,4414"
                         HEIGHT="77"
                         WIDTH="2427"
                         VPOS="4346"
                         HPOS="3523">
                  <String ID="string_region_1643617217348_258l52"
                          HEIGHT="77"
                          WIDTH="2427"
                          VPOS="4346"
                          HPOS="3523"
                          CONTENT="te senden, gelieft ul de 2 fijne lakens a ƒ 5: 13 daer bij te hebben laet citto water"/>
               </TextLine>
               <TextLine ID="region_1643617217348_258l53"
                         BASELINE="3542,4464 3592,4462 3642,4460 3692,4459 3742,4457 3792,4456 3842,4454 3892,4454 3942,4453 3992,4452 4043,4452 4093,4452 4143,4452 4193,4453 4243,4454 4293,4455 4343,4457 4393,4458 4443,4462 4493,4465 4544,4468"
                         HEIGHT="80"
                         WIDTH="1034"
                         VPOS="4399"
                         HPOS="3525">
                  <String ID="string_region_1643617217348_258l53"
                          HEIGHT="80"
                          WIDTH="1034"
                          VPOS="4399"
                          HPOS="3525"
                          CONTENT="en vaert dat ul 5:14 wilde beste den bo"/>
               </TextLine>
               <TextLine ID="region_1643617217348_258l54"
                         BASELINE="4562,4472 4631,4472 4701,4470 4770,4470 4840,4470 4910,4470 4979,4470 5049,4470 5118,4470 5188,4470 5258,4470 5327,4470 5397,4468 5466,4468 5536,4468 5606,4466 5675,4464 5745,4462 5814,4458 5884,4455 5954,4450"
                         HEIGHT="67"
                         WIDTH="1422"
                         VPOS="4405"
                         HPOS="4547">
                  <String ID="string_region_1643617217348_258l54"
                          HEIGHT="67"
                          WIDTH="1422"
                          VPOS="4405"
                          HPOS="4547"
                          CONTENT="in het even wel niet doen, de reste van onsegrove goederen"/>
               </TextLine>
               <TextLine ID="region_1643617217348_258l55"
                         BASELINE="5708,4498 5734,4496 5760,4494 5787,4493 5813,4492 5839,4492 5866,4492 5892,4494 5918,4494 5945,4494 5971,4495 5997,4496 6024,4494"
                         HEIGHT="101"
                         WIDTH="348"
                         VPOS="4417"
                         HPOS="5692">
                  <String ID="string_region_1643617217348_258l55"
                          HEIGHT="101"
                          WIDTH="348"
                          VPOS="4417"
                          HPOS="5692"
                          CONTENT="insandeer "/>
               </TextLine>
               <TextLine ID="region_1643617217348_258l56"
                         BASELINE="3640,4504 3684,4502 3728,4500 3773,4500 3817,4499 3862,4498 3906,4498 3950,4496 3995,4496 4039,4496 4084,4496 4128,4496 4172,4496 4217,4496 4261,4496 4306,4496 4350,4496 4394,4496 4439,4496 4483,4498 4528,4498"
                         HEIGHT="64"
                         WIDTH="919"
                         VPOS="4442"
                         HPOS="3624">
                  <String ID="string_region_1643617217348_258l56"
                          HEIGHT="64"
                          WIDTH="919"
                          VPOS="4442"
                          HPOS="3624"
                          CONTENT="de weecke oock hier wel en oft nt vinet"/>
               </TextLine>
               <TextLine ID="region_1643617217348_258l57"
                         BASELINE="5480,4504 5520,4504"
                         HEIGHT="55"
                         WIDTH="71"
                         VPOS="4461"
                         HPOS="5463">
                  <String ID="string_region_1643617217348_258l57"
                          HEIGHT="55"
                          WIDTH="71"
                          VPOS="4461"
                          HPOS="5463"
                          CONTENT=""/>
               </TextLine>
            </TextBlock>
         </PrintSpace>
      </Page>
   </Layout>
</alto>
