7926 4583
2776 147 522 179 25 julyg

810 158 1220 212 Cortryck mejoff Causse

999 250 2179 223 Ick hebbe ue brief van gisteren ontfangen met den

1013 357 2223 171 wisselbrief van £150 ten laste martinde biest heven

999 452 2205 160 waervoore ick het noodigh sal besorgen maer mits wij

1007 556 2240 155 hier 3 heylige dagen hebben & dat ick soo aenstonts uyt

997 623 2233 184 der stadt vertrecken, soo can ick ue wegens d'acceptatie

1015 705 2139 180 & stucken goude leiren blaederen geen bescheet schryven

1006 788 2277 203 maer sulcke geschiet den eersten werckendagh waerop mogh

2736 888 365 137 28 ditto

1031 936 715 142 verlaeten die blijv

753 933 1190 259 gent coenraert de moermester

1019 1002 2216 241 ick sende u.l met den bode lenaerts een blecke doose daer

1022 1139 2267 131 in 3 bladeren goude leir, om de selve sonder tijdt verlies te

1009 1205 2239 189 senden naer cortrijck aen de weduwe causse betaelende port

1018 1302 2168 152 12 stuijvers en andere oncosten op hare rekeninge blijve.

3016 1353 279 124 28 dito

1014 1411 566 86 weduwe causse

1346 1384 1752 184 ser was aen u mijne lesten sedert is den

726 1432 503 158 cortrijck op 25

2161 1475 1125 158 best hoeven. aen de vervolgh van de

1029 1490 978 140 wisselbrief geaccepteert door

1010 1570 2281 127 betalin is niet te twijffelen, ick heb volgens u ordre heden

1026 1643 2165 135 naer gent gesonden aen coenraert de moermeester een

1013 1752 2237 122 blecke doose daer in 3 bladere goude leir den witten gront

1016 1821 2201 166 en geschilderde blomen op clasfleir 36 stuijvr: del wisselgelt

1011 1906 2291 142 en op schaps leir st:30 den witten gront en gout in calt

1011 2037 2294 150 =leir st: 30 en in schaps leir st:27 den selven patroon geschilder

1042 2098 2196 202 prijs als de andere volgens de ingeleijde memorie van den

1011 2223 2148 125 vercooper die prijsen, als het placht, maer het leir is oock

1038 2302 2201 122 bij naer de elf dieder, die van mechelen wercken iets beter

1014 2375 2231 167 coop doch hun leir heeft die qualitijdt niet van die van

1017 2497 2285 142 hier, soo u.l iet toe resolveert soo moet gij de camers afmeti

1002 2569 2206 159 omdat de wercklieden de stucken naer advenant bij een

1025 2696 2154 112 naeijen, ende dese patroone niet aenstaende soo gelieft de

1041 2748 2225 135 plecke casse met de bladere weder te senden, anders soude

1041 2827 2244 159 die moeten betaelen ago verno naer groetenisse blijve.

2752 2929 125 95 28

755 2891 1055 196 Brussel Anthoni Rousseau

1041 2965 2191 173 mijn absentie is de reden dat ick u niet gescheven hebbe, den desen

1060 3087 2179 131 sijnde tot couvert van remisen ƒ 484:2 courant gelt ten

1021 3162 2093 133 laste genne de pelcherer, woden eersten van augusten

1025 3220 2237 171 en ƒ172: ten laste isabel mercke, versoeckende dat gij het

1042 3298 978 149 noodich gelieft te besorgen

2540 3341 221 168 28d

1010 3389 758 155 guilliam walravens

774 3481 2527 171 brussel in antwort aen den u van 23 deser ick hebbe op een geheel iaer

1035 3560 2235 172 soo veel clachten int heel niet als van u.l, tis mij leet

1033 3644 2237 118 dat ick dat ongeluck hebbe, ick bidde u meedt het goet noch

1030 3750 2225 141 eens, want als die clijve vonen sullen uytgaen sal u.l

1023 3853 2169 121 de mate beter vinden, en 3a op een flanel maagh ick

1024 3915 2275 148 u verclaren dat ick er niet aen en winnen, doch daer tegen

1034 4015 2262 119 sult gij seggen dat gij u maet moet hebben het gene waer

1039 4131 2241 130 en als u.l het sal wel overmeten hebben soo sal ick dat op u

1028 4197 2272 154 gemoet laeten afgaen, en u.l dies volgens satisfactie

1041 4271 2246 168 geven soo u.l tegen den winter noodich hebt van witte oft

1037 4339 1970 136 andere goederen commandeert liberlijck die blijve.

5029 121 660 101 adij 28 A 1695

3308 135 861 146 doornick Martin de Ras

3489 183 2478 153 ick heb den u.l 25 deser courant vanden crys heeft beloeft te betaelen

3501 336 2384 93 de uwe remisen ƒ193:- courant gelt en ick hebbe gesonden naer

3492 387 2488 135 brussel die van ƒ172: ten laste isabel mercke gelijck oock die van

3486 517 2475 115 ƒ484:4 ten laste genne depelcherer, de welck de weder begeert te betaelen

3485 596 2494 124 aen mons van haveren, op dat hij voor u heeft verschoten schoon

3489 670 2375 137 gelt dat is redelijck daer en tussen sal mij costen ontrent st:10

3491 769 2428 103 van ieder ƒ200:- het welck op u.l rekeningh sal stellen dat ick mij

3511 816 2382 111 te vreden houwe met u remisen op brussel dat is om u plisier te

3496 913 2465 106 doen waer op antwerpen is mij aengenaem, niet tegenstaende mocght

3496 996 2452 141 gij van mij disponen naer u behaeten gij sult de quitantie hebbe

3490 1044 1568 179 soo eaest als jnick het sal ontfangen hebben

5003 1110 828 181 primo augusti A 1695

3321 1135 866 193 brugge Raphael Coots

5354 1212 118 75 men

3502 1206 2397 182 Mons in antwort aen den uwen van 25 passato men seght dat

3502 1306 2400 165 onse convoijers naer de custen van buscayes sijn gaen cruijssen

3423 1411 2500 140 soo dat seer onseker wanneer die onse scheepen sulllen af haelen,

3497 1520 2479 128 daer en tusschen is men hier seer voor de francen becommert, omdat

3496 1598 2500 132 bij soo naer brugge sijn, oft sij wel deen, ofte dander plaets soude

3496 1657 2482 184 beleggen. comen de schepen van ostende naer brugge vrije comen

3505 1783 2469 110 want soo daer perijchel waer soude ick mijn goet volgens laet

3507 1880 2463 131 assureren, ick bidde laet mij van tijdt tot tijdt weten wat daer

3500 1969 2330 144 passeerd, op dat ick volgens mijn missures neme daeren

3499 2057 2408 151 hier onder spetificatie van de goederen bij provisie voor mij

3507 2134 2481 157 te londen gelaeden, die van san de maistre moeten den tol betaelen

3512 2254 2411 134 en alsoo ick van de tonne N 3 alreede rekeninge van vercoop

3517 2313 2423 149 heb gesonden soo gelieft die f 16: 8 & op de eerste partije te

3505 2404 2429 169 belasten, en d van elcke sort van goet een particulie oncoste

3511 2456 1861 166 rekeninge te maecken. naer groetenisse blijve

3528 2605 2456 139 vrij2 met peter blanckaert met 6 quarten roode en 6 couleure gemenged

3738 2646 1010 123 orden are lakens, i wit cotton

3636 2715 1767 113 73 met thamas freelants daer in 12 witte coltons.

3551 2829 2144 87 74 p thom. aloins daer 24 witte flannellen 1 wit cotton

3619 2876 2221 157 75 hetbraham cewilder daer in den selven inhout van 74

3637 2933 1528 124 76  thomas aesins met 13 witte cottons

3632 2998 2346 121 77 & abrah. eswilder met 12 spaense gemeijne couleure lakens 1 cotton

3615 3063 2233 134 78 p jacop ianssens met 30 gemengelde frisetten 1 wist cotton

3621 3170 2244 115 79 ƒ thomas frelant met 12 gemengelde spaense lakens 2 baij

3613 3210 2215 156 80 p josua dernfort met 12 gemengelde spaense lakens 1 baelij

3625 3288 1038 139 83 met den selven in hout

3621 3350 2359 156 8 noch 4 packen van kent en 3 van southele waervan p naesten

3731 3446 2250 147 maer wete niet wat seggen van alle de wemde schippers namen

4114 3523 1519 146 van Jan du maister voor sijne rekeninge

3543 3537 1630 171 B Hoblanckaert s0o stucken groot loot IM

4233 3646 955 136 7 blocken ten  N°1: a7

3578 3682 2162 196 llement de minck IM N1 met 10 gemelgelde frisetten

3541 3837 2044 174 John martons MN1 a 5 vijf horhoofden aluyn

4316 3912 1265 161 wegen netto 35 centers in londen.

3922 3993 2073 178 noch 15 vaeten toeback p naesten aen boort wie alle dese

3916 4103 2037 187 adroituer u senden als mede N. 72: 73: 74: 75: 76:

3924 4182 1705 182 de reste opt spoedichte segge de lakens packen
