8074 4604
1192 143 2203 119 provision diver ce que vous auries bien fait passé d'un mois ou

1182 209 2199 145 six semain, m'aij de puis et a present tout cey en selin, is dito

1160 245 2241 188 tout sorte de marchandise d angleterre qu'ilaij fort fayce pour

1154 403 2229 133 nous, on donnes de grendes prices pour de kerrises rouge, ie les ay vend

1162 445 2175 142 a ƒ44 & 95:- les frisettes blanc a 13 & 14 pattars, de beire a la

1170 557 2196 116 vent si soffe de quelque a vostre service commande libremant a

1158 647 529 133 voltre servies

2822 638 574 158 Adij 25 gber 169

1163 727 498 122 Andre Lizon

887 734 196 182 Ath

1145 741 2249 162 Mons si iount vous avez la counie ordiginele, et en slammand et tren

1165 889 2193 86 en france de ce que tnannels escrire de grooninge a vostre amis

1159 951 2209 123 de venendael d' Amsterdam son advies estend de parsuader be

1164 1020 2156 112 capitem wouwermans, pour vous donner un ordre de retenier a

1154 1131 2220 130 groningen ƒ 50 par moishors de ses gaises: meij alore il fout

1159 1160 1889 167 considrer il faut 18 mois, a chose que les payemants

1154 1246 2196 168 vont tout les cisemais un mois, et que vous auriez, si le

1671 1350 393 72 9 dit to auity

1147 1360 2139 144 dite capitein se viendres auperement les ceanses les termes

1166 1429 2029 167 fait comme bon vous sembleray et soies assure que ie suis

2519 1529 615 101 sijn gearriveert ditto

886 1504 1061 152 mechelen Cornelis van Aken

1150 1544 2209 152 alle onse goederen soo van den noorden als van londen is iets tot ul dienstj

2983 1660 218 102 25d

907 1671 929 158 Brussel Anthonij Rousseau

1160 1710 2160 164 en responce a les cheres vostres de 18 & 23 court, i'ay envoyé le

1161 1835 2193 113 23 ditto vostre grand coffer par la barque marchand a vostre adresse

1146 1895 2163 159 recorde comme il faut, pour le mons. vallijn il est le maijne

1146 2002 2205 143 comme auparavent, et ie ne crois pas quil payera, cependant si

1181 2067 2174 162 vous prie de tenier, si vous la lettre a cher change ie vous et

1157 2179 2165 119 le parler par sans vous incomoder boucoup. pour le mors

1158 2258 2193 124 segers is faut avoiir patience il ce sager mon compte, puisque

1162 2365 2202 104 ie prendray liberte de vous cherge si iont de 4 quitantie a la chend

1135 2452 2236 140 de la ville de brussel comme au pie de ceette, portent en sembli

1136 2558 2227 143 ƒ 222:6¼ esperent que vous poure procure payement ie mi

1159 2616 1079 174 dires. ie suis vostre servituer

2916 2677 296 146 26 ditto

866 2685 681 194 Bredael Laurijs a

1144 2693 2159 206 ick heb u brieven van 11 & 23 deser wel ontfangen, ende ick hebbe

1152 2823 2178 154 present in hollandt niet tollandt te doen, en ick vrage maer dat mijn

1143 2910 2171 125 wol opgewerckt was schrijft mij dan eens wat nombers dat gij

1145 3015 2202 128 sedert de leste rekeninghe hebt gesonden watter op getouw noch staet

1154 3067 2205 189 en wat wal er noch resteert, ick can geen clijn gelt krijgen sod

1150 3144 848 180 u heden ƒ 50:- blijve.

2765 3249 531 173 Adij 28 ditto

859 3274 949 152 London Iean dumaistre

1130 3366 2215 182 4i du cour estoit a vre grace ma derniere portant compte

1120 3516 2237 117 devonte de vos 7: pieces destain depuis reccu la vre du 5 ditto, les

1146 3575 2211 185 tabacg est en fin liure, et la valleur reccu, vouy le compte de

1129 3676 2215 172 rente, le provenu estans £1538:5: argent de change, il vous

1117 3768 2245 149 plaira lexammer, et trounant d'accord men debeter en suitte

1125 3906 2236 101 les autres 15: tonneaux sont arrivez icy, mais pas encore onverdie

1112 3992 2231 122 j'espere qu'ils sont plus beaux et mieux que ceux qui sont veie duz

1128 4052 2215 143 car pariny la partie qui n'estoient ue 5  8 passables, la

1134 4141 2194 192 sorte ordinaire est cepasses abondante, et pour gagner, e

1135 4262 2215 169 faire on bon interest, if faut envoyer de la meilleure de e

3537 208 2428 104 het donner un compte iuste tant de refaction ou quelquautre advantage

3549 277 2415 95 que vousavez en lachapt, cependant je garderay le la dernier achaps

3545 362 2428 107 de fabacq, ce que j'auray faut aussy anecq les 9 p. dernierem. vondues

3525 433 2397 114 sila vre auvoit venue en temp, je suls surpris de voire les vl

3529 492 2406 164 frisettes dans le pacq N. 2 les ayant examine, et confronse a

3537 599 2430 118 la facture, premier m. vous me chargez a la longueur lonque, et pour

3519 686 2418 169 3516:6: vous scavez qu'on & des bonnes mesures a Londres, et ce

3549 813 2415 122 que je vous ayescrit le 3: 8bre dernier en ordonnant les dittes foiset

3528 860 2333 181 tes, vre Ballot n°S. contenant, 280 ¼ Peryes sar la facture

3522 1002 2409 128 et sur les plombs a chacque piece 3 verges plus, es les frai a 3

3516 1033 2391 192 p piece, et celle de N.2:, sont charges a la facture, comme shirles

3537 1130 2418 182 plombs, et se les ay louts mesure, et ils perden t encore denigperge

3537 1233 2399 168 ala piece, raison pourquoy je ne les veux point pour mon comate

3507 1329 2386 182 sinon que vous soyes content de me debiter seulem. pour

3527 1442 2418 166 73:13:2: selon la note eyionese, et cest surle eedon s. ballot

3535 1505 2370 176 non obstant quele prix a ƒ34:6 en excude mon ordre et serat

3522 1617 2348 164 cause, que le proufiet, sera fort peu d'autant moins qu'il faut

3519 1699 2416 160 vendre cette marchandise, denans Jan prochain, autren., il doibt

3522 1837 2403 120 farder pour l'autosme prochain, et pour vous de sinteresser de vostre

3512 1896 2452 149 des coursem., je vous remet enione te t:100: n la charge thomas vien

3513 1973 2437 166 hooft, dont £73:12:2: sera pour 12: frisettes, erle resse des 30:7:10

3527 2080 2373 149 pour vre compte a 1.27: j'auray soing de payer a monsile vigny

3515 2186 2365 130 ce que vous m'ordonnez pour les dentelles, es la maniere de les

3511 2268 2430 117 flire faire, il est redicule de croire que mons. Bervoirs pourroit

3502 2365 2446 148 faire mieux que rous, ayant excpec cet ne doee plus. années devant

3501 2438 2352 153 luy9 en toutttes sortes d'achapts des marchaindises, pas de paroles

3513 2551 2440 161 mais la marchandise mesme, se doebtavancer, et chacquon prendra

3497 2617 2396 138 les mesures selon que trouve con compse, je n'ay janais mesprise

3491 2707 2403 138 laffaire don autre, mais je fais mon debvoir, pour wlaire mes

3502 2806 2401 172 amys, et je ne prends jamais la valleurdon liart durantageo

3499 2880 1367 173 que ma scule provision, et je suis

5109 2918 707 168 Adij 28 ditto A 1695

3371 2993 729 179 Amsterdam geraerd rover

3496 3119 2449 147 in antwort aen duwe van 21 & 25 deser, heb ick het noodich gescheven aen

3502 3162 2445 234 mijn vrint lison tot Ath, en wachte sijn antwort wat uwe wegens mijn

3479 3277 2360 164 gout doen sal, verwachte met occasie te verstaen. as inoje hen

3473 3322 2363 220 er riverent vant canvoj ran cesiden dee wissel

3490 3434 2412 170 derwaert is hier laden  17„7 m ie vant n kent van

3486 3498 2210 194 la ontf resenthier aen is s at dat he

3480 3598 2386 172 parlament gene 2 torcomende hadt te vergande

3456 3669 2389 187 het mant werck wel eest moght ter heat ade

3471 3772 2465 165 dereatissen hebben die vande barck weder in hobbent

3497 3858 2405 162 omgelt telaem gliceert en edegrooenen wedi

3482 3982 2437 165 aude 2 milio, hebb geentracteerdie vervolgen

3452 4039 2466 199 bij kme betefinge  nu een e genelijt weder

3466 4163 2419 159 erme doen sij becomen hier me debij alwt veel ten

3470 4210 2427 203 intese af sj  daer hoo sal dat ten leste af legaeq soo

3472 4308 2337 112 veel die 9 seud  ick 6 en ockal vot eenste teit

3448 4388 2394 100 soude veleue wat moen den veide
