8166 4678
2560 152 740 113 Adij 25 february 1697

757 160 761 140 brugge raphael Coots

1018 239 2331 123 duwe van 4, 8 & 22 deser op hunnen tijde ontfangen de £29:16:9 promt

1005 340 2346 91 betaelt, wegens de dosijn lakens int pack No 884 sal ick redres verwachten

1000 393 2378 128 p naeste gecasie, dat ick hebbe gesijdt 12 gemengelde dosijn lakens en het wortenkel

986 461 2393 116 daer niet bij can ul niet excuseeren om datter dat wort enckel daer niet bijde van

1005 549 2362 88 noode is, want anders is men gewoon te segge noortse lakens oft dobbel dosijn lakens

1000 622 2333 101 daer en tusschen hadde ul uijt het gewicht gesien dat daer maer 12 alfvepuce

996 700 2369 107 dosijn lakens in waere sulckx dat ick verwachte dat ul aen paulus de manck

1000 782 2368 127 de vraght naert advenant sal hebben betaelt, om dat in de naeste reeckeninge

1006 874 2361 106 soo wel als de licenten a te vergoeden: ingesloten de versochte certisccti

1021 929 2302 116 wij hebben hier advies dat 14 capers uijt dunckercken in see sijn geloopen

1004 1031 2333 125 en noch 20 staen te volgens dat sij een ostendis fresattien van 8 stucken

1004 1084 2304 129 om met ons convoij to consungeren uytgeloopen hebbe genomen, soo dat

998 1172 2337 133 ick sorge onse eerste verwachte convoij soo van exon als londen groot

1003 1276 2314 132 gevaer sal loopen, wat deswegens passeeren sal versoecke van tijdt tot

997 1344 717 156 tijdt te laet weeten

2640 1340 497 150 adiy 25: d.

751 1433 903 221 London mess. Kent

2460 1464 540 141 71 th th

1936 1520 124 102 th

1158 1572 166 110 gan

1070 1520 2227 238 3 sence my last of 18 Buro, recd. yoo & 5d., with

2962 1613 96 71 u

1056 1622 2259 233 acco. of n°3 3, sent to hull, to bee ship. by y Adist convoy

1041 1703 2272 212 10 9 question not butt shall come in trms please to gett them 2

1049 1824 2321 239 packes fully ensured, as best you can by good men alloweings rather

1063 1897 2257 241 5 c more, to bee without servple, least that convoy should

1041 2005 2260 248 bee departed before y. bills of loadinge should react my handes

1010 2107 2337 234 they advise from london, that a Dutch Adinall is to come over

1787 2264 149 64 dan

1003 2206 2342 287 by y convoij for Rott, & that 6 men of warr shall oyne them

1043 2335 2308 212 if so, shipt 2 a 3 packes that for Rotterdam, for onles avery

1016 2439 2283 260 suffisant convoj nothing bee ventured, 14 french caxers beinge

1034 2534 2264 259 come out of Dunkereque, & 20 more are a prepareinge, so if

1036 2611 2307 257 convojes are not strange accordingley, all will bee taken for f.

1040 2730 2269 272 franch heer them selves in esquadres togetheir P:S: have advise

1019 2852 2304 244 from astend that said hanew have taken y. shins from

1054 2979 2294 236 land 24 severall wessels, though 5 ducht men for convoy

1021 3045 2230 290 & 3 small convoyes of ostend, y. convoye run away &

1049 3131 2285 255 all theyps I say marchant mer taken, so what shipt att hull

1026 3258 2317 284 faile no to gett ensired, as also what might be shipt attlon

1053 3356 2263 246 don upon departiere of y convoy for ostend, whereof I

1053 3474 2258 227 could have no bills of loadinge by tine, and what

1044 3612 2240 247 for Rotteram from Londonn, I shall Ruan

1054 3725 2233 218 case 5 a 6 meir of warr as they advise: wee causf

1048 3853 2288 248 fett still if these things can not be grevente d

1051 3949 2220 262 for wher all 34 caners from dunkeiske bee att

1066 4091 2213 226 e na ships shall escare, pray take cae fmy

1061 4227 2189 199 intrest al for yo self I rest  35:5 a

3402 149 1031 186 Lndn M. thoma. Cotter

5329 154 741 154 adij 25 feb: 1697

4326 229 94 98 th

3521 231 2536 191 sence my last of 18 carrt rec. yo. of 3d., with Accot. of 40 white

3554 375 2457 137 bayes in n°18 n°2 sent to hull, a mons: £99:3:- en for wm. you have creditt

3550 435 2442 189 you had 12 P of Dosens ready, uh I question not, butt shall come in time

3543 552 2426 134 att hull for Amst. because y frost continues, & perhaps may bee

3532 547 2520 266 yett a month before y. suvers shall bet open in holland: I fo take

3538 693 2416 194 notice, that goods are I careye withoyou, wherem wee must have pa

3539 779 2391 197 tience, if you iudge, itt will bee better within a month, thet

3539 909 2400 213 delay buyinge till you iudge best time, doeinge in every thinges

3535 1011 2372 211 for yo. self. have writt this day to m. methalf af needfull

3531 1107 2470 190 about shippeinge, for y. future shall send my remeses to you donly

3545 1188 2532 231 dervicbley, & shall please mee best, because I must cesres iend,

3540 1297 2448 210 with m. Bollengere oneley for 3ou. y french are so strons att zea

3538 1399 2444 218 come out of Duynquerque, that they shall take all shins that

3542 1504 2403 207 come, they have taken a whele fleet from Joland for ostend

3553 1629 2442 236 though there was 5 dutelimer of wair & 3 snall ones of osterd

3526 1741 2455 243 for convoy y convoyes att hull for Amst is to little to rapose

3544 1843 2373 238 these rwatiers because they some them selves mescreadres

3529 2002 2432 208 so Jeare not much of all my ordre bee not fulley com

3537 2075 2428 278 pleated by y Amst. convoy. & if y. kersies bee not cheap

3535 2206 2467 260 & good to 3o coutent, buy non principalley if you scrose

3548 2310 2475 234 bliey will bee cheaper in mas or Puno next, & if bought

3543 2459 2442 205 keept them by, I say att huil te bee ship: by a better convoy

3538 2572 2423 206 then now thereyss: long se know what fur then passes rest

3577 2662 2444 152 advise to m. mescalf de val you of what packes yolisend them bexcaulet l'orderet

5519 2756 256 107 5 ditto

3398 2682 1155 196 hull henrij metcalf them et de parfure

3519 2815 2490 155 mij last to you was on the 4 court sence non from you, but have advise that

3513 2935 2573 143 a convoij is the humber for Amst. & that m. thomas potter al sent to youd

3498 2978 2504 204 2 packes & with 20 single bayes as alsoo, that un other pack of 12 single

3523 3121 2497 188 dosens was to follau to bee shipped for Amst im where of I capected the

3530 3200 2454 169 bils of leadinge pr. very forst, bee cause. I might geethem mensured & in

3509 3318 2515 141 cas mester potter sende more bales to you then w1, 2 a 3 to bee shipped

3518 3384 2470 179 for holland so pray geett them ensurent at pris cour at the same time you

3518 3457 2476 235 schipt them, aringe ordered m. potter to advise you, the full valou, & ohere

3499 3562 2524 231 in proy leet not sall & that you imploy fere ablement & reader all lauves

3508 3666 2409 169 ¼ a 3 to more, for I will not rien de risico of the kee shall take

3504 3702 2446 271 care for N° 1: 2: 3 here, as alsoo for Bw 3 & 4 with mester kent

3509 3876 2394 174 sent ayou for my accompt but what m. potter sendes more then w 3

3505 3980 2438 172 I leeft to you that will aut fault ytt bee ensurend with you you last de

3526 4031 2478 222 bils of leadinge coult not veaht mj handes in time, pray advise what passes

3400 4145 2560 158 er rooer if the 3 packes from in spotter bee no shipped before

3519 4225 2423 151 nou & that de bils of loadinge bee not fornorthes & that you shave

3503 4275 1382 139 sooo assuradores, soo geet ensurcht w18

4983 4314 874 154 for s £115 & 1N03 for

3536 4369 1495 113 st £80:- if to bee had at 3 a 4 a 5p. cro
