8077 4713
2597 171 670 103 Adij 30 maij 1697

616 176 987 159 Londen charles tollengeere

870 182 2425 174 in ontwort aenduwe van 27 passato & 14 deser hebbe ul gecrediteert mee

882 283 2418 159 voor st £ 366:- betaelt aen d'ordre van m. thomas potter, gelieve p naesten

870 410 2418 114 te noteeren ul provisie & oncosten en te ordonneeren dat ick het gene ul sal

863 477 2437 123 te goet comen aen mijn Cosijn Elias betaelen om onse reeckenige te sluyten

876 566 2428 97 ter wijlen dat ick het soo weet sal aensien, ten waere als ul noteert de wissel

871 649 2417 108 merckelijck quam te daelen & eenich voordeel ordeelde ul te remitteeren om te

874 711 2431 130 naer dincomen van pennigen pr. wissel te laeten afcomen in welcke gosalle

875 824 2421 109 wensche wel te wete tot wat prijs ul mij sal dienen voor proisie & del

871 906 2409 100 credre te staen van ul remises, op de vallende wissel van costij wil hier

871 955 2424 111 niemant geven, daer en tusschen worden geen brieven onder de 35 &3 gelaete

875 1044 2424 122 het gene supponeere int cort sal veranderen om de reden door ul gementioneert

874 1139 2405 122 onder tusschen ul voordere opinie daerover somtijdt naer dat ul gelegen valt

887 1214 919 139 sal mij aengenaem wesen

2835 1232 314 137 30 maij

627 1270 764 151 Londres Jaque S cabrol

897 1318 2376 140 J'aj lhonneur de la vre de 25 passé p. la quelle ie vous vre civelite &

886 1415 2372 121 linclination que vous aves pour corresponder avec moij & que vous me

878 1522 2411 120 serviray avec un grande affection & pntualite ie vous suis ablige de

869 1621 2395 125 vous remarcie de vre bonte vous assurant que ie feray du mesme

881 1698 2409 146 si vous aves besoing mes services a ces quatiers pandant que ie me ne

891 1808 2405 136 prevaleres pas de cette bonne occasionches vous dierant la guerre a go

603 1826 911 160 Amst geraert rover

3086 1893 214 93 maij

868 1868 2428 208 sijn keer, sedert mijnen lesten van 27 deser geen van ul de Amst beirtley

887 1983 2405 156 blijven manqueren: brieven van 14 van londen seggen als dat de excquert

895 2082 2395 110 briefsiens beginhen in groot nomber uijt te comen waervore om gelt

890 2160 2398 116 te krijgen 5 a 6 p. wart gegeven & dat de selve naer propositie van

887 2268 2418 101 den agio cours sullen in wissel, waer door de selve merckelijck soude

888 2362 2359 116 daelen te meer omdat daer aengenomen is 2 millionen ten dienst

884 2410 2412 153 van den Coninck in vlaenderen te fourniere a 32s waerop die voor

897 2514 2370 109 eerst echter maer op 36t is gevallen hier geen gevers en onder de

890 2591 2405 158 35 t verliet niemant sijn brieven het welck sich sal governeeren

873 2663 2424 145 naer advenant het costij sal gaen, dief versoecke den prijs van morgen

879 2771 1841 159 te vernemen & expeditie aen d'ingeslotene. blijve.

2906 2815 336 155 30 maij

648 2841 1184 179 London walter & William kent

885 2920 2391 157 mij last to you was 27: courant, the contents whereof, pray consider

886 3047 2414 121 principalley about the sp. clothes, because I observe, that I mush bee

907 3132 2379 101 better assorted of cosfie coullours, as well under 67 a ƒ 7„ 7:6 „ 8 N 1o10

907 3235 2383 100 a 12st, so as then expressed, the same in the draps butt the cooperrose

899 3311 2399 112 must bee most part under & att 7t that cullour doth not sell so well

898 3390 2396 112 in high priees. now have bfore mee irs of 11 et 14 court with accompt

885 3475 2408 133 of woi1 shipt aboard george watson with w.10 & as you mention dese

882 3549 2418 122 for rotterdam with tlhe transport ships, & chare well arrived except said

879 3664 2411 98 watson, who theij say il lest behinde as if hee would not have ventured

897 3742 2408 119 under that convoij: I hope this not worse & that hee bee well expectinge

882 3804 2411 112 an other convoij of loch I longe to heare, perhaps hee stayes for the lone

889 3898 2414 139 that is to bring over the ambassadour mijlord williamson, bij w opportint

879 3968 2418 112 you might send some more sp. clothes bayes & principalley flannels beside

884 4076 2408 116 there is shippinge & a s0 regiment. for flaendres weh s sippose is feroste

892 4143 2385 100 for w a very good convoij must bee given, so that I should thinke, that

901 4200 2362 103 a good opportunitie to ship some goods for ostend, where in as all the rest

894 4283 2375 115 oft my concernes please to actt as for yours self, the spa clothes that snow

915 4362 2369 138 ordered in severall letters will make up 6 a 3 baces, the flannels must bee

3501 194 2518 75 fhe most part of the lowest prices you can finde, for though 1 n pr. y more 276

3490 244 2554 135 will save 2  in goodness, yett I must have of that commod, of what I cangue

3493 339 2515 127 give cheap some of 18 a 19 di maij bee in reach bale butt non to exeed 192 lett

3468 432 2515 127 syot next note the price of colchester white bayes, and when you iudge time

3485 526 2476 145 they maj bee cheapest to order wintes provision of them, whilst pray loose

3483 604 2465 129 no oppottunitie te forward what of white is mentioned in the memorandam

3476 704 2422 119 I longe to see the first letters from london to knowe if ex. will continue

3483 793 2512 133 tallinge, af they tell mee, al if itt must, because 2 millions are under taken to

3493 824 2521 209 bee furnisied here at 32 t, yett our drawers woult not abate thier price

3491 908 2452 179 shulday, asled 355, butt no givers, so please to exspect till next week

3445 1008 1251 132 when shall remitt you whilst I rest

3324 1046 909 165 rotterdam Jaquer Meyers

5489 1066 528 156 Adij 3 Junij 1681

3490 1145 2524 181 bij den uwen van 31 passato, geerne gesien dat george whatson costij voor

3483 1253 2513 167 de stadt was gearriveert en dat ul divoir soude doen, mijne 2 packen ten

3487 1319 2455 153 eersten te doen lossen, het welck ul andermael recommandere, dat geene

3470 1380 2452 169 tijdt versuymt worde tot d'expeditie der selve, omdat mij daer aen il

3488 1507 2513 129 gelegen versoeckende advies van de versendinge om tijdelijcke ordre te stellen

3475 1591 2438 125 tot de verclaringe aen de marie daer sijn noch goederen aen boort voor

3487 1644 2441 137 vrinden van dese plaets en soude niet geerne sien sij de selve voor mij

3473 1745 2552 147 ontfongen, soo haest het convoij naer hull toegestaen is sult mij vercblige

3314 1817 2622 125 s 1 ren het selve te laeten weten en d'expeditie aen dingeslotene blijve

3321 1874 751 129 hull william sohrson

4250 1896 97 98 th

5613 1918 252 113 3 ditto

3499 1906 2478 212 in answer to y of 5 past I do not know al yett ywu toth the comissions of

3490 2039 2520 140 mo kent jth, there in, I can do you no service hee beinge to sheeliver mj

3475 2132 2510 132 goods aboard: there is a convoij ready in tessel for hull & may bee witth

3455 2228 2503 124 you by this time, they write from Amst said convoij to bee 8 men of

3483 2280 2476 118 warr, so shipt for mee what m. potter shall send you for my accompt for

3467 2379 2539 181 Amstm & whereas scippose, that you are acquainted with the corresporder

3468 2460 2504 161 of m: kent, so hee can tell you in what ships hee shall or hath shipped, the

3479 2545 2453 153 packes  N. 10 & 11 that to you schip mij packes frommipotter in other

3466 2626 2472 146 vessels, because I would not have above one bule att the utmots 2 in

3478 2687 2520 175 one bottom. l'avrite this day to m. kent, that hee orderet his frind att hull

3469 2771 2329 171 to give you notice of my packes, butt lett him no know, that you schip

3486 2837 2440 165 wollen goods for mee, that its bee to ship anoy lead swheate, or rye, or the

3468 2910 2506 197 like, beside please no to ship anney packes for mee, till convoij presentes

3469 3015 2398 179 & advise what passes to take mj mesures accordingley about en surance,

3479 3067 2398 222 scipposeinge the custome with you al in london in case of a lors, that the

3328 3150 2456 193 ensuradout payes butt 85 p. (to weh is the needfull att present from

3308 3214 694 131 ill ds thomas potter

4252 3256 52 106 so

5582 3310 189 110 3d.

3494 3324 2492 156 mij last to you was 30 past, sence non trom you, butt have receaved the clots

3474 3373 2508 195 you bought for mee, w in qualitie & call: can pass, butt the dreslinge ought

3459 3459 2536 199 to bee better & shorter trimmed inclosed a patt. of N.9 where by you will see that

3463 3556 2504 170 itt is left to long in hef wool, & so they are in generall, wherein pleake to take

3461 3587 2458 224 care you tye tthe clothes with silk ruboons insteed whereof praiy take green

3456 3667 2528 191 thread riebons of the qualitie & broadness to the inclosed patt. these packes sent

3462 3755 2517 221 are to small, because all the petie charges are the same, as mugh on a s mall

3475 3878 2507 186 as on a bigger pack, therefore the bayes must bee in one pack & ne lest then go

3465 3940 2522 194 karsyes in one pack, & as swritt to you 2o past make the packes of clothes no less

3474 4015 2464 189 then 16 demyepieces, as now I say make them up to 20 ps each pack in call

3464 4112 2514 155 & instructions send 25m april & 20 the past, butt you may not bee backward

3476 4208 2513 151 because thereis a convoij departed from Amst for hull, & .k if can come safe

3477 4316 2479 92 here againe before the lattes of july then shall in order an orther alsortement ter

3474 4355 2503 130 winter, so pray take measures accordingley & to loose no time, sent forward to

3483 4422 2330 92 hull, what shall bee ready though the packes of clothes should bee assorted
