7970 4595
2694 137 693 129 adij 10 october Ao 1695

883 157 457 150 Rotterd: bres

1166 205 2221 137 volgens den uwen van 7 deser seen ick het pack met witte packlakens

1173 325 2202 135 op het spoedichste te gemoet, versoekende de ingeslotene sonder tijdts

1188 375 1318 145 verliel voortsganck te geven die blijve.

2766 403 597 174 adij 14 ditto oc tober

902 443 757 163 Brussel francis Jacobss

1154 490 2214 169 ick hebbe voorleden saterdagh aen ul geschreven, sedert heeft den berijden

1162 624 2211 114 neekens heden bij mij geweest, ende hebbe aen hem voor ul vercocht

1162 678 2209 128 t fijne witte flannels in volgende medegaende facture, sijnde de selve

1169 775 2212 114 tot karmosijn aenden verver volmerinckx gelevert, gelieft mij daer ve

1176 867 2205 107 te creditteren, en soo iets anders tot ul dienst is te commanderen diene

1166 937 168 119 blijven

2862 943 281 118 11 ditto

874 957 875 153 Cortrijckk ge wed: Causse

1040 990 2331 163 in antwort aenden uwen van 9 deser sende ick ul ingeslotene van het

1166 1096 2159 125 courieuste fijn goet datter oot gemackt is soo swerte blouwe als

1140 1168 2221 144 carmosijnent hebbe boven dien noch een partije superfijne drap de danne

1155 1242 2215 134 en smal lesten, op rechte hollandtsche soo 4000 aƒ3600 is dat ul

1158 1313 2205 135 iets aenstaet commandeert mij liberlijck, ick hebbe mijn leven nood

1163 1396 2190 142 sehonder sijnder en meerder partije bij mij gehadt, van de swerte

1158 1493 2208 132 staelen N 32: 34: 27 hebbe ick differente staeken, in qualitijdt met

1157 1550 2212 147 ditto staelen gelijck soo wilt gij mij nu wat toebetrouwen, command

1158 1637 2202 148 wat u belieft de prijse staen in wisselgelde, wegens pannen en flauw

1141 1734 2224 140 den parsoon daer ick u hebbe van gelijdt, vercoopt maer sijde stosfe

1153 1811 2199 161 soo dat ick in pannen ½ ftauweelen nietmant en kenne als daer

1141 1890 2159 139 ul gewoon, is mede te handelen, en dat volck kent ul beter ick

1140 1961 2165 174 soo dat ul best aen wie sich daer over te addresseren. wegens goude

1153 2083 2145 106 leiren tot mechelen te coopen dat is mijn affairen niet en hebbe

1144 2150 2217 120 daer niemandt die ick dat soude dorven toe betrouwen, en dat waere

1141 2206 2178 142 door voor u coopmanschap sonder verstandt verlies voor d' hant

1114 2333 2215 118 en om dat wel te doen moest men daer ter plaetse gaen en dat

1133 2390 2168 147 laet  sijn tijdt niet toe om dat het nude principaelstie tijdt van

1138 2475 2218 141 onse vercoopinge is, het welck oock de reden is, dat ick geen staelen

1140 2570 2167 138 van mijn couleuren en can senden bestaende meest in grijsen,

1140 2652 2183 143 bruijnen, eenige groenen, geil rossen, en andere lichte couleuren

1135 2771 2186 139 ontrent de s00 stucken, dat ul hier ware ick, en twijffele niet oft ick

1134 2843 2215 147 soude ul merckelijck dienst comen doen, ofte sendt mij staelen, daer

1145 2906 1296 121 oft daer ontrent gelijck ul die begeert

1130 2962 2164 176 N 18 ƒ 3:15 N 16 ƒ5 N1016 ƒ4:4 N911 ƒ 4:2 N 35 ƒ3:-

1123 3068 2181 174 N 84 ƒ 6:10 N508 ƒ 5:15 N 13 ƒ 6:5 N4: ƒ6: N14 ƒ4:4

1109 3207 2197 142 N10 ƒ 4:6 N15 ƒ 4:4 N 163 ƒ 4:5 N 162 ƒ4:5 N 164 ƒ4:5

1117 3312 2230 131 N 32 ƒ 4:16 N 191 ƒ 4:16 N 34 ƒ 518 N88 ƒ 5:2 N 27 ƒ5:5

1125 3369 499 121 N 24 ƒ4:16

2898 3380 290 149 14 octobr

1123 3419 621 130 wouter van de wijer,

850 3419 177 137 gil

1136 3442 2214 170 ick heb noch frisdert noch kersije, oock heb ick in alle de packhuysen geloop

1127 3566 2174 142 en heb moeten betaelen voor den medegaende kersijen ƒ 36 en de

1140 3634 2167 128 voor de lap root frisaert sijn de lanck  38 ƒ 27: daer en ist meer

1120 3726 2164 116 kersije te coop onder st: 20 des soo dat ick ul aen geen blouw

1113 3817 2174 104 heblije kan dienen en die sal hier nu wel st 25 des gellen,

1125 3881 2214 134 ick heb wel 2 hueren besich geweest om u dit goet te besorgen

2872 3978 136 94 14

834 3941 825 169 Brugge Raphael Coots

1112 3981 2217 177 in antwort aen duwe van 17110: en 12 deser het is fatael dat naer soodern

1121 4074 2224 154 expeditie het pack tijcken een alve dagh te laet is gecomen, het geene mij diet

1126 4208 2216 119 hadde behoeren voort comen hebben geweest, patientie, gelieft sonder

1106 4282 2226 116 sout morgen mij de oncosten te adviseren, op dat ick naeste maerd

1118 4308 2218 188 vervolgens rekeninge mach senden, gods welt onse convoijer van

3551 192 2394 104 londen haest sal vo boengen, sal al eenighsins daer bij sijn geintresseert, wegens het

3538 263 2412 146 veretiaensch schip verstaen die comissie van venitien wort verwacht, ondert

3535 315 2422 186 usschen dunckt mij het preten van die goederen te lossen niet gefordeert, daer

3535 426 1547 127 van is hier geen ander advies als duwe, blijve.

5197 427 317 147 15 octob

3362 496 551 136 redael laureijs £a

3550 527 2425 155 ick heb u brieven van 28 septenb. en 12 deser ontfangen, ende ick sien dat mijn

3539 604 2418 140 werck sal uijtvallen gelijck ick hebbe voordacht, ul was op 30 julij hier endo dan

3541 718 2434 104 hebben wij gerekent tot N: 41, en sedert al die tijdt en is noch maer het coulier

3521 802 2456 128 versonden en soo doende tot de heele winter mij goet niet tuyt hebben, laet tersten

3504 900 2472 108 eede maeken N 38 en was met de leste brieven noch niet tot leijden en soo

3532 985 2435 128 doende sal ick den heelen winter mijn goet niet teijs krijgen, en ul meer

3522 1069 2406 101 dan een geheel iaer besich sijn an 25 laekens te maecken, dat is niet

3533 1156 2384 108 dat ick u heb gerecommandeert, gij moet mij schrijven hoe veel wol tot het

3546 1202 2424 126 pastien en bree 2s gegaen, ende hoe veel smet het couleur is, en het rattien

3527 1302 2446 119 endet den arbijdts soon van dien en dander, ick heb geen stuijvers comen

3514 1380 1625 149 becomen soude anders heden u gelt hebben gesondn

5222 1445 364 141 Adij 15 ditto

3347 1447 798 183 Brussel Anthonij Rousseau

4852 1505 119 77 pilss

3353 1505 2541 177 Mons en responce a la chere vostre de 11 courant est bien que le p Artsens paijera

3535 1596 2434 132 esperent que mons costaghie aura satisfait, vous prient demandonner notisse

3527 1681 2447 128 pour escri ne necessaire a mon amis a namur a chose que ie de laie la responsie

3536 1733 2378 137 en attendent celle de vostre graces: ie suis en pajne pour mon amis de smet.

3529 1790 2457 172 res om pour coij ie vous supplie de fais present rencor une fois mon incluss assing

3522 1888 2374 120 ma fin qu'ilaccepte sur quelque term a caes qu'il en bas paijer conque temps

3529 1967 2400 121 laient escrit surget de iurget: pour les deux saz de largent rapportez par mons

3522 2026 2421 163 verhaegen il est bien quil vous avez truvez a vosr contentement pour mess.

3522 2128 2124 142 de maistre ie le connois for bien et il ne faut pas argier avex escri

3528 2186 1691 165 car en donnent edoit, il prent le mais entier a instant

5233 2254 176 140 15d

3349 2266 699 168 brussel hendrick de smet

3479 2291 2500 179 Mons in antwort aen den ul van 11 deser het is mij leet dat uwe soo seer geincommo

3509 2448 2441 110 =deert is, dat ul refugeert £50: voor mij te betaelen, sulckx heeft mij niemant

3527 2471 2375 147 noch gewijneert soo seer sij oock verlegen sijn, ende daer en is nietmant in

3536 2540 2346 148 brussel die mij soo veel schuldich al ul sijn de ontrent ƒ 4000:- en een

3534 2624 2434 175 ƒ200: die ick vrage is immers een clijn te meer om dat ick wete wat dat ul

3527 2730 2425 130 betaelt heeft sedert het bombardement soo aen van dieft als andere en ick can

3538 2771 2355 181 ul immers soo goeden dienst doen als een ander, ende ick sal oock alles doen

3533 2859 2396 152 wat moogelijck is om iu bij te staen, en patientie te hebben, daer om moet

3495 2926 2428 218 gij dese reijs uwe generoositijdt toonen ende aen mons Rousseau de ƒ300:

3524 3031 2424 150 wisselgelde betaelen, en can het niet terstont geschieden, accepteert het billet

3527 3103 2371 149 ten minsten op eenige daegen, waerop mij voor valt verlaete ende wille dat

3509 3179 2453 159 godt u weder segen ende benedictie en segen geven, en ul langer wachtom

3519 3265 2362 161 overcomen hoe argers want de witte goederen worden daegelijck dierder

3518 3391 2406 98 waerin ick ul can dienst doen sal aen mijn divoir niet manckeren. blijve

3514 3418 2441 136 van ul niet seffens betaelen geeft iets oft wat op rekeninge de rest op eenig

3505 3537 233 122 daegen.

5346 3511 267 142 17 ditto

3330 3604 638 130 Brussel govaert ververs

3505 3614 2471 171 het antwort aen ul aengenaemen van 13 deser het sijn geperst laken No 859 Gone

3510 3722 2443 138 ick aen ul ten eersten te senden, daer is wijnich vertier in laken, waerom

3487 3861 2450 98 me dat het pack noch gesloten is, men vercoop niet afs wilte goederen, en het is

3511 3911 2437 137 daermede oock meest gedaen om datter, wijnich afs niets meer te coop en is

3508 3979 2438 161 ick hebbe geen frisaerden in huys, maer wel een pack onderwegen, endie costen

3518 4071 2470 173 soo veel gelt, dat ick vriese daer noet aen toe te sullen connen comen

3519 4167 2374 117 baejen kersijen ende andere sijn in engelandt soo dier reworden datter

3518 4269 2435 122 niet gen te comen is, soo lanck als ick iets noch hebbe is het tot ul

3524 4332 2356 167 dienst, ick hadde antwort verwacht ende resolictie oft ul dat superfijn
