<?xml version="1.0" encoding="UTF-8"?>
<alto xmlns:xsi="http://www.w3.org/2001/XMLSchema-instance"
      xmlns="http://www.loc.gov/standards/alto/ns-v4#"
      xmlns:page="http://schema.primaresearch.org/PAGE/gts/pagecontent/2013-07-15"
      xsi:schemaLocation="http://www.loc.gov/standards/alto/ns-v4# https://www.loc.gov/standards/alto/v4/alto.xsd">
   <Description>
      <MeasurementUnit>pixel</MeasurementUnit>
      <OCRProcessing ID="IdOcr">
         <ocrProcessingStep>
            <processingDateTime>2022-02-04T12:21:29.506+01:00</processingDateTime>
            <processingSoftware>
               <softwareCreator>READ COOP</softwareCreator>
               <softwareName>Transkribus</softwareName>
            </processingSoftware>
         </ocrProcessingStep>
      </OCRProcessing>
   </Description>
   <Layout>
      <Page ID="Page1" PHYSICAL_IMG_NR="1" HEIGHT="4630" WIDTH="8193">
         <TopMargin HEIGHT="0" WIDTH="8193" VPOS="0" HPOS="0"/>
         <LeftMargin HEIGHT="4630" WIDTH="0" VPOS="0" HPOS="0"/>
         <RightMargin HEIGHT="4630" WIDTH="0" VPOS="0" HPOS="8193"/>
         <BottomMargin HEIGHT="0" WIDTH="8193" VPOS="4630" HPOS="0"/>
         <PrintSpace HEIGHT="4630" WIDTH="8193" VPOS="0" HPOS="0">
            <TextBlock ID="region_1641890242839_1611"
                       HEIGHT="4430"
                       WIDTH="2520"
                       VPOS="107"
                       HPOS="864">
               <Shape>
                  <Polygon POINTS="864,107 3384,107 3384,4537 864,4537"/>
               </Shape>
               <TextLine ID="region_1641890242839_1611l1"
                         BASELINE="1170,222 1280,220 1390,220 1500,220 1610,220 1720,222 1830,222 1940,224 2050,226 2160,228 2271,230 2381,232 2491,232 2601,234 2711,236 2821,236 2931,236 3041,236 3151,236 3261,234 3372,232"
                         HEIGHT="91"
                         WIDTH="2235"
                         VPOS="183"
                         HPOS="1154">
                  <String ID="string_region_1641890242839_1611l1"
                          HEIGHT="91"
                          WIDTH="2235"
                          VPOS="183"
                          HPOS="1154"
                          CONTENT="als gelt ick sal mijn risico van archangel in goets naemen laeten loopen"/>
               </TextLine>
               <TextLine ID="region_1641890242839_1611l2"
                         BASELINE="1164,296 1273,294 1382,292 1491,290 1600,290 1709,292 1818,294 1927,296 2036,298 2145,302 2254,304 2363,308 2472,310 2581,314 2690,316 2799,318 2908,318 3017,318 3126,318 3235,316 3344,312"
                         HEIGHT="131"
                         WIDTH="2211"
                         VPOS="239"
                         HPOS="1148">
                  <String ID="string_region_1641890242839_1611l2"
                          HEIGHT="131"
                          WIDTH="2211"
                          VPOS="239"
                          HPOS="1148"
                          CONTENT="hope die vloet wel arriveeren sal doch, soo de schepen oft goederen"/>
               </TextLine>
               <TextLine ID="region_1641890242839_1611l3"
                         BASELINE="1162,380 1270,374 1378,368 1486,366 1594,364 1702,364 1810,365 1918,368 2026,370 2134,374 2243,377 2351,381 2459,385 2567,389 2675,392 2783,394 2891,396 2999,396 3107,396 3215,394 3324,390"
                         HEIGHT="99"
                         WIDTH="2192"
                         VPOS="308"
                         HPOS="1146">
                  <String ID="string_region_1641890242839_1611l3"
                          HEIGHT="99"
                          WIDTH="2192"
                          VPOS="308"
                          HPOS="1146"
                          CONTENT="desen winter daer schade hebbe geleden wort het hier verstaenden"/>
               </TextLine>
               <TextLine ID="region_1641890242839_1611l4"
                         BASELINE="1150,456 1255,451 1360,447 1465,444 1570,442 1675,442 1780,442 1885,444 1990,444 2095,447 2201,450 2306,452 2411,456 2516,460 2621,463 2726,467 2831,470 2936,474 3041,477 3146,480 3252,482"
                         HEIGHT="139"
                         WIDTH="2134"
                         VPOS="390"
                         HPOS="1135">
                  <String ID="string_region_1641890242839_1611l4"
                          HEIGHT="139"
                          WIDTH="2134"
                          VPOS="390"
                          HPOS="1135"
                          CONTENT="alsuradeur de avarie moet betaelen sijnde daer over in goede"/>
               </TextLine>
               <TextLine ID="region_1641890242839_1611l5"
                         BASELINE="1168,534 1274,530 1381,528 1488,526 1594,526 1701,526 1808,528 1914,528 2021,532 2128,534 2235,536 2341,540 2448,542 2555,546 2661,550 2768,552 2875,554 2981,556 3088,556 3195,556 3302,556"
                         HEIGHT="147"
                         WIDTH="2165"
                         VPOS="450"
                         HPOS="1153">
                  <String ID="string_region_1641890242839_1611l5"
                          HEIGHT="147"
                          WIDTH="2165"
                          VPOS="450"
                          HPOS="1153"
                          CONTENT="manschap geweest en is het dealsuradeurs tegen gewesen alsoo"/>
               </TextLine>
               <TextLine ID="region_1641890242839_1611l6"
                         BASELINE="1156,622 1265,620 1375,618 1485,616 1595,616 1705,616 1815,616 1925,616 2035,618 2145,620 2255,622 2364,624 2474,628 2584,630 2694,634 2804,638 2914,640 3024,644 3134,648 3244,652 3354,656"
                         HEIGHT="155"
                         WIDTH="2229"
                         VPOS="552"
                         HPOS="1142">
                  <String ID="string_region_1641890242839_1611l6"
                          HEIGHT="155"
                          WIDTH="2229"
                          VPOS="552"
                          HPOS="1142"
                          CONTENT="de geassureerde sullekx sal hebben vermoet en hun inde voorbaet"/>
               </TextLine>
               <TextLine ID="region_1641890242839_1611l7"
                         BASELINE="1164,714 1272,714 1380,712 1488,712 1596,712 1705,712 1813,712 1921,712 2029,712 2137,712 2246,714 2354,716 2462,718 2570,720 2678,722 2787,724 2895,727 3003,732 3111,735 3219,740 3328,744"
                         HEIGHT="129"
                         WIDTH="2196"
                         VPOS="648"
                         HPOS="1149">
                  <String ID="string_region_1641890242839_1611l7"
                          HEIGHT="129"
                          WIDTH="2196"
                          VPOS="648"
                          HPOS="1149"
                          CONTENT="gemaeckt omdaer na geen rusie te hebbe, de assuradeurs wilden"/>
               </TextLine>
               <TextLine ID="region_1641890242839_1611l8"
                         BASELINE="1160,804 1267,804 1374,804 1481,804 1588,804 1695,804 1802,804 1909,806 2016,806 2123,808 2230,809 2337,810 2444,812 2551,814 2658,816 2765,820 2872,822 2979,825 3086,828 3193,832 3300,836"
                         HEIGHT="158"
                         WIDTH="2171"
                         VPOS="726"
                         HPOS="1144">
                  <String ID="string_region_1641890242839_1611l8"
                          HEIGHT="158"
                          WIDTH="2171"
                          VPOS="726"
                          HPOS="1144"
                          CONTENT="hun ten deele verweeren dat de schippers hun convoij hadden"/>
               </TextLine>
               <TextLine ID="region_1641890242839_1611l9"
                         BASELINE="1938,848 1966,846 1995,847 2024,848 2053,850 2082,852"
                         HEIGHT="64"
                         WIDTH="177"
                         VPOS="806"
                         HPOS="1922">
                  <String ID="string_region_1641890242839_1611l9"
                          HEIGHT="64"
                          WIDTH="177"
                          VPOS="806"
                          HPOS="1922"
                          CONTENT="comen"/>
               </TextLine>
               <TextLine ID="region_1641890242839_1611l10"
                         BASELINE="1158,886 1266,884 1375,884 1483,886 1592,886 1700,888 1809,888 1917,890 2026,892 2134,894 2243,896 2351,898 2460,900 2568,902 2677,904 2785,906 2894,908 3002,910 3111,912 3219,914 3328,914"
                         HEIGHT="102"
                         WIDTH="2202"
                         VPOS="845"
                         HPOS="1142">
                  <String ID="string_region_1641890242839_1611l10"
                          HEIGHT="102"
                          WIDTH="2202"
                          VPOS="845"
                          HPOS="1142"
                          CONTENT="versuymt dat sij hadden mogen avertrecken, des niet tegenstaende"/>
               </TextLine>
               <TextLine ID="region_1641890242839_1611l11"
                         BASELINE="1146,988 1256,983 1366,980 1476,977 1586,976 1696,974 1806,974 1916,976 2026,976 2136,978 2247,980 2357,984 2467,986 2577,989 2687,992 2797,996 2907,999 3017,1002 3127,1005 3237,1008 3348,1010"
                         HEIGHT="132"
                         WIDTH="2232"
                         VPOS="899"
                         HPOS="1131">
                  <String ID="string_region_1641890242839_1611l11"
                          HEIGHT="132"
                          WIDTH="2232"
                          VPOS="899"
                          HPOS="1131"
                          CONTENT="sijn wij gecondemmeert in den risico te moeten vergoeden ul sal"/>
               </TextLine>
               <TextLine ID="region_1641890242839_1611l12"
                         BASELINE="1158,1086 1266,1080 1375,1076 1483,1074 1592,1072 1701,1070 1809,1070 1918,1070 2026,1070 2135,1070 2244,1072 2352,1074 2461,1076 2569,1078 2678,1082 2787,1084 2895,1088 3004,1090 3112,1092 3221,1095 3330,1098"
                         HEIGHT="160"
                         WIDTH="2205"
                         VPOS="973"
                         HPOS="1142">
                  <String ID="string_region_1641890242839_1611l12"
                          HEIGHT="160"
                          WIDTH="2205"
                          VPOS="973"
                          HPOS="1142"
                          CONTENT="mij vrintschap doen par occasie te intormeeren wanneer isack"/>
               </TextLine>
               <TextLine ID="region_1641890242839_1611l13"
                         BASELINE="1158,1176 1267,1170 1376,1166 1485,1162 1595,1160 1704,1158 1813,1156 1923,1156 2032,1156 2141,1158 2251,1158 2360,1160 2469,1162 2578,1165 2688,1168 2797,1172 2906,1176 3016,1178 3125,1182 3234,1187 3344,1190"
                         HEIGHT="127"
                         WIDTH="2220"
                         VPOS="1102"
                         HPOS="1141">
                  <String ID="string_region_1641890242839_1611l13"
                          HEIGHT="127"
                          WIDTH="2220"
                          VPOS="1102"
                          HPOS="1141"
                          CONTENT="mesijn gestorven is ende hoe sijn sterfhuys gevallen, ick hebbe "/>
               </TextLine>
               <TextLine ID="region_1641890242839_1611l14"
                         BASELINE="1170,1270 1280,1263 1390,1257 1500,1254 1610,1250 1720,1248 1830,1246 1940,1246 2050,1246 2160,1248 2270,1250 2380,1252 2490,1254 2600,1258 2710,1262 2820,1266 2930,1270 3040,1274 3150,1278 3260,1282 3370,1286"
                         HEIGHT="170"
                         WIDTH="2229"
                         VPOS="1160"
                         HPOS="1156">
                  <String ID="string_region_1641890242839_1611l14"
                          HEIGHT="170"
                          WIDTH="2229"
                          VPOS="1160"
                          HPOS="1156"
                          CONTENT="briefkens vande lotterije van haer hem doch bij de selve vindegen"/>
               </TextLine>
               <TextLine ID="region_1641890242839_1611l15"
                         BASELINE="1162,1350 1271,1348 1380,1348 1490,1346 1599,1344 1709,1344 1818,1342 1927,1342 2037,1340 2146,1340 2256,1340 2365,1340 2474,1342 2584,1342 2693,1344 2803,1347 2912,1350 3021,1354 3131,1359 3240,1364 3350,1370"
                         HEIGHT="135"
                         WIDTH="2220"
                         VPOS="1286"
                         HPOS="1147">
                  <String ID="string_region_1641890242839_1611l15"
                          HEIGHT="135"
                          WIDTH="2220"
                          VPOS="1286"
                          HPOS="1147"
                          CONTENT="nieten soo dat bij de voorgaende moeten sijn gepasseert ofte noch"/>
               </TextLine>
               <TextLine ID="region_1641890242839_1611l16"
                         BASELINE="1164,1458 1273,1452 1382,1445 1492,1441 1601,1438 1711,1435 1820,1434 1929,1432 2039,1432 2148,1434 2258,1434 2367,1436 2476,1438 2586,1440 2695,1442 2805,1444 2914,1447 3023,1448 3133,1450 3242,1452 3352,1452"
                         HEIGHT="135"
                         WIDTH="2220"
                         VPOS="1375"
                         HPOS="1148">
                  <String ID="string_region_1641890242839_1611l16"
                          HEIGHT="135"
                          WIDTH="2220"
                          VPOS="1375"
                          HPOS="1148"
                          CONTENT="getrocken woorden gelieft geen billietten neer te senden want"/>
               </TextLine>
               <TextLine ID="region_1641890242839_1611l17"
                         BASELINE="1158,1534 1265,1530 1372,1528 1480,1526 1587,1524 1695,1522 1802,1522 1909,1522 2017,1522 2124,1522 2232,1524 2339,1526 2446,1528 2554,1530 2661,1532 2769,1535 2876,1538 2983,1542 3091,1546 3198,1550 3306,1554"
                         HEIGHT="114"
                         WIDTH="2179"
                         VPOS="1446"
                         HPOS="1143">
                  <String ID="string_region_1641890242839_1611l17"
                          HEIGHT="114"
                          WIDTH="2179"
                          VPOS="1446"
                          HPOS="1143"
                          CONTENT="mij dunkt datter niets van comen sal, supponeerende dat ul"/>
               </TextLine>
               <TextLine ID="region_1641890242839_1611l18"
                         BASELINE="1158,1626 1266,1620 1374,1615 1483,1611 1591,1608 1700,1608 1808,1608 1916,1608 2025,1610 2133,1612 2242,1614 2350,1616 2458,1620 2567,1622 2675,1625 2784,1627 2892,1628 3000,1630 3109,1630 3217,1630 3326,1628"
                         HEIGHT="147"
                         WIDTH="2198"
                         VPOS="1521"
                         HPOS="1143">
                  <String ID="string_region_1641890242839_1611l18"
                          HEIGHT="147"
                          WIDTH="2198"
                          VPOS="1521"
                          HPOS="1143"
                          CONTENT="doat cosfij ondersuyckt en weten sal soo er eenige prijs voor"/>
               </TextLine>
               <TextLine ID="region_1641890242839_1611l19"
                         BASELINE="1162,1708 1272,1702 1383,1697 1493,1693 1604,1690 1715,1690 1825,1690 1936,1690 2046,1692 2157,1694 2268,1696 2378,1700 2489,1702 2599,1704 2710,1707 2821,1710 2931,1710 3042,1710 3152,1710 3263,1708 3374,1706"
                         HEIGHT="162"
                         WIDTH="2242"
                         VPOS="1624"
                         HPOS="1147">
                  <String ID="string_region_1641890242839_1611l19"
                          HEIGHT="162"
                          WIDTH="2242"
                          VPOS="1624"
                          HPOS="1147"
                          CONTENT="mij voorviel het welck gelieft te laeten weter en den ingessote"/>
               </TextLine>
               <TextLine ID="region_1641890242839_1611l20"
                         BASELINE="1162,1784 1216,1782 1270,1782 1324,1782 1378,1782 1433,1782 1487,1782 1541,1784 1595,1784 1649,1784 1704,1786 1758,1786 1812,1786 1866,1788 1920,1788 1975,1788 2029,1788 2083,1787 2137,1786 2191,1785 2246,1784"
                         HEIGHT="156"
                         WIDTH="1116"
                         VPOS="1693"
                         HPOS="1146">
                  <String ID="string_region_1641890242839_1611l20"
                          HEIGHT="156"
                          WIDTH="1116"
                          VPOS="1693"
                          HPOS="1146"
                          CONTENT="voortsganck te geven blijve."/>
               </TextLine>
               <TextLine ID="region_1641890242839_1611l21"
                         BASELINE="2856,1842 2881,1840 2906,1840 2931,1840 2956,1840 2982,1842 3007,1843 3032,1845 3057,1847 3083,1849 3108,1850 3133,1852 3158,1853 3183,1855 3209,1856 3234,1858 3259,1858 3284,1858 3310,1858"
                         HEIGHT="169"
                         WIDTH="489"
                         VPOS="1746"
                         HPOS="2838">
                  <String ID="string_region_1641890242839_1611l21"
                          HEIGHT="169"
                          WIDTH="489"
                          VPOS="1746"
                          HPOS="2838"
                          CONTENT="Adij 19 Junij"/>
               </TextLine>
               <TextLine ID="region_1641890242839_1611l22"
                         BASELINE="910,1886 957,1888 1004,1888 1051,1890 1099,1890 1146,1890 1193,1888 1241,1888 1288,1886 1335,1886 1383,1884 1430,1884 1477,1882 1524,1881 1572,1880 1619,1880 1666,1878 1714,1878 1761,1878 1808,1880 1856,1880"
                         HEIGHT="168"
                         WIDTH="979"
                         VPOS="1783"
                         HPOS="893">
                  <String ID="string_region_1641890242839_1611l22"
                          HEIGHT="168"
                          WIDTH="979"
                          VPOS="1783"
                          HPOS="893"
                          CONTENT="mechelen h. Couienbergh"/>
               </TextLine>
               <TextLine ID="region_1641890242839_1611l23"
                         BASELINE="1174,1972 1282,1972 1390,1972 1498,1972 1606,1972 1715,1972 1823,1970 1931,1970 2039,1968 2147,1968 2256,1966 2364,1966 2472,1964 2580,1964 2688,1964 2797,1964 2905,1964 3013,1966 3121,1968 3229,1970 3338,1974"
                         HEIGHT="147"
                         WIDTH="2194"
                         VPOS="1854"
                         HPOS="1159">
                  <String ID="string_region_1641890242839_1611l23"
                          HEIGHT="147"
                          WIDTH="2194"
                          VPOS="1854"
                          HPOS="1159"
                          CONTENT="in antwort aenden ul van 14 deser gisteren heeft jouff. sullema hier"/>
               </TextLine>
               <TextLine ID="region_1641890242839_1611l24"
                         BASELINE="1154,2058 1265,2056 1376,2054 1487,2052 1599,2052 1710,2050 1821,2050 1933,2050 2044,2050 2155,2050 2267,2052 2378,2052 2489,2052 2600,2052 2712,2054 2823,2054 2934,2054 3046,2054 3157,2054 3268,2054 3380,2054"
                         HEIGHT="166"
                         WIDTH="2257"
                         VPOS="1950"
                         HPOS="1139">
                  <String ID="string_region_1641890242839_1611l24"
                          HEIGHT="166"
                          WIDTH="2257"
                          VPOS="1950"
                          HPOS="1139"
                          CONTENT="geweest hebbe haer ter handt gestelt drij parquemente brieven van de bende"/>
               </TextLine>
               <TextLine ID="region_1641890242839_1611l25"
                         BASELINE="1160,2144 1268,2142 1377,2142 1486,2140 1595,2140 1704,2138 1813,2138 1922,2136 2031,2136 2140,2136 2249,2136 2357,2136 2466,2138 2575,2138 2684,2141 2793,2142 2902,2146 3011,2149 3120,2154 3229,2158 3338,2164"
                         HEIGHT="123"
                         WIDTH="2210"
                         VPOS="2060"
                         HPOS="1145">
                  <String ID="string_region_1641890242839_1611l25"
                          HEIGHT="123"
                          WIDTH="2210"
                          VPOS="2060"
                          HPOS="1145"
                          CONTENT="ul bekent, den eenen schepene goedenisse voor mijn vader, den anderen"/>
               </TextLine>
               <TextLine ID="region_1641890242839_1611l26"
                         BASELINE="1158,2240 1268,2238 1378,2235 1488,2234 1598,2232 1708,2232 1818,2230 1928,2230 2038,2230 2148,2230 2259,2230 2369,2232 2479,2232 2589,2232 2699,2232 2809,2234 2919,2234 3029,2234 3139,2234 3249,2234 3360,2232"
                         HEIGHT="113"
                         WIDTH="2234"
                         VPOS="2147"
                         HPOS="1142">
                  <String ID="string_region_1641890242839_1611l26"
                          HEIGHT="113"
                          WIDTH="2234"
                          VPOS="2147"
                          HPOS="1142"
                          CONTENT="de goedenisse opt leen hot den, derden den verhef brief op mijnen naem"/>
               </TextLine>
               <TextLine ID="region_1641890242839_1611l27"
                         BASELINE="1172,2334 1280,2330 1389,2326 1498,2324 1606,2320 1715,2318 1824,2316 1932,2315 2041,2314 2150,2314 2259,2312 2367,2312 2476,2314 2585,2314 2693,2314 2802,2315 2911,2316 3019,2318 3128,2318 3237,2320 3346,2322"
                         HEIGHT="113"
                         WIDTH="2204"
                         VPOS="2267"
                         HPOS="1156">
                  <String ID="string_region_1641890242839_1611l27"
                          HEIGHT="113"
                          WIDTH="2204"
                          VPOS="2267"
                          HPOS="1156"
                          CONTENT="ick hebbe haer gesijdt dat die bemden sullen gecallendiert worden, waer"/>
               </TextLine>
               <TextLine ID="region_1641890242839_1611l28"
                         BASELINE="1160,2426 1266,2418 1372,2411 1478,2406 1584,2402 1690,2399 1796,2396 1902,2394 2008,2394 2114,2392 2221,2392 2327,2393 2433,2394 2539,2396 2645,2396 2751,2398 2857,2400 2963,2402 3069,2404 3175,2406 3282,2406"
                         HEIGHT="133"
                         WIDTH="2152"
                         VPOS="2309"
                         HPOS="1144">
                  <String ID="string_region_1641890242839_1611l28"
                          HEIGHT="133"
                          WIDTH="2152"
                          VPOS="2309"
                          HPOS="1144"
                          CONTENT="toe de vrinden een indisputabel recht hebben, ende des te meer toe"/>
               </TextLine>
               <TextLine ID="region_1641890242839_1611l29"
                         BASELINE="1164,2508 1272,2504 1380,2500 1488,2498 1596,2496 1704,2492 1812,2490 1920,2489 2028,2487 2136,2486 2244,2484 2352,2484 2460,2484 2568,2484 2676,2484 2784,2484 2892,2486 3000,2488 3108,2489 3216,2490 3324,2492"
                         HEIGHT="127"
                         WIDTH="2192"
                         VPOS="2395"
                         HPOS="1149">
                  <String ID="string_region_1641890242839_1611l29"
                          HEIGHT="127"
                          WIDTH="2192"
                          VPOS="2395"
                          HPOS="1149"
                          CONTENT="geanimeert sijn omdat onse groot moeder de selve belast heeft 1638"/>
               </TextLine>
               <TextLine ID="region_1641890242839_1611l30"
                         BASELINE="1160,2596 1268,2592 1376,2588 1484,2586 1592,2584 1701,2582 1809,2580 1917,2578 2025,2578 2133,2578 2242,2577 2350,2576 2458,2576 2566,2576 2674,2576 2783,2576 2891,2576 2999,2574 3107,2574 3215,2572 3324,2570"
                         HEIGHT="114"
                         WIDTH="2195"
                         VPOS="2511"
                         HPOS="1143">
                  <String ID="string_region_1641890242839_1611l30"
                          HEIGHT="114"
                          WIDTH="2195"
                          VPOS="2511"
                          HPOS="1143"
                          CONTENT="met ƒ 6000:- waer voor iaerlijck van intrest wiert betael 4 ½ p"/>
               </TextLine>
               <TextLine ID="region_1641890242839_1611l31"
                         BASELINE="2644,2610 2672,2613 2700,2613 2728,2610"
                         HEIGHT="61"
                         WIDTH="117"
                         VPOS="2576"
                         HPOS="2628">
                  <String ID="string_region_1641890242839_1611l31"
                          HEIGHT="61"
                          WIDTH="117"
                          VPOS="2576"
                          HPOS="2628"
                          CONTENT="meer"/>
               </TextLine>
               <TextLine ID="region_1641890242839_1611l32"
                         BASELINE="1168,2696 1277,2690 1386,2684 1495,2678 1604,2675 1713,2672 1822,2669 1931,2666 2040,2666 2149,2664 2258,2664 2367,2664 2476,2662 2585,2662 2694,2662 2803,2662 2912,2662 3021,2662 3130,2660 3239,2660 3348,2658"
                         HEIGHT="114"
                         WIDTH="2210"
                         VPOS="2610"
                         HPOS="1153">
                  <String ID="string_region_1641890242839_1611l32"
                          HEIGHT="114"
                          WIDTH="2210"
                          VPOS="2610"
                          HPOS="1153"
                          CONTENT="ƒ 270:- sijnde van opinie dat dien pant nu weert behoorde te wesen"/>
               </TextLine>
               <TextLine ID="region_1641890242839_1611l33"
                         BASELINE="1158,2784 1265,2777 1372,2770 1479,2766 1586,2761 1694,2758 1801,2756 1908,2754 2015,2752 2122,2752 2230,2752 2337,2752 2444,2752 2551,2752 2658,2752 2766,2752 2873,2754 2980,2754 3087,2754 3194,2754 3302,2754"
                         HEIGHT="149"
                         WIDTH="2176"
                         VPOS="2681"
                         HPOS="1141">
                  <String ID="string_region_1641890242839_1611l33"
                          HEIGHT="149"
                          WIDTH="2176"
                          VPOS="2681"
                          HPOS="1141"
                          CONTENT="omdat naer alle apparentie men noodt een pant met de volle weerde"/>
               </TextLine>
               <TextLine ID="region_1641890242839_1611l34"
                         BASELINE="1160,2868 1269,2864 1378,2860 1487,2856 1596,2852 1705,2850 1814,2846 1923,2844 2032,2842 2141,2840 2250,2838 2359,2838 2468,2838 2577,2836 2686,2838 2795,2838 2904,2838 3013,2840 3122,2842 3231,2845 3340,2848"
                         HEIGHT="129"
                         WIDTH="2211"
                         VPOS="2767"
                         HPOS="1144">
                  <String ID="string_region_1641890242839_1611l34"
                          HEIGHT="129"
                          WIDTH="2211"
                          VPOS="2767"
                          HPOS="1144"
                          CONTENT="heeft belast, sijnde die ƒ 6000:- niet op de 10 ½ bienderen  gelijck"/>
               </TextLine>
               <TextLine ID="region_1641890242839_1611l35"
                         BASELINE="1172,2960 1280,2956 1388,2952 1497,2948 1605,2944 1714,2939 1822,2936 1930,2932 2039,2928 2147,2926 2256,2923 2364,2920 2472,2919 2581,2918 2689,2918 2798,2918 2906,2920 3014,2922 3123,2926 3231,2930 3340,2936"
                         HEIGHT="128"
                         WIDTH="2202"
                         VPOS="2848"
                         HPOS="1155">
                  <String ID="string_region_1641890242839_1611l35"
                          HEIGHT="128"
                          WIDTH="2202"
                          VPOS="2848"
                          HPOS="1155"
                          CONTENT="mons. hilma mij geliefde te segge maer op de elft der selve allen"/>
               </TextLine>
               <TextLine ID="region_1641890242839_1611l36"
                         BASELINE="1178,3046 1287,3042 1397,3038 1506,3033 1616,3030 1725,3026 1835,3022 1944,3019 2054,3016 2163,3013 2273,3010 2382,3008 2492,3007 2601,3006 2711,3004 2820,3004 2930,3004 3039,3004 3149,3004 3258,3006 3368,3008"
                         HEIGHT="155"
                         WIDTH="2224"
                         VPOS="2919"
                         HPOS="1160">
                  <String ID="string_region_1641890242839_1611l36"
                          HEIGHT="155"
                          WIDTH="2224"
                          VPOS="2919"
                          HPOS="1160"
                          CONTENT="belast volgens de brieven soo dat ick aende voorschreven toiuft hillene"/>
               </TextLine>
               <TextLine ID="region_1641890242839_1611l37"
                         BASELINE="1174,3132 1282,3126 1391,3122 1500,3116 1608,3112 1717,3108 1826,3104 1934,3102 2043,3100 2152,3098 2261,3096 2369,3096 2478,3094 2587,3094 2695,3094 2804,3094 2913,3094 3021,3094 3130,3094 3239,3095 3348,3096"
                         HEIGHT="110"
                         WIDTH="2205"
                         VPOS="3042"
                         HPOS="1159">
                  <String ID="string_region_1641890242839_1611l37"
                          HEIGHT="110"
                          WIDTH="2205"
                          VPOS="3042"
                          HPOS="1159"
                          CONTENT="hebbe geproponeert de selve benden in amodiatie voor 12 oft mij"/>
               </TextLine>
               <TextLine ID="region_1641890242839_1611l38"
                         BASELINE="1160,3222 1268,3215 1377,3210 1486,3203 1595,3198 1704,3193 1812,3188 1921,3184 2030,3180 2139,3178 2248,3174 2356,3172 2465,3172 2574,3170 2683,3170 2792,3170 2900,3170 3009,3170 3118,3172 3227,3174 3336,3176"
                         HEIGHT="102"
                         WIDTH="2207"
                         VPOS="3126"
                         HPOS="1143">
                  <String ID="string_region_1641890242839_1611l38"
                          HEIGHT="102"
                          WIDTH="2207"
                          VPOS="3126"
                          HPOS="1143"
                          CONTENT="iaeren over te laeten en dat wij in die prijs wel sullen accordeeren"/>
               </TextLine>
               <TextLine ID="region_1641890242839_1611l39"
                         BASELINE="1172,3304 1278,3298 1384,3293 1490,3288 1596,3282 1702,3277 1808,3271 1914,3267 2020,3263 2126,3259 2232,3256 2338,3252 2444,3250 2550,3250 2656,3248 2762,3248 2868,3250 2974,3252 3080,3256 3186,3261 3292,3266"
                         HEIGHT="140"
                         WIDTH="2152"
                         VPOS="3176"
                         HPOS="1155">
                  <String ID="string_region_1641890242839_1611l39"
                          HEIGHT="140"
                          WIDTH="2152"
                          VPOS="3176"
                          HPOS="1155"
                          CONTENT="en dat daer mede het al de wetelt in den mont can blijven dat het"/>
               </TextLine>
               <TextLine ID="region_1641890242839_1611l40"
                         BASELINE="1164,3382 1273,3375 1382,3369 1491,3362 1600,3358 1709,3352 1818,3346 1927,3343 2036,3340 2145,3335 2254,3332 2363,3330 2472,3328 2581,3326 2690,3326 2799,3326 2908,3326 3017,3326 3126,3328 3235,3329 3344,3332"
                         HEIGHT="145"
                         WIDTH="2211"
                         VPOS="3250"
                         HPOS="1148">
                  <String ID="string_region_1641890242839_1611l40"
                          HEIGHT="145"
                          WIDTH="2211"
                          VPOS="3250"
                          HPOS="1148"
                          CONTENT="sijn eijgen benden sijn. dat ick wel sal de goedenisse doen doch dat het"/>
               </TextLine>
               <TextLine ID="region_1641890242839_1611l41"
                         BASELINE="1172,3466 1281,3458 1391,3452 1501,3446 1611,3441 1721,3436 1830,3431 1940,3428 2050,3424 2160,3420 2270,3418 2379,3416 2489,3414 2599,3414 2709,3414 2819,3414 2928,3414 3038,3416 3148,3418 3258,3422 3368,3426"
                         HEIGHT="126"
                         WIDTH="2227"
                         VPOS="3366"
                         HPOS="1156">
                  <String ID="string_region_1641890242839_1611l41"
                          HEIGHT="126"
                          WIDTH="2227"
                          VPOS="3366"
                          HPOS="1156"
                          CONTENT="salle alle onoodige costen sijn, soo over verhef als andersins, deralven"/>
               </TextLine>
               <TextLine ID="region_1641890242839_1611l42"
                         BASELINE="1172,3558 1281,3547 1390,3536 1499,3528 1608,3521 1718,3514 1827,3510 1936,3505 2045,3502 2154,3499 2264,3496 2373,3496 2482,3494 2591,3494 2700,3494 2810,3493 2919,3492 3028,3492 3137,3492 3246,3490 3356,3490"
                         HEIGHT="136"
                         WIDTH="2216"
                         VPOS="3435"
                         HPOS="1155">
                  <String ID="string_region_1641890242839_1611l42"
                          HEIGHT="136"
                          WIDTH="2216"
                          VPOS="3435"
                          HPOS="1155"
                          CONTENT="dat het aen hun en mij beter wesen sal die in hier oft amodittie"/>
               </TextLine>
               <TextLine ID="region_1641890242839_1611l43"
                         BASELINE="1160,3636 1269,3624 1379,3616 1488,3607 1598,3601 1708,3595 1817,3591 1927,3588 2036,3585 2146,3582 2256,3582 2365,3580 2475,3580 2584,3580 2694,3578 2804,3578 2913,3578 3023,3576 3132,3574 3242,3573 3352,3570"
                         HEIGHT="142"
                         WIDTH="2224"
                         VPOS="3512"
                         HPOS="1144">
                  <String ID="string_region_1641890242839_1611l43"
                          HEIGHT="142"
                          WIDTH="2224"
                          VPOS="3512"
                          HPOS="1144"
                          CONTENT="te aenveerden tot een sivilen prijs dan sullen de costen voorhun"/>
               </TextLine>
               <TextLine ID="region_1641890242839_1611l44"
                         BASELINE="1168,3714 1276,3706 1384,3696 1492,3689 1600,3684 1709,3678 1817,3674 1925,3670 2033,3668 2141,3664 2250,3663 2358,3662 2466,3662 2574,3660 2682,3660 2791,3660 2899,3662 3007,3662 3115,3662 3223,3664 3332,3664"
                         HEIGHT="148"
                         WIDTH="2199"
                         VPOS="3580"
                         HPOS="1150">
                  <String ID="string_region_1641890242839_1611l44"
                          HEIGHT="148"
                          WIDTH="2199"
                          VPOS="3580"
                          HPOS="1150"
                          CONTENT="alreede gedaen hun ten voordeele blijve willende daer niet ander"/>
               </TextLine>
               <TextLine ID="region_1641890242839_1611l45"
                         BASELINE="1168,3786 1275,3780 1383,3774 1490,3769 1598,3764 1706,3760 1813,3756 1921,3754 2028,3751 2136,3749 2244,3748 2351,3746 2459,3744 2566,3744 2674,3744 2782,3742 2889,3742 2997,3742 3104,3742 3212,3742 3320,3742"
                         HEIGHT="129"
                         WIDTH="2186"
                         VPOS="3665"
                         HPOS="1151">
                  <String ID="string_region_1641890242839_1611l45"
                          HEIGHT="129"
                          WIDTH="2186"
                          VPOS="3665"
                          HPOS="1151"
                          CONTENT="in doen als het gene de reden en disiretie onder heerlijcke lieden"/>
               </TextLine>
               <TextLine ID="region_1641890242839_1611l46"
                         BASELINE="1168,3854 1276,3849 1384,3846 1493,3843 1601,3840 1710,3838 1818,3836 1926,3834 2035,3832 2143,3831 2252,3830 2360,3828 2468,3826 2577,3825 2685,3824 2794,3822 2902,3820 3010,3818 3119,3815 3227,3812 3336,3810"
                         HEIGHT="164"
                         WIDTH="2202"
                         VPOS="3745"
                         HPOS="1151">
                  <String ID="string_region_1641890242839_1611l46"
                          HEIGHT="164"
                          WIDTH="2202"
                          VPOS="3745"
                          HPOS="1151"
                          CONTENT="verhijst den coopprijs sijnde £700 vlaems wisselglde te betaelen"/>
               </TextLine>
               <TextLine ID="region_1641890242839_1611l47"
                         BASELINE="1160,3938 1266,3932 1372,3928 1479,3924 1585,3922 1692,3920 1798,3918 1904,3916 2011,3916 2117,3914 2224,3914 2330,3914 2436,3912 2543,3910 2649,3909 2756,3906 2862,3904 2968,3901 3075,3896 3181,3892 3288,3884"
                         HEIGHT="139"
                         WIDTH="2161"
                         VPOS="3823"
                         HPOS="1143">
                  <String ID="string_region_1641890242839_1611l47"
                          HEIGHT="139"
                          WIDTH="2161"
                          VPOS="3823"
                          HPOS="1143"
                          CONTENT="binnen antwerpen suijver gelt nemende den cooper tot sijne"/>
               </TextLine>
               <TextLine ID="region_1641890242839_1611l48"
                         BASELINE="1176,4026 1283,4022 1390,4018 1497,4016 1604,4012 1712,4010 1819,4008 1926,4006 2033,4003 2140,4002 2248,4000 2355,3998 2462,3996 2569,3994 2676,3994 2784,3992 2891,3992 2998,3990 3105,3990 3212,3988 3320,3988"
                         HEIGHT="168"
                         WIDTH="2177"
                         VPOS="3878"
                         HPOS="1159">
                  <String ID="string_region_1641890242839_1611l48"
                          HEIGHT="168"
                          WIDTH="2177"
                          VPOS="3878"
                          HPOS="1159"
                          CONTENT="alle andere oncosten soo van verhet goedenisse als andersntt"/>
               </TextLine>
               <TextLine ID="region_1641890242839_1611l49"
                         BASELINE="1148,4106 1258,4104 1369,4101 1480,4098 1591,4096 1702,4093 1812,4090 1923,4088 2034,4086 2145,4084 2256,4082 2366,4080 2477,4080 2588,4080 2699,4078 2810,4080 2920,4080 3031,4082 3142,4084 3253,4086 3364,4090"
                         HEIGHT="119"
                         WIDTH="2248"
                         VPOS="3995"
                         HPOS="1131">
                  <String ID="string_region_1641890242839_1611l49"
                          HEIGHT="119"
                          WIDTH="2248"
                          VPOS="3995"
                          HPOS="1131"
                          CONTENT="waeronder moet begrepen worden de cortagie aen ul, bovendien"/>
               </TextLine>
               <TextLine ID="region_1641890242839_1611l50"
                         BASELINE="1156,4184 1265,4182 1374,4180 1483,4178 1592,4177 1701,4176 1810,4174 1919,4172 2028,4170 2137,4168 2246,4168 2355,4166 2464,4164 2573,4164 2682,4162 2791,4162 2900,4162 3009,4162 3118,4162 3227,4162 3336,4162"
                         HEIGHT="108"
                         WIDTH="2214"
                         VPOS="4085"
                         HPOS="1139">
                  <String ID="string_region_1641890242839_1611l50"
                          HEIGHT="108"
                          WIDTH="2214"
                          VPOS="4085"
                          HPOS="1139"
                          CONTENT="de hure pacht ofte weerde vant gras tot den dagh van de goederiste"/>
               </TextLine>
               <TextLine ID="region_1641890242839_1611l51"
                         BASELINE="1164,4268 1273,4266 1382,4264 1492,4262 1601,4260 1711,4258 1820,4256 1929,4254 2039,4252 2148,4250 2258,4250 2367,4248 2476,4246 2586,4244 2695,4243 2805,4242 2914,4240 3023,4239 3133,4238 3242,4236 3352,4236"
                         HEIGHT="135"
                         WIDTH="2220"
                         VPOS="4162"
                         HPOS="1148">
                  <String ID="string_region_1641890242839_1611l51"
                          HEIGHT="135"
                          WIDTH="2220"
                          VPOS="4162"
                          HPOS="1148"
                          CONTENT="om dat ick niet en verstaen dat sij comen profiteeren voor alheer"/>
               </TextLine>
               <TextLine ID="region_1641890242839_1611l52"
                         BASELINE="1164,4338 1269,4336 1375,4334 1481,4332 1587,4330 1693,4328 1798,4326 1904,4324 2010,4322 2116,4322 2222,4320 2327,4320 2433,4318 2539,4318 2645,4318 2751,4318 2856,4318 2962,4320 3068,4322 3174,4324 3280,4326"
                         HEIGHT="127"
                         WIDTH="2149"
                         VPOS="4245"
                         HPOS="1148">
                  <String ID="string_region_1641890242839_1611l52"
                          HEIGHT="127"
                          WIDTH="2149"
                          VPOS="4245"
                          HPOS="1148"
                          CONTENT="dat de goedenisse geschiel is gelijck men in vercoop van alle"/>
               </TextLine>
               <TextLine ID="region_1641890242839_1611l53"
                         BASELINE="1180,4412 1289,4407 1398,4402 1507,4400 1616,4398 1726,4396 1835,4396 1944,4396 2053,4396 2162,4396 2272,4396 2381,4398 2490,4398 2599,4398 2708,4396 2818,4396 2927,4394 3036,4392 3145,4388 3254,4383 3364,4376"
                         HEIGHT="150"
                         WIDTH="2214"
                         VPOS="4283"
                         HPOS="1165">
                  <String ID="string_region_1641890242839_1611l53"
                          HEIGHT="150"
                          WIDTH="2214"
                          VPOS="4283"
                          HPOS="1165"
                          CONTENT="handen gewon is te doen ten sij laken sulckx wort uijt gesteken"/>
               </TextLine>
               <TextLine ID="region_1641890242839_1611l54"
                         BASELINE="1174,4462 1196,4468"
                         HEIGHT="52"
                         WIDTH="63"
                         VPOS="4421"
                         HPOS="1157">
                  <String ID="string_region_1641890242839_1611l54"
                          HEIGHT="52"
                          WIDTH="63"
                          VPOS="4421"
                          HPOS="1157"
                          CONTENT="12"/>
               </TextLine>
               <TextLine ID="region_1641890242839_1611l55"
                         BASELINE="1174,4474 1283,4472 1392,4470 1501,4468 1610,4468 1719,4468 1828,4468 1937,4470 2046,4470 2155,4472 2265,4472 2374,4472 2483,4472 2592,4472 2701,4472 2810,4470 2919,4468 3028,4464 3137,4460 3246,4455 3356,4448"
                         HEIGHT="100"
                         WIDTH="2213"
                         VPOS="4407"
                         HPOS="1159">
                  <String ID="string_region_1641890242839_1611l55"
                          HEIGHT="100"
                          WIDTH="2213"
                          VPOS="4407"
                          HPOS="1159"
                          CONTENT="van de10 pattacons moet niet gemelt woorden, gelieft de moey ter temenen"/>
               </TextLine>
            </TextBlock>
            <TextBlock ID="region_1641890252007_1614"
                       HEIGHT="4405"
                       WIDTH="2561"
                       VPOS="170"
                       HPOS="3399">
               <Shape>
                  <Polygon POINTS="3399,170 5960,170 5960,4575 3399,4575"/>
               </Shape>
               <TextLine ID="region_1641890252007_1614l1"
                         BASELINE="3536,236 3657,234 3778,232 3899,230 4020,228 4142,228 4263,230 4384,230 4505,232 4626,234 4748,236 4869,238 4990,240 5111,242 5232,245 5354,246 5475,248 5596,250 5717,250 5838,250 5960,250"
                         HEIGHT="172"
                         WIDTH="2457"
                         VPOS="131"
                         HPOS="3520">
                  <String ID="string_region_1641890252007_1614l1"
                          HEIGHT="172"
                          WIDTH="2457"
                          VPOS="131"
                          HPOS="3520"
                          CONTENT="venhen te peck, on det e p 2 ge et at seraee  mijt 23"/>
               </TextLine>
               <TextLine ID="region_1641890252007_1614l2"
                         BASELINE="3536,314 3652,309 3769,306 3886,303 4003,302 4120,302 4236,302 4353,304 4470,306 4587,308 4704,310 4820,314 4937,316 5054,320 5171,322 5288,326 5404,326 5521,328 5638,328 5755,328 5872,326"
                         HEIGHT="118"
                         WIDTH="2367"
                         VPOS="250"
                         HPOS="3521">
                  <String ID="string_region_1641890252007_1614l2"
                          HEIGHT="118"
                          WIDTH="2367"
                          VPOS="250"
                          HPOS="3521"
                          CONTENT="gevoegelijck can geschieden sonder weten van een ander dan dat alle die"/>
               </TextLine>
               <TextLine ID="region_1641890252007_1614l3"
                         BASELINE="3530,404 3635,400 3740,395 3845,392 3950,390 4056,390 4161,388 4266,390 4371,390 4476,392 4582,394 4687,396 4792,398 4897,400 5002,402 5108,404 5213,406 5318,406 5423,406 5528,406 5634,404"
                         HEIGHT="127"
                         WIDTH="2137"
                         VPOS="326"
                         HPOS="3513">
                  <String ID="string_region_1641890252007_1614l3"
                          HEIGHT="127"
                          WIDTH="2137"
                          VPOS="326"
                          HPOS="3513"
                          CONTENT="costen worden gedaen daer het evenwel toecomen sal blijve."/>
               </TextLine>
               <TextLine ID="region_1641890252007_1614l4"
                         BASELINE="3404,506 3442,500 3481,495 3519,491 3558,487 3597,483 3635,481 3674,480 3712,478 3751,476 3790,475 3828,474 3867,474 3905,474 3944,474 3983,474 4021,474 4060,474 4098,474 4137,474 4176,474"
                         HEIGHT="171"
                         WIDTH="809"
                         VPOS="381"
                         HPOS="3384">
                  <String ID="string_region_1641890252007_1614l4"
                          HEIGHT="171"
                          WIDTH="809"
                          VPOS="381"
                          HPOS="3384"
                          CONTENT="brussel Anthonij rousseau"/>
               </TextLine>
               <TextLine ID="region_1641890252007_1614l5"
                         BASELINE="5422,494 5447,494 5472,494 5497,494 5522,494 5547,494 5572,494 5597,494 5622,496 5647,496 5672,496 5697,496 5722,496 5747,496 5772,494 5797,494 5822,494 5847,492 5872,492"
                         HEIGHT="163"
                         WIDTH="480"
                         VPOS="390"
                         HPOS="5407">
                  <String ID="string_region_1641890252007_1614l5"
                          HEIGHT="163"
                          WIDTH="480"
                          VPOS="390"
                          HPOS="5407"
                          CONTENT="19 Juny 1696"/>
               </TextLine>
               <TextLine ID="region_1641890252007_1614l6"
                         BASELINE="3518,558 3639,552 3760,546 3881,543 4002,540 4124,540 4245,539 4366,540 4487,542 4608,544 4730,548 4851,550 4972,554 5093,558 5214,563 5336,568 5457,571 5578,574 5699,578 5820,580 5942,582"
                         HEIGHT="182"
                         WIDTH="2458"
                         VPOS="453"
                         HPOS="3501">
                  <String ID="string_region_1641890252007_1614l6"
                          HEIGHT="182"
                          WIDTH="2458"
                          VPOS="453"
                          HPOS="3501"
                          CONTENT="le 14 courtestoit a vre grace maderniere depuis rien de vous iay regotie a hier"/>
               </TextLine>
               <TextLine ID="region_1641890252007_1614l7"
                         BASELINE="3520,636 3641,631 3763,626 3884,624 4006,622 4127,622 4249,624 4370,626 4492,630 4613,634 4735,638 4856,642 4978,648 5099,652 5221,656 5342,660 5464,664 5585,666 5707,668 5828,668 5950,668"
                         HEIGHT="123"
                         WIDTH="2460"
                         VPOS="567"
                         HPOS="3505">
                  <String ID="string_region_1641890252007_1614l7"
                          HEIGHT="123"
                          WIDTH="2460"
                          VPOS="567"
                          HPOS="3505"
                          CONTENT="vos remises sur imborgh faisant ensemble &amp; 900 a 43 b lubs 1209 3 daelders"/>
               </TextLine>
               <TextLine ID="region_1641890252007_1614l8"
                         BASELINE="3528,718 3649,713 3770,708 3891,706 4012,706 4133,708 4254,710 4375,712 4496,717 4617,722 4738,726 4859,732 4980,737 5101,742 5222,747 5343,752 5464,755 5585,758 5706,758 5827,758 5948,758"
                         HEIGHT="170"
                         WIDTH="2450"
                         VPOS="611"
                         HPOS="3513">
                  <String ID="string_region_1641890252007_1614l8"
                          HEIGHT="170"
                          WIDTH="2450"
                          VPOS="611"
                          HPOS="3513"
                          CONTENT="a 66 e vous credite pour £332:11:7 on me demant les secondes et on fait"/>
               </TextLine>
               <TextLine ID="region_1641890252007_1614l9"
                         BASELINE="3516,810 3635,804 3755,798 3875,796 3995,794 4115,794 4234,796 4354,800 4474,803 4594,808 4714,812 4833,818 4953,824 5073,828 5193,834 5313,839 5432,842 5552,846 5672,848 5792,848 5912,848"
                         HEIGHT="169"
                         WIDTH="2431"
                         VPOS="733"
                         HPOS="3498">
                  <String ID="string_region_1641890252007_1614l9"
                          HEIGHT="169"
                          WIDTH="2431"
                          VPOS="733"
                          HPOS="3498"
                          CONTENT="de difficulte pour les deux sur lebecgy a chose que non l'addresse a Amborgh"/>
               </TextLine>
               <TextLine ID="region_1641890252007_1614l10"
                         BASELINE="3536,898 3656,896 3776,894 3896,894 4016,894 4137,894 4257,896 4377,898 4497,900 4617,903 4738,906 4858,909 4978,912 5098,916 5218,918 5339,922 5459,924 5579,926 5699,928 5819,930 5940,930"
                         HEIGHT="119"
                         WIDTH="2440"
                         VPOS="845"
                         HPOS="3518">
                  <String ID="string_region_1641890252007_1614l10"
                          HEIGHT="119"
                          WIDTH="2440"
                          VPOS="845"
                          HPOS="3518"
                          CONTENT="cependent ie vous prie de procurer les secondes et commander en toutes occasions"/>
               </TextLine>
               <TextLine ID="region_1641890252007_1614l11"
                         BASELINE="3508,1006 3589,1000 3670,996 3751,992 3832,990 3913,988 3994,988 4075,988 4156,990 4237,990 4319,992 4400,993 4481,994 4562,996 4643,998 4724,998 4805,1000 4886,1000 4967,998 5048,997 5130,994"
                         HEIGHT="154"
                         WIDTH="1654"
                         VPOS="904"
                         HPOS="3492">
                  <String ID="string_region_1641890252007_1614l11"
                          HEIGHT="154"
                          WIDTH="1654"
                          VPOS="904"
                          HPOS="3492"
                          CONTENT="avec addresse du payemant a Amborgh ie suis"/>
               </TextLine>
               <TextLine ID="region_1641890252007_1614l12"
                         BASELINE="5486,1014 5511,1012 5536,1010 5561,1011 5586,1010"
                         HEIGHT="90"
                         WIDTH="132"
                         VPOS="950"
                         HPOS="5469">
                  <String ID="string_region_1641890252007_1614l12"
                          HEIGHT="90"
                          WIDTH="132"
                          VPOS="950"
                          HPOS="5469"
                          CONTENT="da"/>
               </TextLine>
               <TextLine ID="region_1641890252007_1614l13"
                         BASELINE="5384,1068 5412,1065 5440,1064 5468,1065 5496,1066 5524,1066 5552,1066 5580,1064"
                         HEIGHT="83"
                         WIDTH="228"
                         VPOS="1014"
                         HPOS="5367">
                  <String ID="string_region_1641890252007_1614l13"
                          HEIGHT="83"
                          WIDTH="228"
                          VPOS="1014"
                          HPOS="5367"
                          CONTENT="22d"/>
               </TextLine>
               <TextLine ID="region_1641890252007_1614l14"
                         BASELINE="3414,1098 3454,1094 3494,1091 3534,1088 3574,1086 3614,1085 3654,1084 3694,1083 3734,1082 3774,1082 3815,1082 3855,1082 3895,1082 3935,1082 3975,1082 4015,1082 4055,1082 4095,1082 4135,1080 4175,1080 4216,1078"
                         HEIGHT="136"
                         WIDTH="835"
                         VPOS="993"
                         HPOS="3397">
                  <String ID="string_region_1641890252007_1614l14"
                          HEIGHT="136"
                          WIDTH="835"
                          VPOS="993"
                          HPOS="3397"
                          CONTENT="urnhout Jan Baps: robert"/>
               </TextLine>
               <TextLine ID="region_1641890252007_1614l15"
                         BASELINE="3512,1162 3633,1156 3755,1154 3876,1152 3998,1152 4120,1154 4241,1155 4363,1158 4484,1162 4606,1166 4728,1170 4849,1174 4971,1178 5092,1182 5214,1185 5336,1188 5457,1190 5579,1190 5700,1188 5822,1186 5944,1182"
                         HEIGHT="171"
                         WIDTH="2464"
                         VPOS="1047"
                         HPOS="3497">
                  <String ID="string_region_1641890252007_1614l15"
                          HEIGHT="171"
                          WIDTH="2464"
                          VPOS="1047"
                          HPOS="3497"
                          CONTENT="ick hebbe volgens ul ordre van 31 passato de ƒ660: betaelt in voldoeninge"/>
               </TextLine>
               <TextLine ID="region_1641890252007_1614l16"
                         BASELINE="3494,1236 3616,1234 3739,1232 3862,1233 3985,1234 4108,1236 4231,1238 4354,1242 4477,1246 4600,1250 4723,1254 4845,1258 4968,1263 5091,1268 5214,1272 5337,1276 5460,1280 5583,1282 5706,1284 5829,1286 5952,1286"
                         HEIGHT="123"
                         WIDTH="2493"
                         VPOS="1194"
                         HPOS="3477">
                  <String ID="string_region_1641890252007_1614l16"
                          HEIGHT="123"
                          WIDTH="2493"
                          VPOS="1194"
                          HPOS="3477"
                          CONTENT="vant het gene ick ul schuldich ben ick val ul moeijelijck voor iemant van"/>
               </TextLine>
               <TextLine ID="region_1641890252007_1614l17"
                         BASELINE="3508,1324 3626,1322 3745,1320 3864,1320 3983,1322 4102,1324 4220,1326 4339,1329 4458,1332 4577,1336 4696,1340 4814,1344 4933,1348 5052,1352 5171,1356 5290,1360 5408,1362 5527,1364 5646,1366 5765,1366 5884,1366"
                         HEIGHT="164"
                         WIDTH="2410"
                         VPOS="1269"
                         HPOS="3491">
                  <String ID="string_region_1641890252007_1614l17"
                          HEIGHT="164"
                          WIDTH="2410"
                          VPOS="1269"
                          HPOS="3491"
                          CONTENT="mijn vrinden daer ick seer aen verobligeert ben en sende ul beneffens een "/>
               </TextLine>
               <TextLine ID="region_1641890252007_1614l18"
                         BASELINE="3516,1410 3637,1408 3759,1408 3880,1408 4002,1410 4123,1412 4245,1414 4366,1418 4488,1420 4609,1426 4731,1430 4852,1433 4974,1438 5095,1442 5217,1445 5338,1448 5460,1450 5581,1452 5703,1452 5824,1452 5946,1452"
                         HEIGHT="144"
                         WIDTH="2464"
                         VPOS="1350"
                         HPOS="3498">
                  <String ID="string_region_1641890252007_1614l18"
                          HEIGHT="144"
                          WIDTH="2464"
                          VPOS="1350"
                          HPOS="3498"
                          CONTENT="luck serverte sijn waert het welck op het alderspoedichtichste gelieft te doen"/>
               </TextLine>
               <TextLine ID="region_1641890252007_1614l19"
                         BASELINE="3532,1520 3646,1514 3760,1508 3874,1506 3989,1504 4103,1504 4217,1506 4332,1508 4446,1512 4560,1516 4675,1520 4789,1525 4903,1530 5017,1534 5132,1538 5246,1540 5360,1542 5475,1542 5589,1542 5703,1539 5818,1534"
                         HEIGHT="127"
                         WIDTH="2320"
                         VPOS="1441"
                         HPOS="3514">
                  <String ID="string_region_1641890252007_1614l19"
                          HEIGHT="127"
                          WIDTH="2320"
                          VPOS="1441"
                          HPOS="3514"
                          CONTENT="blijcken tweemael melcken en soo wit te doen als mogelijck is"/>
               </TextLine>
               <TextLine ID="region_1641890252007_1614l20"
                         BASELINE="3506,1614 3626,1608 3746,1604 3866,1601 3987,1600 4107,1600 4227,1602 4348,1604 4468,1608 4588,1612 4709,1616 4829,1620 4949,1624 5069,1628 5190,1631 5310,1634 5430,1635 5551,1636 5671,1634 5791,1632 5912,1626"
                         HEIGHT="198"
                         WIDTH="2440"
                         VPOS="1506"
                         HPOS="3489">
                  <String ID="string_region_1641890252007_1614l20"
                          HEIGHT="198"
                          WIDTH="2440"
                          VPOS="1506"
                          HPOS="3489"
                          CONTENT="want ick daer van heere moet behaelen het gene ick versoecke gelieft te"/>
               </TextLine>
               <TextLine ID="region_1641890252007_1614l21"
                         BASELINE="3508,1710 3568,1706 3628,1702 3689,1699 3749,1697 3810,1696 3870,1694 3930,1694 3991,1694 4051,1694 4112,1696 4172,1696 4232,1698 4293,1700 4353,1702 4414,1704 4474,1705 4534,1708 4595,1709 4655,1711 4716,1712"
                         HEIGHT="181"
                         WIDTH="1240"
                         VPOS="1593"
                         HPOS="3493">
                  <String ID="string_region_1641890252007_1614l21"
                          HEIGHT="181"
                          WIDTH="1240"
                          VPOS="1593"
                          HPOS="3493"
                          CONTENT="doen. versoecke op sondagh antwort"/>
               </TextLine>
               <TextLine ID="region_1641890252007_1614l22"
                         BASELINE="3428,1792 3456,1788 3485,1784 3513,1781 3542,1778 3571,1776 3599,1775 3628,1773 3656,1772 3685,1770 3714,1770 3742,1770 3771,1768 3799,1768 3828,1768 3857,1766 3885,1766 3914,1765 3942,1763 3971,1762 4000,1760"
                         HEIGHT="151"
                         WIDTH="609"
                         VPOS="1676"
                         HPOS="3407">
                  <String ID="string_region_1641890252007_1614l22"
                          HEIGHT="151"
                          WIDTH="609"
                          VPOS="1676"
                          HPOS="3407"
                          CONTENT="brussel guill Walravens"/>
               </TextLine>
               <TextLine ID="region_1641890252007_1614l23"
                         BASELINE="5444,1768 5472,1774 5500,1776 5528,1776 5556,1774 5584,1773 5612,1772"
                         HEIGHT="107"
                         WIDTH="196"
                         VPOS="1691"
                         HPOS="5430">
                  <String ID="string_region_1641890252007_1614l23"
                          HEIGHT="107"
                          WIDTH="196"
                          VPOS="1691"
                          HPOS="5430"
                          CONTENT="22d"/>
               </TextLine>
               <TextLine ID="region_1641890252007_1614l24"
                         BASELINE="3512,1840 3631,1840 3750,1842 3869,1842 3988,1844 4107,1846 4226,1848 4345,1850 4464,1852 4583,1854 4702,1857 4821,1860 4940,1862 5059,1864 5178,1866 5297,1868 5416,1871 5535,1872 5654,1874 5773,1876 5892,1876"
                         HEIGHT="177"
                         WIDTH="2411"
                         VPOS="1731"
                         HPOS="3497">
                  <String ID="string_region_1641890252007_1614l24"
                          HEIGHT="177"
                          WIDTH="2411"
                          VPOS="1731"
                          HPOS="3497"
                          CONTENT="in antwort aenden ul van 20 deser ingesloten eenige staelen van courieus goet"/>
               </TextLine>
               <TextLine ID="region_1641890252007_1614l25"
                         BASELINE="3516,1926 3637,1921 3759,1918 3880,1918 4002,1918 4123,1920 4245,1922 4366,1926 4488,1930 4609,1934 4731,1940 4852,1944 4974,1947 5095,1951 5217,1954 5338,1956 5460,1956 5581,1954 5703,1952 5824,1948 5946,1940"
                         HEIGHT="147"
                         WIDTH="2464"
                         VPOS="1865"
                         HPOS="3500">
                  <String ID="string_region_1641890252007_1614l25"
                          HEIGHT="147"
                          WIDTH="2464"
                          VPOS="1865"
                          HPOS="3500"
                          CONTENT="superfijne peeirle couleure en grijse hebbe ick genoch ick hebbe maer 7 witte flamll"/>
               </TextLine>
               <TextLine ID="region_1641890252007_1614l26"
                         BASELINE="3508,2010 3627,2008 3747,2008 3867,2008 3987,2010 4107,2012 4226,2014 4346,2016 4466,2018 4586,2022 4706,2025 4825,2028 4945,2031 5065,2034 5185,2036 5305,2038 5424,2038 5544,2038 5664,2038 5784,2036 5904,2034"
                         HEIGHT="122"
                         WIDTH="2427"
                         VPOS="1941"
                         HPOS="3493">
                  <String ID="string_region_1641890252007_1614l26"
                          HEIGHT="122"
                          WIDTH="2427"
                          VPOS="1941"
                          HPOS="3493"
                          CONTENT="meer dan wel 25 couleuren van d'een en dander sijn hier oock staelen met de"/>
               </TextLine>
               <TextLine ID="region_1641890252007_1614l27"
                         BASELINE="3512,2106 3632,2100 3752,2096 3872,2094 3993,2092 4113,2093 4233,2094 4354,2098 4474,2100 4594,2104 4715,2109 4835,2112 4955,2117 5075,2122 5196,2124 5316,2127 5436,2128 5557,2130 5677,2128 5797,2126 5918,2122"
                         HEIGHT="160"
                         WIDTH="2437"
                         VPOS="2040"
                         HPOS="3497">
                  <String ID="string_region_1641890252007_1614l27"
                          HEIGHT="160"
                          WIDTH="2437"
                          VPOS="2040"
                          HPOS="3497"
                          CONTENT="minste prijse sonder af te dingen voorders is het lest gearriveert versgoet meest"/>
               </TextLine>
               <TextLine ID="region_1641890252007_1614l28"
                         BASELINE="3506,2188 3597,2184 3688,2180 3779,2178 3870,2178 3961,2178 4052,2178 4143,2180 4234,2182 4325,2186 4417,2188 4508,2192 4599,2195 4690,2198 4781,2202 4872,2205 4963,2207 5054,2210 5145,2210 5236,2212 5328,2210"
                         HEIGHT="120"
                         WIDTH="1855"
                         VPOS="2126"
                         HPOS="3491">
                  <String ID="string_region_1641890252007_1614l28"
                          HEIGHT="120"
                          WIDTH="1855"
                          VPOS="2126"
                          HPOS="3491"
                          CONTENT="vercocht iets anders tot ul dienst commandeert die blijve."/>
               </TextLine>
               <TextLine ID="region_1641890252007_1614l29"
                         BASELINE="3520,2254 3635,2252 3750,2250 3866,2250 3981,2252 4097,2254 4212,2256 4327,2260 4443,2263 4558,2268 4674,2271 4789,2274 4904,2278 5020,2283 5135,2286 5251,2290 5366,2292 5481,2294 5597,2294 5712,2294 5828,2292"
                         HEIGHT="122"
                         WIDTH="2342"
                         VPOS="2211"
                         HPOS="3505">
                  <String ID="string_region_1641890252007_1614l29"
                          HEIGHT="122"
                          WIDTH="2342"
                          VPOS="2211"
                          HPOS="3505"
                          CONTENT="No° 621 a ƒ 4:8. 110 a 3:15. 593 a 5:10. 504 a 3:10. 98 a 3:18. 109 a 3:9"/>
               </TextLine>
               <TextLine ID="region_1641890252007_1614l30"
                         BASELINE="3672,2310 3709,2310 3747,2310 3785,2310 3823,2312 3861,2313 3898,2314 3936,2316 3974,2317 4012,2318 4050,2320 4087,2320 4125,2322 4163,2322 4201,2324 4239,2324 4276,2324 4314,2324 4352,2322 4390,2322 4428,2320"
                         HEIGHT="111"
                         WIDTH="788"
                         VPOS="2260"
                         HPOS="3657">
                  <String ID="string_region_1641890252007_1614l30"
                          HEIGHT="111"
                          WIDTH="788"
                          VPOS="2260"
                          HPOS="3657"
                          CONTENT="87 „ 4:5. 558„ 3:15"/>
               </TextLine>
               <TextLine ID="region_1641890252007_1614l31"
                         BASELINE="3432,2384 3457,2379 3482,2378 3507,2377 3532,2375 3557,2374 3583,2374 3608,2374 3633,2374 3658,2375 3683,2376 3708,2376 3734,2376 3759,2378 3784,2378 3809,2379 3834,2380 3860,2380"
                         HEIGHT="148"
                         WIDTH="458"
                         VPOS="2267"
                         HPOS="3417">
                  <String ID="string_region_1641890252007_1614l31"
                          HEIGHT="148"
                          WIDTH="458"
                          VPOS="2267"
                          HPOS="3417"
                          CONTENT="bussel pierre bion"/>
               </TextLine>
               <TextLine ID="region_1641890252007_1614l32"
                         BASELINE="4056,2380 4086,2378 4116,2376"
                         HEIGHT="80"
                         WIDTH="96"
                         VPOS="2329"
                         HPOS="4037">
                  <String ID="string_region_1641890252007_1614l32"
                          HEIGHT="80"
                          WIDTH="96"
                          VPOS="2329"
                          HPOS="4037"
                          CONTENT="56"/>
               </TextLine>
               <TextLine ID="region_1641890252007_1614l33"
                         BASELINE="5374,2386 5402,2388 5430,2390 5458,2390 5486,2390 5514,2388 5542,2386"
                         HEIGHT="138"
                         WIDTH="199"
                         VPOS="2296"
                         HPOS="5358">
                  <String ID="string_region_1641890252007_1614l33"
                          HEIGHT="138"
                          WIDTH="199"
                          VPOS="2296"
                          HPOS="5358"
                          CONTENT="29 d."/>
               </TextLine>
               <TextLine ID="region_1641890252007_1614l34"
                         BASELINE="3486,2444 3604,2440 3723,2436 3842,2436 3961,2434 4080,2436 4198,2436 4317,2438 4436,2442 4555,2444 4674,2447 4792,2450 4911,2454 5030,2456 5149,2458 5268,2460 5386,2462 5505,2462 5624,2462 5743,2461 5862,2458"
                         HEIGHT="163"
                         WIDTH="2408"
                         VPOS="2332"
                         HPOS="3470">
                  <String ID="string_region_1641890252007_1614l34"
                          HEIGHT="163"
                          WIDTH="2408"
                          VPOS="2332"
                          HPOS="3470"
                          CONTENT="ul brief van 14 meert lest leden is mij ten sijne tijde geworden beneffens den"/>
               </TextLine>
               <TextLine ID="region_1641890252007_1614l35"
                         BASELINE="3504,2526 3620,2522 3737,2520 3854,2518 3971,2516 4088,2516 4205,2516 4322,2516 4439,2518 4556,2518 4673,2520 4789,2522 4906,2524 5023,2528 5140,2530 5257,2532 5374,2536 5491,2538 5608,2540 5725,2543 5842,2546"
                         HEIGHT="151"
                         WIDTH="2371"
                         VPOS="2431"
                         HPOS="3487">
                  <String ID="string_region_1641890252007_1614l35"
                          HEIGHT="151"
                          WIDTH="2371"
                          VPOS="2431"
                          HPOS="3487"
                          CONTENT="wisselbrief ten laste pieter vallijn terugge disponeert van uwe oncosten ten"/>
               </TextLine>
               <TextLine ID="region_1641890252007_1614l36"
                         BASELINE="3504,2606 3625,2608 3746,2608 3867,2608 3988,2608 4109,2608 4230,2608 4351,2608 4472,2608 4593,2608 4715,2608 4836,2608 4957,2610 5078,2610 5199,2612 5320,2614 5441,2617 5562,2620 5683,2624 5804,2628 5926,2634"
                         HEIGHT="133"
                         WIDTH="2453"
                         VPOS="2551"
                         HPOS="3490">
                  <String ID="string_region_1641890252007_1614l36"
                          HEIGHT="133"
                          WIDTH="2453"
                          VPOS="2551"
                          HPOS="3490"
                          CONTENT="waere de selve van voorschreven vallijn hadt comen recipereren. ick hebbe"/>
               </TextLine>
               <TextLine ID="region_1641890252007_1614l37"
                         BASELINE="3504,2698 3625,2696 3746,2694 3867,2692 3988,2692 4110,2692 4231,2694 4352,2695 4473,2697 4594,2700 4716,2702 4837,2704 4958,2708 5079,2710 5200,2714 5322,2716 5443,2718 5564,2720 5685,2722 5806,2722 5928,2724"
                         HEIGHT="146"
                         WIDTH="2456"
                         VPOS="2639"
                         HPOS="3488">
                  <String ID="string_region_1641890252007_1614l37"
                          HEIGHT="146"
                          WIDTH="2456"
                          VPOS="2639"
                          HPOS="3488"
                          CONTENT="5½ biender bems gelegen heppingem bij mechelen sijn seen roedich onder de leen"/>
               </TextLine>
               <TextLine ID="region_1641890252007_1614l38"
                         BASELINE="3492,2782 3611,2780 3730,2778 3850,2776 3969,2776 4089,2776 4208,2778 4327,2780 4447,2782 4566,2784 4686,2788 4805,2791 4924,2794 5044,2796 5163,2800 5283,2802 5402,2804 5521,2806 5641,2808 5760,2808 5880,2808"
                         HEIGHT="113"
                         WIDTH="2419"
                         VPOS="2716"
                         HPOS="3477">
                  <String ID="string_region_1641890252007_1614l38"
                          HEIGHT="113"
                          WIDTH="2419"
                          VPOS="2716"
                          HPOS="3477"
                          CONTENT="hoven van brabant ick hebbe die mondelinck vercocht op 16 April lest leden"/>
               </TextLine>
               <TextLine ID="region_1641890252007_1614l39"
                         BASELINE="3498,2864 3618,2864 3739,2862 3860,2864 3981,2864 4102,2866 4222,2868 4343,2870 4464,2872 4585,2874 4706,2878 4826,2881 4947,2884 5068,2886 5189,2889 5310,2892 5430,2893 5551,2894 5672,2894 5793,2895 5914,2894"
                         HEIGHT="151"
                         WIDTH="2448"
                         VPOS="2801"
                         HPOS="3484">
                  <String ID="string_region_1641890252007_1614l39"
                          HEIGHT="151"
                          WIDTH="2448"
                          VPOS="2801"
                          HPOS="3484"
                          CONTENT="aen eenen inwonder tot mechelen die voor de brigade vanden coop 10 pattrons"/>
               </TextLine>
               <TextLine ID="region_1641890252007_1614l40"
                         BASELINE="3492,2954 3609,2950 3727,2948 3845,2946 3962,2946 4080,2946 4198,2948 4315,2948 4433,2950 4551,2954 4669,2956 4786,2960 4904,2962 5022,2966 5139,2968 5257,2970 5375,2972 5492,2974 5610,2976 5728,2976 5846,2976"
                         HEIGHT="120"
                         WIDTH="2383"
                         VPOS="2875"
                         HPOS="3477">
                  <String ID="string_region_1641890252007_1614l40"
                          HEIGHT="120"
                          WIDTH="2383"
                          VPOS="2875"
                          HPOS="3477"
                          CONTENT="heeft gegeven den cooprijs sijn £ 700:- wisselgelde sedert hebbe ick een voyagie"/>
               </TextLine>
               <TextLine ID="region_1641890252007_1614l41"
                         BASELINE="3490,3044 3610,3039 3731,3035 3852,3032 3973,3030 4094,3030 4215,3030 4336,3032 4457,3033 4578,3035 4699,3038 4819,3040 4940,3044 5061,3047 5182,3050 5303,3053 5424,3056 5545,3058 5666,3058 5787,3058 5908,3058"
                         HEIGHT="111"
                         WIDTH="2452"
                         VPOS="2980"
                         HPOS="3474">
                  <String ID="string_region_1641890252007_1614l41"
                          HEIGHT="111"
                          WIDTH="2452"
                          VPOS="2980"
                          HPOS="3474"
                          CONTENT="gedaen soo dat de goedenisse oft betaelinge van peningen tot noch toe noch"/>
               </TextLine>
               <TextLine ID="region_1641890252007_1614l42"
                         BASELINE="3488,3126 3609,3122 3730,3118 3851,3116 3972,3114 4094,3114 4215,3114 4336,3116 4457,3116 4578,3119 4700,3122 4821,3126 4942,3128 5063,3132 5184,3136 5306,3140 5427,3144 5548,3146 5669,3149 5790,3152 5912,3154"
                         HEIGHT="117"
                         WIDTH="2457"
                         VPOS="3074"
                         HPOS="3471">
                  <String ID="string_region_1641890252007_1614l42"
                          HEIGHT="117"
                          WIDTH="2457"
                          VPOS="3074"
                          HPOS="3471"
                          CONTENT="niet en is geschiet, waer toe den cooper seer presseert, het is nu soo dat salble"/>
               </TextLine>
               <TextLine ID="region_1641890252007_1614l43"
                         BASELINE="3504,3210 3622,3206 3741,3203 3859,3200 3978,3200 4096,3200 4215,3200 4333,3202 4452,3202 4570,3206 4689,3208 4807,3210 4926,3214 5044,3216 5163,3220 5281,3223 5400,3226 5518,3228 5637,3230 5755,3230 5874,3232"
                         HEIGHT="151"
                         WIDTH="2402"
                         VPOS="3140"
                         HPOS="3488">
                  <String ID="string_region_1641890252007_1614l43"
                          HEIGHT="151"
                          WIDTH="2402"
                          VPOS="3140"
                          HPOS="3488"
                          CONTENT="rughbaer aen andere sijnde iemant van mijn vrinden die partije soude"/>
               </TextLine>
               <TextLine ID="region_1641890252007_1614l44"
                         BASELINE="3488,3294 3608,3292 3728,3292 3848,3290 3969,3290 4089,3290 4209,3290 4330,3292 4450,3294 4570,3294 4691,3296 4811,3298 4931,3302 5051,3304 5172,3306 5292,3308 5412,3311 5533,3314 5653,3316 5773,3318 5894,3320"
                         HEIGHT="151"
                         WIDTH="2439"
                         VPOS="3227"
                         HPOS="3473">
                  <String ID="string_region_1641890252007_1614l44"
                          HEIGHT="151"
                          WIDTH="2439"
                          VPOS="3227"
                          HPOS="3473"
                          CONTENT="calendieren sij comtuyt mijnen hoofden staende houwelijck geerft en volgens"/>
               </TextLine>
               <TextLine ID="region_1641890252007_1614l45"
                         BASELINE="3492,3384 3607,3380 3722,3378 3837,3376 3952,3376 4067,3376 4182,3378 4297,3378 4412,3382 4527,3384 4642,3388 4757,3392 4872,3394 4987,3398 5102,3402 5217,3405 5332,3408 5447,3410 5562,3412 5677,3414 5792,3414"
                         HEIGHT="190"
                         WIDTH="2334"
                         VPOS="3293"
                         HPOS="3476">
                  <String ID="string_region_1641890252007_1614l45"
                          HEIGHT="190"
                          WIDTH="2334"
                          VPOS="3293"
                          HPOS="3476"
                          CONTENT="contrackt moet naer mijne sijde keeren, ick ben wedenaer en gemstaeerde"/>
               </TextLine>
               <TextLine ID="region_1641890252007_1614l46"
                         BASELINE="3498,3468 3618,3466 3738,3464 3858,3464 3979,3464 4099,3466 4219,3468 4340,3470 4460,3472 4580,3476 4701,3479 4821,3482 4941,3487 5061,3492 5182,3496 5302,3501 5422,3506 5543,3510 5663,3516 5783,3520 5904,3524"
                         HEIGHT="176"
                         WIDTH="2439"
                         VPOS="3404"
                         HPOS="3483">
                  <String ID="string_region_1641890252007_1614l46"
                          HEIGHT="176"
                          WIDTH="2439"
                          VPOS="3404"
                          HPOS="3483"
                          CONTENT="stestementele monbaer over mijne kinderen, en uijtvreese de voorschreven "/>
               </TextLine>
               <TextLine ID="region_1641890252007_1614l47"
                         BASELINE="3492,3574 3612,3570 3732,3568 3852,3568 3972,3568 4092,3568 4212,3570 4332,3573 4452,3576 4572,3580 4692,3584 4812,3588 4932,3592 5052,3596 5172,3600 5292,3604 5412,3606 5532,3608 5652,3608 5772,3608 5892,3606"
                         HEIGHT="188"
                         WIDTH="2433"
                         VPOS="3475"
                         HPOS="3476">
                  <String ID="string_region_1641890252007_1614l47"
                          HEIGHT="188"
                          WIDTH="2433"
                          VPOS="3475"
                          HPOS="3476"
                          CONTENT="bemden van een ander mochte gecalendiert worden soo dat ick nochte den"/>
               </TextLine>
               <TextLine ID="region_1641890252007_1614l48"
                         BASELINE="3500,3658 3613,3654 3727,3650 3841,3650 3955,3650 4069,3652 4182,3654 4296,3656 4410,3660 4524,3666 4638,3670 4751,3674 4865,3678 4979,3682 5093,3686 5207,3688 5320,3688 5434,3688 5548,3686 5662,3682 5776,3678"
                         HEIGHT="182"
                         WIDTH="2306"
                         VPOS="3567"
                         HPOS="3485">
                  <String ID="string_region_1641890252007_1614l48"
                          HEIGHT="182"
                          WIDTH="2306"
                          VPOS="3567"
                          HPOS="3485"
                          CONTENT="cooper die niet soude hebbe, hadde gespiculeert dat ick in qualitijet als"/>
               </TextLine>
               <TextLine ID="region_1641890252007_1614l49"
                         BASELINE="3488,3758 3604,3750 3721,3746 3838,3742 3955,3740 4072,3740 4188,3742 4305,3745 4422,3748 4539,3752 4656,3757 4772,3762 4889,3767 5006,3772 5123,3776 5240,3780 5356,3782 5473,3784 5590,3786 5707,3784 5824,3782"
                         HEIGHT="183"
                         WIDTH="2369"
                         VPOS="3648"
                         HPOS="3472">
                  <String ID="string_region_1641890252007_1614l49"
                          HEIGHT="183"
                          WIDTH="2369"
                          VPOS="3648"
                          HPOS="3472"
                          CONTENT="monbaer ten protijse van mij ne kinderende voorschreeve calen dieringe"/>
               </TextLine>
               <TextLine ID="region_1641890252007_1614l50"
                         BASELINE="3478,3848 3596,3840 3715,3836 3834,3832 3952,3830 4071,3830 4190,3831 4308,3832 4427,3835 4546,3838 4665,3842 4783,3846 4902,3851 5021,3856 5139,3860 5258,3863 5377,3866 5495,3870 5614,3871 5733,3872 5852,3872"
                         HEIGHT="153"
                         WIDTH="2406"
                         VPOS="3779"
                         HPOS="3462">
                  <String ID="string_region_1641890252007_1614l50"
                          HEIGHT="153"
                          WIDTH="2406"
                          VPOS="3779"
                          HPOS="3462"
                          CONTENT="doen soude niet tegenstaende dat ick als propristaris die bemden hadde"/>
               </TextLine>
               <TextLine ID="region_1641890252007_1614l51"
                         BASELINE="3482,3934 3601,3929 3720,3925 3839,3923 3958,3922 4077,3922 4196,3922 4315,3924 4434,3926 4553,3930 4673,3933 4792,3936 4911,3940 5030,3944 5149,3948 5268,3951 5387,3954 5506,3958 5625,3960 5744,3962 5864,3964"
                         HEIGHT="113"
                         WIDTH="2414"
                         VPOS="3872"
                         HPOS="3466">
                  <String ID="string_region_1641890252007_1614l51"
                          HEIGHT="113"
                          WIDTH="2414"
                          VPOS="3872"
                          HPOS="3466"
                          CONTENT="vercocht soo is de vrage oft sulckx volgens de wetten van de eenhoven"/>
               </TextLine>
               <TextLine ID="region_1641890252007_1614l52"
                         BASELINE="3488,4020 3607,4016 3727,4014 3847,4012 3967,4012 4087,4012 4206,4014 4326,4016 4446,4018 4566,4021 4686,4024 4805,4028 4925,4030 5045,4034 5165,4038 5285,4040 5404,4042 5524,4044 5644,4046 5764,4046 5884,4044"
                         HEIGHT="107"
                         WIDTH="2429"
                         VPOS="3954"
                         HPOS="3472">
                  <String ID="string_region_1641890252007_1614l52"
                          HEIGHT="107"
                          WIDTH="2429"
                          VPOS="3954"
                          HPOS="3472"
                          CONTENT="in recht bestael, dan oft ick daer toe een monbaer sou moeten dirogeeren"/>
               </TextLine>
               <TextLine ID="region_1641890252007_1614l53"
                         BASELINE="3476,4104 3594,4098 3712,4094 3831,4092 3949,4090 4068,4090 4186,4090 4304,4092 4423,4095 4541,4098 4660,4102 4778,4106 4896,4108 5015,4112 5133,4116 5252,4118 5370,4120 5488,4122 5607,4122 5725,4122 5844,4120"
                         HEIGHT="126"
                         WIDTH="2399"
                         VPOS="4033"
                         HPOS="3461">
                  <String ID="string_region_1641890252007_1614l53"
                          HEIGHT="126"
                          WIDTH="2399"
                          VPOS="4033"
                          HPOS="3461"
                          CONTENT="ofte op wat manser dat ick sulck can ten weege brengen sonder mij sselve"/>
               </TextLine>
               <TextLine ID="region_1641890252007_1614l54"
                         BASELINE="3472,4180 3590,4176 3709,4172 3828,4172 3947,4172 4066,4172 4185,4173 4304,4175 4423,4178 4542,4180 4661,4184 4779,4188 4898,4192 5017,4195 5136,4198 5255,4202 5374,4206 5493,4208 5612,4210 5731,4212 5850,4212"
                         HEIGHT="135"
                         WIDTH="2408"
                         VPOS="4124"
                         HPOS="3458">
                  <String ID="string_region_1641890252007_1614l54"
                          HEIGHT="135"
                          WIDTH="2408"
                          VPOS="4124"
                          HPOS="3458"
                          CONTENT="daerom in proces te wickelen, sijnde te noteeren dat de calendieringe"/>
               </TextLine>
               <TextLine ID="region_1641890252007_1614l55"
                         BASELINE="3482,4260 3604,4256 3726,4254 3848,4252 3970,4252 4092,4254 4214,4256 4336,4258 4458,4262 4580,4266 4703,4269 4825,4274 4947,4278 5069,4280 5191,4283 5313,4286 5435,4286 5557,4286 5679,4286 5801,4284 5924,4280"
                         HEIGHT="150"
                         WIDTH="2473"
                         VPOS="4186"
                         HPOS="3467">
                  <String ID="string_region_1641890252007_1614l55"
                          HEIGHT="150"
                          WIDTH="2473"
                          VPOS="4186"
                          HPOS="3467"
                          CONTENT="spoedich moet geschiedick voor dat het gras af gemaeijf is om te protrterer"/>
               </TextLine>
               <TextLine ID="region_1641890252007_1614l56"
                         BASELINE="3486,4336 3606,4332 3727,4330 3847,4328 3968,4328 4088,4329 4209,4330 4329,4334 4450,4336 4570,4339 4691,4342 4811,4346 4932,4350 5052,4353 5173,4356 5293,4358 5414,4360 5534,4360 5655,4362 5775,4360 5896,4358"
                         HEIGHT="134"
                         WIDTH="2442"
                         VPOS="4274"
                         HPOS="3470">
                  <String ID="string_region_1641890252007_1614l56"
                          HEIGHT="134"
                          WIDTH="2442"
                          VPOS="4274"
                          HPOS="3470"
                          CONTENT="het gewas van dit iaer het gene den cooper ander genieten soude, deralven"/>
               </TextLine>
               <TextLine ID="region_1641890252007_1614l57"
                         BASELINE="3472,4398 3592,4396 3712,4396 3832,4396 3952,4396 4072,4396 4192,4398 4312,4400 4432,4404 4552,4406 4672,4409 4792,4412 4912,4414 5032,4418 5152,4421 5272,4424 5392,4426 5512,4428 5632,4430 5752,4432 5872,4432"
                         HEIGHT="104"
                         WIDTH="2432"
                         VPOS="4362"
                         HPOS="3457">
                  <String ID="string_region_1641890252007_1614l57"
                          HEIGHT="104"
                          WIDTH="2432"
                          VPOS="4362"
                          HPOS="3457"
                          CONTENT="gelieft op ontfanck deser terstont eens te consulteeren met iemant van"/>
               </TextLine>
               <TextLine ID="region_1641890252007_1614l58"
                         BASELINE="3486,4470 3603,4468 3720,4465 3837,4464 3954,4462 4071,4462 4188,4462 4305,4462 4422,4464 4539,4465 4657,4466 4774,4468 4891,4470 5008,4473 5125,4476 5242,4478 5359,4480 5476,4484 5593,4486 5710,4488 5828,4490"
                         HEIGHT="46"
                         WIDTH="2374"
                         VPOS="4435"
                         HPOS="3469">
                  <String ID="string_region_1641890252007_1614l58"
                          HEIGHT="46"
                          WIDTH="2374"
                          VPOS="4435"
                          HPOS="3469"
                          CONTENT="de principaelste advocaten die de leen rechten besto verstaen hoe en wet hier"/>
               </TextLine>
               <TextLine ID="region_1641890252007_1614l59"
                         BASELINE="3480,4498 3528,4502"
                         HEIGHT="63"
                         WIDTH="83"
                         VPOS="4456"
                         HPOS="3464">
                  <String ID="string_region_1641890252007_1614l59"
                          HEIGHT="63"
                          WIDTH="83"
                          VPOS="4456"
                          HPOS="3464"
                          CONTENT="6"/>
               </TextLine>
               <TextLine ID="region_1641890252007_1614l60"
                         BASELINE="3608,4514 3708,4512 3808,4512 3908,4512 4008,4512 4108,4512 4208,4514 4308,4514 4408,4516 4508,4518 4608,4518 4708,4520 4808,4522 4908,4522 5008,4524 5108,4524 5208,4526 5308,4526 5408,4526 5508,4526 5608,4526"
                         HEIGHT="31"
                         WIDTH="2032"
                         VPOS="4484"
                         HPOS="3592">
                  <String ID="string_region_1641890252007_1614l60"
                          HEIGHT="31"
                          WIDTH="2032"
                          VPOS="4484"
                          HPOS="3592"
                          CONTENT="in gedaen en op wat maniere sulck moet geschieden de oncosten"/>
               </TextLine>
            </TextBlock>
         </PrintSpace>
      </Page>
   </Layout>
</alto>
