8193 4699
1138 170 2261 170 not censiden, therefere as soone as you should near that anney

1157 229 2131 200 misfortune should happen to said convoy from hull for

1157 325 2162 170 rotterdam then lett without loss of time bee bought, &

1139 418 2223 229 Sent to hull an other Pack of bayes, as n° 26, & one or 2

1148 524 2178 233 of kersyes with an other pack of 6ayes as n°29, if time

1141 646 2196 197 would permitt, to come p. first convoy for Amst. t'is

1123 742 2180 221 strange that y. rotterdammers undertake to convoy so

2852 851 52 62 y

1130 829 2179 243 manney ships with so small a convoy, where I have

1135 954 2114 269 suffered so much war. y. cullours of these dozens

1129 1044 2201 222 boath att hull & londen are not wel assorted, & in each

1131 1171 2175 273 pack a dull ash cullour for 10. I have never sent you

1119 1273 2252 298 a patt, butt to y contrarie, when was here, I complaind

1134 1382 2153 299 y. same, for them cullours never serve, butt when y. mots

1143 1496 2172 273 late them, that wee must putt then of to loss o draw

1136 1618 2289 209 not on mee, I shall take care to remitt, here is nothing

1037 1734 2313 202 don to day because everey one is of opinion the

1141 1837 2115 184 ex. Must come low againe, & whilst the king

1116 1939 2299 203 will restore the banck so then shall be no loss on

1107 2079 841 184 the banck noates

902 2710 1106 176 Rotterdam Abram de bra

2792 2763 543 125 Adij 8 gber 1696

1152 2792 2192 168 bij de ul van 6 deser seer geerne gesien het arrivement van

1168 2894 2221 123 het convoij & scheepen van londen, biddende alle mogelijcke divoiren

1144 2999 2164 112 te doen tot het lossen en voor te senden van mijne 4 packen

1149 3057 2257 147 waer van den inhout ul bekent is & dingeslotende cognosseme

1139 3189 2087 116 sijn het convoij van hel wal daer gearriveert met den

1163 3249 2158 131 eersten wint haer costij te vertrecken hope godt hun oock

1167 3333 2075 150 behoude rijs sal verleenen, maer ick en can mij niet genoch

1155 3413 2183 168 verwonderen dat die van costij soo dickmaels geleert sijn

1153 3497 2099 142 en niet tegenstaende, en het laeten aencomen op soo

1151 3598 2150 117 een clijn convoij, het il schande en gelijck gepremiditeert

1156 3668 2248 151 de goederen soo licht veerdelijck te hasardeeren, even wel haed

1147 3783 2152 148 ick geordoneert 3 a 4 paeken te laeden waerm mijn vrint

1147 3861 2230 161 geexcedeert heeft, hebben de 7 packen gelaeden te weten als aenden

1157 3954 2276 119 voet deser godt wilke behouden laeten overcomen, als wanen

1146 4073 2103 117 de selve gelijck hier onder selt gelieven te verclaren

1142 4171 2244 121 ende te expedieren, het waer te wenschen eenige scheepen

1151 4242 2270 136 op hun mocht en bruijssen, om sa in de havens salvo te brenge

1151 4325 2264 161 wat passeert verlange te verstaen te wijlen naer groetenisse

1164 4391 226 109 blijve

3553 175 2465 143 P thomas seamen r 22 met 50 witte kersijen van a 40 sijn 77 noorts

4464 243 1254 157 kersijen van a 26 weert ƒ 1200:-

4342 332 1663 152 25 met 6 lakens 2 baeijen aen te geven voor 13½

4463 435 1525 124 gemengelde dolijncken ieder a 18 2 witte

4465 502 890 122 baeijen samen ƒ 600:-

4483 593 1372 170 met 50 witte kersijen soo gelijck als N22

3535 561 915 205 thoma nhawort hj 24

4232 659 1775 193 „ 26 me 33½ witte baejen van a 65 weert ƒ 950:-

4615 764 243 96 noortse

3539 800 2480 161 S Jan watson ...27 met 12 laken voor 47 ½ gemengelde dosijntiens

4445 901 1459 160 van ieder a 18 en 2 witte baeijen samen

4424 967 537 119 weert ƒ 1650

3552 944 2459 203 Praphael Southerans 28 met N22 gemengelde dosijntien van a 18:2 nst

4434 1118 1059 111 baeijen samen weert ƒ 600:-

4232 1169 1719 154 „29 met 33 witte baeijen van a 63 wart ƒ 875:

3454 1271 857 163 Amsterdam geraerd rover

5371 1282 596 189 Adij 8 gber 1696

4565 1326 73 122 1n

3528 1344 2367 206 in Antwort aenduwe van 8 & 2 deser het pack kersijen is noch niet

3537 1495 2387 127 gecomen doch door het quaet weder gelove den schipper een goede have

3553 1536 2431 164 etgens sal hebben gecregen wegens de ksurantie hebbe die hier laeten

3566 1647 2420 168 betrecken principael op dat controij van hul op rotterdam het geene claer

3552 1764 2430 133 was te vertrecken, daer ick doch geen gaedinge in hebbe gediurende deser

3541 1859 2475 134 oorlogh mijn meeste verlies daer bij hebben gehadt, en sij hebben wederom

3527 1913 2384 138 maer 2 convoijers ieder van 40 stucken, en apparent wijnich bemant

3522 2007 2467 145 godt wille salvo brengen, gesien dat ul 2 brieven van londen in protest

3540 2094 2464 162 door richard hel getrocken ten laste den grave van ranslagh in prote

3540 2175 2399 229 hadde ontfangen foute van betaelinge, hier sijn mede: soo al eenige

3525 2301 2454 156 brieven gekeert, doch die worden promt gerembourseert door Jan

3518 2361 2483 220 verschujlen aen wiens ordre door voorshhr het die waeren getroken

3532 2483 2460 216 ben courieus te weeten hoe ul aen die 2 brieven is gerackt ofte

3527 2552 2327 265 aen wiens ordre hul die heeft gemackt om eenige sticulatie wel

3520 2652 2312 244 met de brieven van 2 deser van londen, soo wer so wissel wor

3538 2790 2300 184 aent vallen, & alsoo daer bij vermelt wort liett p geen verce

3515 2865 2468 244 ingeinde mient sal geschieden maer wel het gredit van de 0 ack

3530 3003 2460 207 herstelt, soo sijn hier op londen geen gevers en worden brieven tot

3525 3102 2477 145 35:6 gepresenteert waeromne het oock noch hiet aensien boven ien

3530 3217 2466 233 soo denckt mij niet dat wij den vreede voor eerst hebben teverichteij

3533 3297 2302 190 en dat engelant sal moeten sorge draegen geet hier te hebben

3515 3375 2509 243 waerdoor de wissel niet sal monteeren het sthijf de francen eg seeren

3534 3455 2432 264 om een ander expeditieop de wert in dien te tenteeren het waeraet

3548 3568 2345 249 bijde die vlote tuys waeren, end' soo lanck in Engelant gelegon, de

3537 3686 2438 245 coopvaerdije scheepen tot cadix die reeders sullen slchte reek eldinge

3541 3765 2379 242 vinden iets voordeelich voorvallende gelieft te laeten weeten

3460 3871 736 142 amur mons. le bidan

3537 3955 2458 203 en responce a la chere vre de 3 courant, il est tiers certain quand es

3517 4050 2442 207 convoijes grisveront, cependant ie vous et dimeray advies nais

3508 4138 2424 217 pour de baeyes e carsies poir faire quelle tenture vre presence

3527 4222 2364 220 nest pas necessaire a chose que cest un maraiendise fort  en

3533 4338 2357 177 commu, et lesprises comme a reguler, fait maly scavoir comben de
