8214 4651
2664 165 691 127 Adij 23 Julij 1696

883 177 1033 148 Rotterdam Abram de bra

1139 225 2213 143 den ul van 19 deser op sijnen tijdt wel ontfangen voor doncosten

1145 348 2249 136 en rekeninge weert al gecrediteert vernemende geerne soo haest convoij

1153 395 2240 153 naer hul versrecks om mijn messures vervolgens te nemen: ick hebbe

1145 494 2146 146 verstaen dat de lotterije van costij bij naer soude compleet sijn

1139 597 2185 132 en men al begonde het gelt te ontfangen sulckx sijnde endat ul

1129 658 2234 144 dunckt dat de selve lotterij sal voortsgaen soo gelieft voor 5otts

1136 757 2231 125 losten in de selve in te leggen op mijnen name, en soo haest ick wete

1157 843 2204 139 ul sal het selve hebbe geeffectueert sal ul voor de gedaencostoffen

1138 902 2170 181 rembourseeren, gelieft den ingeslotene catto voorts te geven

2931 1002 310 143 23 ditto

891 985 833 190 Amst geraerd rover.

1136 1025 2253 193 in antwort aen duwe 20 deser de wissel is heden op londen a 31 86

1143 1187 2219 114 costij ⅓ p reden deses is om te weten, oft convoij van costij naer

1152 1228 2213 145 hull staet te vertrecken dan oft present noch eenich noch eenich

1145 1332 2244 135 convoij in den noorden van engelandt is, alsoo ick geordonneert hebb

1132 1406 2207 129 ditterente packen naer hul te senden, omtint aflaeden mij volgens

1149 1508 2161 122 te reguleeren, ick woorde geteenteert om not wat te hadddeeren

1143 1577 2137 119 ende voors lest ƒ 100 oft onderalf noch te wagen, men seght

1143 1638 2171 160 dat die lotterije van alckmaes, sij naer oft compleet is, en int cort

1162 1726 2198 160 staet getrocken te worden en seer favorabel is, oft isser eenige andere

1154 1818 2070 137 die ul beter oordeelt bidde ick ul voor mij gelieft noch eens

1165 1877 2146 170 eenhondert guldens oft onderalt te haladeeren oft het ergers beter

1156 2018 2067 165 lucken welde, doende hier in als voor eijgen. blijve.

3003 2062 201 95 23 d

3161 2055 163 144 cousin

924 2073 1087 198 Londres lichard Southelle m

1168 2113 2139 170 le 16 court a vre grace maderniere depuis antendu de mon amy

1162 2217 2143 142 Elias despae de bon retour chez vous, dont ie suis bienaise

1147 2314 2118 133 il ma aussi de communigner de vre part que tout sort de

1156 2391 2229 190 manifactures sont venu peu press a leurs ainsi prise, cespourques

1138 2475 2238 166 j'attend que vous ne manquere pas a la complissement de mesordres

1146 2580 2147 167 tant a londres qu'on noort pour les premieres convoijes, ie vous

1148 2657 2072 136 aij aussi ordonne de tires sur moij 2 a 300 s recevoir la

1142 2719 2208 173 valleur en nottes de la banque. soit que volis accepte  propotition

1150 2808 2131 193 de caver deserere pour ½ p. laupoint, vous priant de ne pas manquer

1142 2891 2187 223 pour mon compte si long temps quil la difference contenue dit esterd

1228 2964 2159 210 a 6 pas de nottes de sa banque pour de largent en attendant de vousroyel

3013 3096 228 84 24 di

891 3098 989 149 mechelen Dh Cauwenbergh

1171 3122 2109 171 op 20 deser w hebbe ick aen ul omstandich gescheven het gene

1164 3224 2128 156 hier met Dh. hilma was gepasseert, waerop sederf met ongedult

1152 3290 2165 169 ul antwort hebbe verwacht, miets het niet wel staen en soude

1144 3347 2216 204 langer te dialaeeren aendh: hijlma te schrijven soo bidde sonder

1136 3476 2242 174 fout aen mij ul sensement te belargeeren als mede hoeluwe de bemden

1165 3530 2161 218 gevonden hebt waerop mij verlaetende en naer groetenisse blijve

1722 3645 782 149 met geantwoort

2558 3636 710 170 24: July 686

1190 3680 544 178 Dh. hnna

881 3765 302 167 Mechelle

1246 3719 2100 272 Mijn R. al soo nelier ick ul hier sijnde nhet hebbe gesproken

1175 3871 2148 192 heeft mijn Cosijn melijn my gesegut ul genegen te siyn de

1177 3949 2182 213 benden don mij gecatendiert in puere t aen veerdeel, dwelck wij

1192 4058 2193 181 aen genaem is soo ul daer vooren eene redelijcke prijs gelieft te betaelen

1185 4158 2152 174 deshalven hebbe goet gedaght ul dat dempriss op t nanw te te

1214 4232 2138 238 stellen voor 69 oft meercaeren its daervooren betaelende

2165 4350 235 75 iaereljck

1250 4330 2112 172 ten alderminsten £20 groot vrij en suyvergelt sonder dat

3530 203 2442 114 ick gehouden soude sijn in eenige quyt scheldinge te doen tsj van d

3544 270 2395 159 heereraghten fout ageringe mandatien van vaeter, ofte van

3545 325 2400 192 eeinge bedaghte ofte onbedaghte schaeden, die ul soude connen

3523 427 2442 224 pretenderen gedaerende de ack, maer ten contracie de huere

3534 544 2361 201 gaeveljcx ten vollen te betaelen, en dat ter dier oorsaecke de

3528 656 2450 209 scvere minder is gegeven, en geaccerdeert, mits conditie, oock dat

3533 739 2457 239 tot ue laste soude sijn & blijve het ougenen van beken, maecken

3552 844 2407 189 van cholen, ewiylen van granden slooten goonden t dienter

3522 964 2457 235 & de bemden niette scheuren, selve te beweyden niet here beesten

3520 1072 2462 197 eens alle  iaeren, maer te mogen &ehoeyen s volgens men de

3519 1181 2372 213 conditien dan soude stellen, & alhoewel geinformeert ben dat

3521 1276 2297 254 ick eene betere & voor deeliger huere soude townen bedange

3529 1396 2379 215 van andere, soo hebbe op t versoeck van mijn cosyn voors ul

3529 1544 2395 172 dese lenvele presentatie willen doen, op dat ul de selve als

3523 1608 2440 208 eijgen voor eenen cleynen progs genietende te heter magh beherten

3529 1768 2420 142 om de selve aen ul iertelaeten in eygendont, cen met te solve

3522 1843 2395 203 den, om dat ick oordeele het selve tot nadeel van mijne weesee

3510 1928 2447 198 wiens voorgroot moeder de selve over de £1000 costen, wellhe some

3506 2040 2434 209 soo ul daer vooren wilde geven aen ul sal laeten, gelieft ul reso

3511 2143 2410 182 lutie aen dh Cauwenbergh te kennen te genene om mjne

3496 2296 2406 177 mesere volgens tenenen maer a van versuderaugh

3528 2343 2401 195 soude ick niet anders den als voore, al hier val

3500 2456 2012 185 dieur can doen gelieft tecomanderen

5380 2499 546 155 24 Julij 1696

3443 2553 1011 160 dechelen gilis van cauwenbergh

3497 2617 2385 153 in antwort aen den uwen van gisteren senden ul ingesloten den brief

3497 2712 2409 150 van mijn cosijn Elias aen ii hulma die naer lecture hem gelieft

3498 2842 2397 117 te doen beandigen, en proponeeren wijders oft niet beter ware dese grepositie

3511 2888 2375 124 te aenveerden en dat de calendieringe cesseerde op dat de properitijdt aen mij

3501 2980 2440 122 soude blijven want als die partije verheven is op mijn linderen dan hebbe

3479 3076 2409 104 ick daer aen niet meer te seggen en daer door conde gespaers de costen van

3501 3153 2422 135 verhof et: en ick sal in dien gevalle oock de hiere presteeren, en wegens

3499 3229 2461 133 het loopen iaer doet als voor eijgen. dat ie de £1000:- wilde restitueeren

3511 3316 2427 117 het soude een voordeel voor mijne kinderen wesen al wat het oock wat

3511 3407 2421 183 minder ick soude hr Elias daer toe wel disponeeren wat passeert

3497 3482 1892 160 gelieft te laeten weten aen die naer groetenisse blijve.

3428 3546 848 149 iden walter 2 wist kent

5379 3575 357 142 26 ditto

3424 3644 687 98 Londres richard sout hele

3491 3648 2467 146 depuis maderniere de 23 court rescu les vostres du 7 et 10 ditto dont iay cons

3473 3783 2486 133 idere la contenue, cependant ie vous prie de ne rien manquer pour acccomplie

3496 3863 2425 134 met ordres prise court par les premieres convojel tant pour ostende que

3482 3962 2406 106 de hul pour la hollande, vous priant encor de ne prendere d'autre ferdicures

3489 4055 2462 121 que de cattons bangh a prise courant. si on peut paijer tout en argend chesvoes

3492 4155 2430 109 is cessant doite que tout sortes del manifactures viennent a ceure ainsi prises

3473 4234 2435 135 non obstante ie voai croire, quand acchetsant la motitie a nottes de banque

3484 4301 2336 151 et la motie en argent, dont sans pait servis, car outrement que ie ne

3483 4364 2449 154 pas que mess. kent feront qui ont tirer de bonnes parties et rescu de nottel
