8045 4608
5004 188 992 107 Adij 16 Janu: A° 1696 16

3446 159 874 179 Eeden Walter & Will Kent

3560 241 2343 184 sence mij last of 12 court non from you, so have butt little to inlarge

3572 373 2415 121 opley to includ the direction for the flannels to be dyed. as also that you

3563 447 2392 117 should not forgett to ad a new acctt or 2 if anney comes out of 15 a 16

3574 519 2367 131 s. and in alls may be 5 a 6 draps, I say lanoy draps to the nass of 17

4024 585 54 66 9

3551 615 2415 103 gber and 21.d. or beter which I have to yd  fin lison is well

3571 694 2381 111 arrived I wish oliviers had been by, butt I wonder you wrap the packes

3557 745 2375 119 with kersies, because one p. can not wel conseyve 16 clothes, I desire

3549 832 2388 118 att least a cotton, if to be had, if not 2 kersies, for one is to little

3547 902 2390 176 to keep itt well ex. is here att 30 ƒ. those of the banck drap, which

3566 991 2389 177 gives mee opinion of a greater fall. I have mist my luck of 32: 3

3563 1071 2379 147 a 4 could have drauwne in all my bills, patience: pray lett my

3539 1157 2353 145 order of 12 xb: be all the lowest prieses sp. clothes that you can

3542 1225 2337 197 meet with & I will not suffer in the prises because of the

3537 1314 2388 170 abatem. of last acctt. which I leeave to y conscience for I am

3544 1397 2319 206 on the worst I long to see accompt of the kersies, & to know

3547 1494 1667 185 what finther passes with you whilst I rest

5275 1612 346 173 16 ditto

3470 1647 879 163 osterdam geraert rovers

3547 1784 2397 146 in antwort aen duwe van 12 8 13 deser, ick seen mijn pack No 94 te

3548 1864 2419 122 gemoet, op hope, dat door dit doeijende weder hij uijt het segge hij beeersman

3543 1951 2444 158 clijn waeter sal geracken al voorens eenich vriesen sulck sal besetten ander

3541 2008 2447 153 is rotterdam beter expeditie, om dat men van daer de laeste schepen heeft

3529 2098 2444 170 de wissel op londen is heden a 30 t1 a 2 25 partije geweest en soo isser groote

3545 2176 2427 198 partijen getroecken door die van de banck het gene mij groote ombragie

3536 2288 2425 147 geeft want sij hebben int eerst de wissel seer doen monteeren door

3543 2357 2401 128 het afgeven tot alle prijsen, en nu self te nemen tot 30 st wete niet

3540 2452 2438 191 want daer van oordeele te meer om dat sij de brieven tot heinnen particu

3546 2515 2334 172 lieren last maecken ende niet tot last van die van de banck, het can

3521 2580 2435 212 gebeuren dat sij weder brieven par expressen van londen hebben gelijck wij

3524 2706 2402 164 niet voor morgen avent sullen comen weten, sijnder costij brieven en

3528 2794 2400 133 comt de wissel gevallen soo sal uwe tekerlijck mijn remise van st £200: -

3526 2836 2422 182 niet hebben comen intrecken, ten prijse gelijck ick wel soude wenschen

3529 2918 2443 220 doch sijnder geen brieven comen, soo versoecke mijn voorschreven remisel

3531 3011 2358 190 in te trecken ten besten moogelijck, doet daerin als oft het u eijgen was

3535 3104 2410 189 het sal mij aengenaem, sijn het gene ul doen doen sal, het sij den selven

3529 3176 2394 215 te vernegotieren dotte niet, mijn principaelste opsicht is de gedachten

3532 3279 2379 160 vant vallen, en dat ick daer naer tot mindere prijs die weerde op

3541 3344 2410 225 londen sal connen afgeven a governo blijve. versoekende advies van wet

3530 3407 256 130 passeert

3447 3447 708 164 ussel stephanus kints

5406 3500 295 116 16 ditto

3522 3549 2354 166 ick heb u brief van 14 deser wel ontfangen met het ingesloten

3512 3672 2431 179 wisselbriefcken van ƒ400:- courant gelt tot laste vander vallen

3524 3761 2433 196 en ondermarck die het selve heeft geaccepteert het noodich wort besorg

3528 3831 2376 187 en ul ten sijde gecreditteert iets tot ul dienst voorvallende gelieft te

3539 3910 1543 208 commanderen die naer groetenisse blijve.

3426 4000 535 130 ven Jan de goede

5408 4038 297 117 18 ditto

3518 4077 2431 177 in antwort aen de uwe van 10 en 14 deser ick hebbe de f8:-: risse

3509 4179 2336 182 sgelde van schoreels ontfangen ende aen hem een volle quitantie

3506 4265 2417 184 meede gegeven, de colchester baeijen sullen sekenlijck morgen hier

3510 4383 2235 118 wesen en ick sal ul een stuck toesenden doch ick hebbe present
