7924 4580
2362 142 897 135 adij 11 augusties A: 2695

745 137 1014 139 Mechelende weduwe betram

1036 187 2271 156 in antwort aen den u.l van 8 deser ick hebbe geene witte pack

1024 323 2286 109 beret noch onberet dan met het eerste convoije dat wij dagh

1023 390 2293 130 verwachte, sal ick eenige rouwe becomen, dach daer can ick

1011 461 2295 163 in niet bedienen, sij vallen ordiner 40 a lanck, verwae

1014 563 2299 145 dan oock veele andere goederen isser iet tot u dienst gelieft

1029 667 706 108 te commanderen

2958 717 308 146 11 auy

756 730 1105 204 Londen wall & Will Kent

1026 785 2231 221 sence my last of p curd red. yours of 16, 19 & 23 past to

1026 919 2297 169 which have butt little to answer, butt that our convoij for ostend

1033 1001 2291 166 is not yett arrived, though as letters of 26 say all ships sailed

1018 1086 2244 167 donne that, now I desire no mor goods to be bought in lorden

1011 1173 2279 191 & in the nord I hope readdy what I ordered for the rott, as well

1022 1286 2291 164 as the Amst convoy is departed for hull, butt where as I loose

1024 1396 2252 162 upon the amst convoy the better so ship my goods theren

1012 1461 2291 162 butt that of Rott should depart first then ship 2 packes that way

1006 1557 2297 158 one of cloth & one of bayes & if they depart together ship one

1011 1652 2261 155 of cloth for Rott & the rest for Amst doeing there in as for

1003 1758 2190 176 your self when upon a point of resolving which for which

1024 1854 2254 147 butt my best opinion is for the convoy for Amst, in exspecta

2934 1931 325 138 11 ditto

1016 1939 1401 153 tion to know what passe reman

734 2001 942 192 amt. geerad Rover

1034 2067 2247 166 op 8 deser was aen ue mijnen laester tsedert syn weder enge

1020 2151 2280 149 brieven van 26 pas uyt londen comen waermede de wise

1043 2226 2182 161 „ 27:10 herrewaerts sulck dat ick noew evllyckee well

1020 2341 2272 152 wat mesures te nemen derhalven gelieft te doen als voor egge

1042 2424 2043 97 mits ick niet ggepreceert ben heden gea brieven

1028 2519 2219 102 cort sight a 1 ¼ cour 8½ sulckx tot naeste hebbe

1037 2590 2231 124 uyt gestelt te remitteren egheeren geslote £150 op de

1026 2668 2185 145 viene & tang van 7 deser noch ue naer d'occasie diene

1036 2749 2222 146 sal het dise ito betaelen & waghtende ue advis van wat

1079 2862 1490 163 helleer om voordere mesures te nemen

2647 2892 339 143 12 ditto

769 2935 834 183 brugge Raphael Coots

1041 2940 2279 231 duwe van 3:7 en 10 deser ontfangen en sedert brievan van lon

1018 3092 2229 178 van 5 deser, als dat dien dagh alle de schepen naer het convoije

1028 3175 2290 158 waeren afgesackt dies volgens maecke ick staet dat sij voorlede

1018 3251 2279 216 sosterdagh tot schravelande sijn claer geracht en staendagh

1016 3359 2230 165 bij hun convoije, het w: lal waeret het maer dijnstdagh

1013 3416 2291 191 in seep geraeckt op wonsdagh, behoorde gearriveert geweest

1025 3584 2203 145 te hebben, dat hope oock soo sal sijn geschiet en heden

1030 3638 2256 136 over gent van u te vernemen biddende extrodinare dievoir

1022 3774 2246 109 te doen om daer over exbrodinairisse tijdinge te geven

1018 3858 2176 112 en ter wijlen de vaert tusschen ostenden en costi weder

1022 3916 2292 133 navigaiel is, alle mogelijck vlijdt te doen op spoedich voorts

1024 4013 2271 128 te helpen de laecken packen sonder p bargie op gent, en

1023 4107 2151 161 al waer 1 ofte 2 p waegens op gent met paspoort

1015 4203 2296 129 de cottons en andere maere goederen adroituer sijnde noo

1038 4298 2231 165 voor mij gelaeden bealve de gementionende partije als

1031 4378 1828 77 hier onder waervoor gelieft tee graegen blijve

3551 163 2460 179 N: 81 den inhout p. deser vermelt int schip van Jan haselwood

3670 243 1656 172 „82 als vooren int schip van he de paur

5860 286 130 126 sel

3657 340 2330 136 83 met 12 gemengelde couleure lakens 1 cotton p Jacobvan eeren

3768 428 2207 142 84 int schip van Jan marlo 20 spmanckins witte baiye 1 cotton

3772 500 2214 157 85 4 fan mp ditto 5 gemengelde spaense lakens & wit pack laekn

3773 569 2022 170 8 a1 cotton per jan poppe met 8 spaense lakens i cotton

3556 587 94 133 4

3429 666 1709 206 N.7 met 12 witte cottons in Jan poppe

3794 758 1642 157 8 p Jacob Janssens 20 witte flanels 1 cotton

3546 800 2445 238 41 a 15 pclement de munck 15 ochoofden virgemisen toebackblide

4990 947 917 177 adij 12 augusti A: 1695

3349 942 725 229 ergen Jaques Trivier

3499 1055 2436 174 ick bevinde mijn selven verobligeert van u moelijck te vallen om te

4112 1155 182 84 andre

3517 1195 2346 154 voldaen aen mons: pefebre van valencijn, de welcken mijn seght

3514 1271 2315 124 schuldich te wesen ƒ 63:- wegens het sterfhuijs van mijn vader

3511 1383 2406 142 peeter mesijn, voor oncosten door den selven verschooten A 1636

3509 1456 2468 133 tefruarij het gene dat ock bevinde te accordere in onse boecken, daeren

3525 1537 2401 101 tusschen heb ick sijn gelt niet willen aennemen, om dat ick sien dat

3499 1620 2493 121 wij gesonden 12 maij A 16767 assignatien aen martijn martichr

3509 1698 2285 153 bedragende te samen ƒ 321:- waer onder was die van 63.4 ¾

3504 1760 2471 142 ten lastre van de wed: andre lefeler tot valencijn, waerop ick de

3504 1886 2401 121 boock en heb geoxamineert, en ick bevinde dat den selven martijn

3505 1952 2472 125 marchiael noodt en heeft geantwort, maer wel dat 4 van de voorse

3500 2042 2417 139 schreven parsomen, op viens laste de assignatie waeren en dat

3515 2114 2468 143 de voorsehre weduwe lefeber noodt aen ons son hebben betaelt end

3515 2219 2413 137 ter wijlen dat andre befeber haeren sone verclaert noodt betaelt

3506 2283 2456 162 te hebben aen martijen martichal en dat hij ons schult voldoen

3516 2413 2311 133 wilt cost a cost. ick hebbe uijtgestelt sijn gelt te ontfangen

3506 2465 2438 137 tot dat ick antwort sal hebben u.l hertelijck biddende, u.l gelieven

3517 2604 2444 93 te informeeren bij de erfgenamen van martijn martiael, wat gij hun

3504 2699 2407 110 sout mogen gesschreven hebben, de welcke geweest sijn gelijck aen de

3494 2757 2481 159 voet deser, te weten oft de selve wederom gesonden is oft iet ontfange

3514 2835 2429 117 heeft van de weduwe andre sofebor, ofte gij daer over sult beschreven

3517 2931 2438 108 vinden, ick wenste dat eerieder aen soo veel conschientie gelijck dit

3515 2982 486 155 van lefeber

5189 3015 289 155 13 ditto

3353 3064 850 160 gent herrebout van londen

4476 3032 353 171 geanripveert is

3501 3088 2380 182 alsoo ons convoij too brugge, soo verwachte ick met het selve veele

3512 3215 2374 183 paecken en andere goedere, men reest voorde fransen dat sij weder

3491 3329 2328 154 naer vlaenderen sullen keeren, en per aven tuer int landt van waes

3501 3411 2453 140 comen, soo hebben wij nu van noode groote voor sichtichijdt te bruycken

3506 3488 2376 127 bij conet surageren tot bij de schelden soo dat het goet waer dat de

3504 3566 2465 115 schepen van gent binnen door het landt connen soo de packen p 72

3514 3640 102 59 de

3509 3654 2450 130 77179:80: 8„: 82: 83:85:86 oft eenige vande selve bij u come endat

3495 3773 2337 113 geen perijckel op wegh en is, soo lendt die te waegen en doet, al wat

3496 3828 2429 153 moegelijck is voor de goederen te sorgen, en schrijft dagelijckx wat passeert

3499 3896 935 156 ingeslootene eenen toebrief
