8187 4678
1106 170 2210 105 laet mij citto weeten, want daer is niemant die ick van dat pak

1106 228 2174 113 hebbe gesprocken, en daermede can ul genoch saem sich van tijdt

1112 299 2216 128 tot tijdt bedienen, den prijs van d'een oft d'ander is niet minder

1111 415 2207 107 oft can niet minder wesen als ƒ36:- ick en sende geen reeckeinge

1093 479 2245 107 voor dat ick wete hoe veel dat ul en jouff: vanderborght sullen

1096 580 2256 107 hebben de baeijen sijn heden geverft en soo het morgendroegen

1103 636 2177 124 wilt sal ick ul die oock toesenden, en aen ul laeten wet en

1101 741 2137 150 bidde andermael laet soeuff. vanderborght paert hebben inde

1103 796 2224 161 kersijen, want ick mij daer op verlaete, en soo het al gelieft

1122 894 2289 171 sal het ander pack oock senden heel oft ½ soo het ul commanteeren

1121 1025 1467 143 sal blijve naer Cordiale groetenisse.

2623 1033 656 172 Adij 26 xber 1696

851 1051 1074 192 brussel wed. vanderborght

1102 1114 2201 164 alsoo ick soo veel alsuyt vercocht ben en om de schoone daegen

1106 1257 2168 128 hebt ick buyten geweest het welck oorsake is dat ick ul brief

1102 1323 2198 141 van 23 deser niet hebbe beant wort voor eerst bedanck ick ul

1113 1435 2082 96 seer hertelijck voor ul goede betaelinge aen monsr. rousseau

1126 1492 2177 109 gedaen maer ben bedroeft dat ul van mij claght en mijn

1107 1586 2256 142 seggen dat alles vercocht was gelijck voor smetiantie opneemt

1108 1653 2033 130 het il mij droeverp te sien occasie van goet te connen

1103 1723 2126 156 vercoopen en geen te hebben dan ick al wel can schrijven,

1116 1792 2140 173 nochtans hadde ick de suijvere elf van het pack geperst voor

1110 1904 2210 140 ul bewaert sijnde 10 ditferente stucken 10 differente couleuren

1087 2003 2189 135 waer van op eenendagh maer 1 overbleeft naer dat ul soon

1130 2101 2250 117 die hadde gesen soo dat ick immers voor ul hebbe gedaen dat voor

1107 2197 2217 101 andere niet doen, de baejen hebbe ul gepresent tot ƒ1 het et

1113 2269 2133 148 wisselgelt nietmant heeft minder besteedt en men seght mij

1113 2365 2223 143 dat andere noch meer als: het tt gecocht hebben soo hebbick

1124 2462 2101 130 noch de minste mert becomen en evenwel 5 st par stuck

1121 2529 2202 166 meer al sul mij heeft geboeden. de kersijen waeren beschadicht

1126 2638 2137 117 tot mijn leet wesen, evenwel sijn die meest ƒ 6:- het stuck

1105 2699 2177 151 vercocht. het wal voorleden donderdagh t daegen te weten

1120 2794 2218 147 18 doegen dat al soon hier was als wanneer ick hem presenteerde

1128 2868 2153 153 20 stucken carsijen van tilleij a ƒ36: het stuck hebbende s.

1127 2949 2254 198 vanden clooster 12 stucken vant selve marckals dan positivelijck

1117 3046 2208 209 gecocht leeft tuyscomende sijn schoorvaeder ververs daer van

1119 3130 2166 177 gesprocken, die mij aenstonts heeft geordoneert hem dat pak

1128 3212 2251 171 toe te senden en is het selve pack heden op brusselgeleeven

1127 3332 2180 122 is genombteert N290 hout in 40 stucken altemen gilley

1137 3411 2135 151 soo hebbe ick hem geschreven dat ul dat pack sout deylen

1121 3497 2247 165 onder ul doijen, want is altemael een ende selve qualitijdt

1122 3579 2174 178 ende merck, het gene ick niet twijffele het gene hij sal doen,

1121 3682 2191 189 dat pack sal naeste maendagh tot brussel wesen en laet

1139 3767 2203 198 mij weten hoe veel ul daer uijt hebben sal en die ul minder

1122 3854 2116 133 heeft als 30 stacken sal ick ul die naeste weecke senden

2932 3969 398 95 het welck van

1298 3938 1996 197 at ick noch een pack hebbe van 40 stucken, maer daer

859 3999 714 151 Amsterdam ul gelaeden

1137 4026 2156 180 sijn maer 20 stucken van rille bij 10 stucken van nichiep

1120 4122 2165 139 saedel, en 10 stucken T.C:C. en dat il het lelte dat ick van dese

1135 4215 2272 125 convoijen hebbe geoegen, oversulckx maekt het te samen ten beste

1130 4295 2250 169 mogelijck, want ick schrijve dat ul ul deah daer moet aijt hebben

3521 157 2444 154 en als ick sal weeten hoe veel staeken ul sal hebben ontfangen sal

3524 218 2346 178 ick die te bock stellen, met al ordre hoe veel ul uyt set ander

3511 299 2421 182 pack soude begeeren, want de ½ daer van oock alreede is verlooft

3525 430 2418 140 ul moet mij geen instantelijcke betaelinge presenteeren, want ick

3514 494 2397 141 soude aen ul om £s000 seffens vercoopen als maer om £100:-

3532 572 2463 207 daerom hebt soo daenige gedachte niet van mij, ul diende wel beter

3523 681 2459 203 te weeten, maer tis moeijelijck een ieder van paste dienen alser geen

3536 779 2461 138 sortement en is, soo het vreede is sal dat wel beteren, dan vreese ick

3520 880 2466 150 dat et veel meer goet sal wesen als coopers, ick en schrijve niet coman

5847 899 125 88 deers

3527 961 2435 164 liberlijck oft ick wensche dat gij oock doet voor al dat in mijn maght

5743 1080 221 77 blijve

3638 1047 2343 176 meerder can ick niet doen ter wijlen naervrindelijcke groetenisse

3453 1064 922 172 brussel de wede vanderborght

5428 1183 250 123 27 d

3529 1166 2457 256 ick hebbe ul gisterek geschreven wat noodich was en heden aent schips

3519 1281 2381 203 geweest en 1 pack N 290 met kersijen aen ul geconsigneert, en voor

3515 1349 2445 262 vraght bedongen ƒ 4:- dat is 2 stuijvers par stuck cartije, ick bidde gelieft

3509 1484 2481 230 malcanderen daerinne te verstaen hopende ieder sich salover genaegen

3513 1573 2337 226 met een derde deel in de partije immers aen mons. vanden clooster

3516 1659 2458 215 hebbe maer 12 stucken toegelijdt, daer is noch een pack met ander goet

3517 1757 2462 241 voor mons. ververs op ul toebrief en merck omdat hij geen tolbrief

3530 1839 2401 249 hadde, naer ul antwort sal ick mij reguleeren om vervolgens te bock

3527 1935 328 126 te stellen

3461 2001 778 162 brussel govaert ververs

5456 2055 240 139 27d

3511 2119 2472 167 volgens dat ick ul gisteren hebbe geschreven, is het pack N290 gelaeden

3537 2209 2448 201 int beurtschip, en als ick heden op het huijsken hebbe gaen sien, soo bevinde

3526 2290 2333 206 van ul geen tolbrief, nochte oock niet van monsr. vanden clooster

3522 2361 2419 263 seggenden den facteur ul tolbrief hier niet, en sijn, soo hebbe ick het pack

3523 2481 2457 230 N290 met kersijen op den tolbrief van de wed. vandersorght gesonden

3510 2570 2462 186 ende de vraght geaccordeert vier guldens, soo moet ul absoluet niet meer

3525 2636 2386 221 als ƒ4 voor vraght betaelen ick hebe noch een pack op haeren

3524 2761 2457 208 holbrief voo al gesonden inhoudende 12 bayen, 10 daer van podt

3517 2851 2375 169 sijn sijnde als hiet onder waer van ul eene rek. sal senden, soo

3526 2922 2346 184 haeyt ick wete hoe veel karseyen ul sal houden waet imie bidde

3537 3068 2438 153 doet al wat ul mogelijck is, want ick hebben noch meer gelyck ick ul

3542 3137 2389 196 hebbe geschren, wat op ul antwoordt sverwaechte eddende aen me

3535 3233 2409 199 mandt te seggen, dat dese 12 bayen van mij eene veelim

3526 3359 1181 201 tot wat puse die vercoult hebbe

3778 3415 2220 193 behoudt van ue pack VB geconsigh. aer ge. de wed. vanderborgste

3792 3536 2143 154 2 baeije roodt a 8 29: 1 ditto wit & 31: 2 ditto roodt a 32

3816 3663 2126 140 3 ditto roodt van & 39 a 40, 1ditto wit & 40, ad. roodt

3811 3729 1865 180 ue van aB, 1d roodt van a 44 samen 12 eees
