8193 4671
3600 165 2397 126 & whereas glove to express my minde, so express freely pour

3593 231 2461 158 Antrim I exspect yo approdation thas and advice, that these remi=

3594 338 2411 133 des give you full content for y ballance of my accompl &

3606 403 2429 159 ex pect you shall not take anney further consideration upon y

3607 508 2418 169 banck notes, butt go as low as possible to buy sents poovision

3578 594 2460 202 mij last was order for a pack of 55 gallows markes a pak

3579 724 2451 190 of winte flannells, w. & by these confirme lett further bee

3587 809 2390 195 bought 10 a 13 thite swansseins bayes half of y. greet

5348 931 270 94 thay

3590 977 2420 203 strepken, y dest as best you can finde:, butt, &ought to bee

5021 1055 485 108 their sale

3571 1060 2475 222 pere white for y whitenees make  on y i1 sbe

3583 1207 2464 145 last have send you natt & instructions for come light sp. clothes

3558 1284 2477 188 to bee made & prepared for springe lette  to v in stouc =

3559 1410 2479 150 tions, you have sent some in y builes n°5:, so lett y rest

3565 1494 2489 197 bee compleates towarde springe, & further bought to 36y

5033 1586 321 112 n

3568 1639 2455 216 sp cloathes to y inclos. patt, as alsoe 48 ongle dozexs nyt

3547 1757 2473 186 north to bee sent to londen, ther and there to bee ship for

3544 1848 2463 197 oastend, doeinge therem as for yo self my spiculatien

3571 1967 2447 216 beeinge that no goods can bee in ill., as leng as y frost

3562 2077 2446 210 contnu far goods shall bee readd, when demaro shall

3587 2205 2408 208 come, therefore send thele orders by time, & exspect your

3581 2318 2377 214 opincon & cedoise waat passes to tahe further  me asures

3557 2441 2432 202 accordinaley, as also about ec. I heate some bad nieuw of

3551 2562 2418 211 some french whoes bugines goo not well pray awhort p. y

3546 2702 2142 178 neast for de name is not mentoned, S. whigh y. happy

3542 2759 1246 161 remitted 24 cour £ 284:13:9

3545 2843 1140 131 inclosed on ssack de castio „ 200: -

3537 2917 1079 160 on Jan de maistre 100:

4233 3006 547 114 „ 31:16:3

3540 3027 304 139 on ditto

4232 3126 528 131 £616:10:-
