<?xml version="1.0" encoding="UTF-8"?>
<alto xmlns:xsi="http://www.w3.org/2001/XMLSchema-instance"
      xmlns="http://www.loc.gov/standards/alto/ns-v4#"
      xmlns:page="http://schema.primaresearch.org/PAGE/gts/pagecontent/2013-07-15"
      xsi:schemaLocation="http://www.loc.gov/standards/alto/ns-v4# https://www.loc.gov/standards/alto/v4/alto.xsd">
   <Description>
      <MeasurementUnit>pixel</MeasurementUnit>
      <OCRProcessing ID="IdOcr">
         <ocrProcessingStep>
            <processingDateTime>2022-02-04T12:21:23.985+01:00</processingDateTime>
            <processingSoftware>
               <softwareCreator>READ COOP</softwareCreator>
               <softwareName>Transkribus</softwareName>
            </processingSoftware>
         </ocrProcessingStep>
      </OCRProcessing>
   </Description>
   <Layout>
      <Page ID="Page1" PHYSICAL_IMG_NR="1" HEIGHT="4593" WIDTH="8092">
         <TopMargin HEIGHT="0" WIDTH="8092" VPOS="0" HPOS="0"/>
         <LeftMargin HEIGHT="4593" WIDTH="0" VPOS="0" HPOS="0"/>
         <RightMargin HEIGHT="4593" WIDTH="0" VPOS="0" HPOS="8092"/>
         <BottomMargin HEIGHT="0" WIDTH="8092" VPOS="4593" HPOS="0"/>
         <PrintSpace HEIGHT="4593" WIDTH="8092" VPOS="0" HPOS="0">
            <TextBlock ID="region_1639151442967_670"
                       HEIGHT="4382"
                       WIDTH="2586"
                       VPOS="156"
                       HPOS="3386">
               <Shape>
                  <Polygon POINTS="3386,156 5972,156 5972,4538 3386,4538"/>
               </Shape>
               <TextLine ID="region_1639151442967_670l1"
                         BASELINE="3558,228 3586,227 3614,226 3642,226 3671,226 3699,226 3727,226 3756,226 3784,226 3812,228 3841,228 3869,228 3897,228 3925,228 3954,230 3982,230 4010,228 4039,228 4067,228 4095,227 4124,226"
                         HEIGHT="99"
                         WIDTH="596"
                         VPOS="156"
                         HPOS="3543">
                  <String ID="string_region_1639151442967_670l1"
                          HEIGHT="99"
                          WIDTH="596"
                          VPOS="156"
                          HPOS="3543"
                          CONTENT="Nabt. &amp; wil: Heyd"/>
               </TextLine>
               <TextLine ID="region_1639151442967_670l2"
                         BASELINE="5124,262 5154,264 5185,266 5216,266 5247,266 5278,268 5308,268 5339,268 5370,268 5401,268 5432,268 5462,268 5493,268 5524,268 5555,268 5586,268 5616,268 5647,269 5678,270 5709,272 5740,274"
                         HEIGHT="148"
                         WIDTH="648"
                         VPOS="167"
                         HPOS="5107">
                  <String ID="string_region_1639151442967_670l2"
                          HEIGHT="148"
                          WIDTH="648"
                          VPOS="167"
                          HPOS="5107"
                          CONTENT="Ady 17: gber 1695"/>
               </TextLine>
               <TextLine ID="region_1639151442967_670l3"
                         BASELINE="3400,314 3449,310 3499,306 3549,304 3599,302 3649,298 3698,296 3748,294 3798,291 3848,289 3898,286 3947,286 3997,284 4047,282 4097,280 4147,280 4196,278 4246,278 4296,276 4346,276 4396,274"
                         HEIGHT="171"
                         WIDTH="1034"
                         VPOS="180"
                         HPOS="3379">
                  <String ID="string_region_1639151442967_670l3"
                          HEIGHT="171"
                          WIDTH="1034"
                          VPOS="180"
                          HPOS="3379"
                          CONTENT="Leden Wanter en willem Kent"/>
               </TextLine>
               <TextLine ID="region_1639151442967_670l4"
                         BASELINE="4394,352 4420,350 4447,353 4474,356"
                         HEIGHT="148"
                         WIDTH="118"
                         VPOS="242"
                         HPOS="4377">
                  <String ID="string_region_1639151442967_670l4"
                          HEIGHT="148"
                          WIDTH="118"
                          VPOS="242"
                          HPOS="4377"
                          CONTENT="th"/>
               </TextLine>
               <TextLine ID="region_1639151442967_670l5"
                         BASELINE="3564,448 3678,439 3793,433 3908,428 4023,422 4138,418 4252,414 4367,410 4482,407 4597,404 4712,404 4826,402 4941,402 5056,402 5171,404 5286,406 5400,408 5515,410 5630,414 5745,420 5860,424"
                         HEIGHT="154"
                         WIDTH="2327"
                         VPOS="329"
                         HPOS="3548">
                  <String ID="string_region_1639151442967_670l5"
                          HEIGHT="154"
                          WIDTH="2327"
                          VPOS="329"
                          HPOS="3548"
                          CONTENT="D Sence my last of 7: cur. receaved yours of 22:25: &amp; 29: pass"/>
               </TextLine>
               <TextLine ID="region_1639151442967_670l6"
                         BASELINE="3556,556 3675,545 3795,535 3915,527 4035,520 4155,514 4274,510 4394,505 4514,502 4634,500 4754,500 4873,498 4993,498 5113,500 5233,502 5353,502 5472,506 5592,508 5712,510 5832,514 5952,516"
                         HEIGHT="168"
                         WIDTH="2426"
                         VPOS="401"
                         HPOS="3539">
                  <String ID="string_region_1639151442967_670l6"
                          HEIGHT="168"
                          WIDTH="2426"
                          VPOS="401"
                          HPOS="3539"
                          CONTENT="s J. advised you boath convoyes are well arrived att ostend crotter"/>
               </TextLine>
               <TextLine ID="region_1639151442967_670l7"
                         BASELINE="3536,638 3653,628 3771,619 3889,611 4007,604 4125,599 4243,594 4361,590 4479,588 4597,586 4715,585 4832,584 4950,584 5068,586 5186,586 5304,588 5422,591 5540,594 5658,597 5776,600 5894,604"
                         HEIGHT="131"
                         WIDTH="2389"
                         VPOS="522"
                         HPOS="3520">
                  <String ID="string_region_1639151442967_670l7"
                          HEIGHT="131"
                          WIDTH="2389"
                          VPOS="522"
                          HPOS="3520"
                          CONTENT="dam, as also that from hull att Amsteldam where n°.75: beenge"/>
               </TextLine>
               <TextLine ID="region_1639151442967_670l8"
                         BASELINE="3534,714 3654,706 3774,699 3894,692 4015,686 4135,680 4255,676 4376,674 4496,670 4616,670 4737,668 4857,668 4977,668 5097,670 5218,672 5338,675 5458,678 5579,683 5699,687 5819,693 5940,700"
                         HEIGHT="159"
                         WIDTH="2437"
                         VPOS="585"
                         HPOS="3517">
                  <String ID="string_region_1639151442967_670l8"
                          HEIGHT="159"
                          WIDTH="2437"
                          VPOS="585"
                          HPOS="3517"
                          CONTENT="left out, is no hopes to have that Pack att this si de before necxtspriag"/>
               </TextLine>
               <TextLine ID="region_1639151442967_670l9"
                         BASELINE="3528,786 3648,780 3769,776 3890,772 4011,768 4132,766 4253,762 4374,760 4495,760 4616,760 4737,760 4857,760 4978,760 5099,762 5220,766 5341,768 5462,772 5583,776 5704,781 5825,786 5946,792"
                         HEIGHT="113"
                         WIDTH="2449"
                         VPOS="706"
                         HPOS="3512">
                  <String ID="string_region_1639151442967_670l9"
                          HEIGHT="113"
                          WIDTH="2449"
                          VPOS="706"
                          HPOS="3512"
                          CONTENT="so can not accept thereof as yet for my accompt. rod send ary boy"/>
               </TextLine>
               <TextLine ID="region_1639151442967_670l10"
                         BASELINE="3534,872 3654,865 3775,860 3895,855 4016,852 4137,848 4257,846 4378,846 4498,844 4619,846 4740,846 4860,848 4981,850 5101,852 5222,854 5343,858 5463,862 5584,866 5704,870 5825,875 5946,880"
                         HEIGHT="105"
                         WIDTH="2443"
                         VPOS="782"
                         HPOS="3518">
                  <String ID="string_region_1639151442967_670l10"
                          HEIGHT="105"
                          WIDTH="2443"
                          VPOS="782"
                          HPOS="3518"
                          CONTENT="well to arrive t'is good hee hast hath 3 convoyes, because the french "/>
               </TextLine>
               <TextLine ID="region_1639151442967_670l11"
                         BASELINE="3524,954 3646,950 3768,946 3890,941 4012,938 4134,936 4256,933 4378,931 4500,930 4622,930 4745,930 4867,930 4989,931 5111,934 5233,936 5355,940 5477,945 5599,950 5721,957 5843,964 5966,974"
                         HEIGHT="139"
                         WIDTH="2474"
                         VPOS="849"
                         HPOS="3508">
                  <String ID="string_region_1639151442967_670l11"
                          HEIGHT="139"
                          WIDTH="2474"
                          VPOS="849"
                          HPOS="3508"
                          CONTENT="are with many prinateers upon the dutch coesto. you need not hasten "/>
               </TextLine>
               <TextLine ID="region_1639151442967_670l12"
                         BASELINE="3520,1038 3640,1034 3761,1032 3881,1028 4002,1026 4123,1024 4243,1022 4364,1020 4484,1018 4605,1018 4726,1018 4846,1018 4967,1020 5087,1020 5208,1024 5329,1026 5449,1031 5570,1036 5690,1042 5811,1048 5932,1056"
                         HEIGHT="167"
                         WIDTH="2443"
                         VPOS="934"
                         HPOS="3505">
                  <String ID="string_region_1639151442967_670l12"
                          HEIGHT="167"
                          WIDTH="2443"
                          VPOS="934"
                          HPOS="3505"
                          CONTENT="yours self for the reste of the spanish clothes except what cancome"/>
               </TextLine>
               <TextLine ID="region_1639151442967_670l13"
                         BASELINE="3536,1128 3654,1125 3772,1122 3891,1120 4009,1118 4128,1114 4246,1113 4364,1111 4483,1110 4601,1108 4720,1108 4838,1108 4956,1110 5075,1112 5193,1114 5312,1118 5430,1124 5548,1130 5667,1136 5785,1145 5904,1156"
                         HEIGHT="146"
                         WIDTH="2400"
                         VPOS="1032"
                         HPOS="3521">
                  <String ID="string_region_1639151442967_670l13"
                          HEIGHT="146"
                          WIDTH="2400"
                          VPOS="1032"
                          HPOS="3521"
                          CONTENT="by the first convoy for ostend, from whence they ep totite, thath "/>
               </TextLine>
               <TextLine ID="region_1639151442967_670l14"
                         BASELINE="3524,1224 3641,1218 3758,1213 3876,1208 3993,1204 4111,1202 4228,1200 4345,1198 4463,1198 4580,1196 4698,1198 4815,1199 4932,1202 5050,1204 5167,1208 5285,1212 5402,1217 5519,1222 5637,1228 5754,1237 5872,1244"
                         HEIGHT="154"
                         WIDTH="2379"
                         VPOS="1124"
                         HPOS="3509">
                  <String ID="string_region_1639151442967_670l14"
                          HEIGHT="154"
                          WIDTH="2379"
                          VPOS="1124"
                          HPOS="3509"
                          CONTENT="a convoij sailed for london, &amp; will come to fetch the vessels in 14:"/>
               </TextLine>
               <TextLine ID="region_1639151442967_670l15"
                         BASELINE="3520,1314 3638,1307 3756,1302 3874,1298 3992,1294 4111,1292 4229,1292 4347,1292 4465,1292 4583,1294 4702,1296 4820,1299 4938,1302 5056,1306 5174,1311 5293,1315 5411,1321 5529,1325 5647,1332 5765,1336 5884,1342"
                         HEIGHT="154"
                         WIDTH="2394"
                         VPOS="1215"
                         HPOS="3505">
                  <String ID="string_region_1639151442967_670l15"
                          HEIGHT="154"
                          WIDTH="2394"
                          VPOS="1215"
                          HPOS="3505"
                          CONTENT="dayers there under is beeter blankaers, who as hath aboard the"/>
               </TextLine>
               <TextLine ID="region_1639151442967_670l16"
                         BASELINE="3528,1408 3644,1402 3760,1396 3877,1392 3993,1388 4110,1386 4226,1386 4342,1384 4459,1386 4575,1387 4692,1390 4808,1392 4924,1396 5041,1400 5157,1405 5274,1410 5390,1416 5506,1422 5623,1428 5739,1434 5856,1440"
                         HEIGHT="199"
                         WIDTH="2362"
                         VPOS="1286"
                         HPOS="3511">
                  <String ID="string_region_1639151442967_670l16"
                          HEIGHT="199"
                          WIDTH="2362"
                          VPOS="1286"
                          HPOS="3511"
                          CONTENT="voyes the proceed where of must como upon this accoumps, as "/>
               </TextLine>
               <TextLine ID="region_1639151442967_670l17"
                         BASELINE="3514,1502 3630,1494 3747,1488 3863,1483 3980,1480 4096,1478 4213,1476 4329,1476 4446,1476 4562,1478 4679,1480 4795,1484 4912,1486 5028,1490 5145,1495 5261,1500 5378,1506 5494,1510 5611,1516 5727,1522 5844,1526"
                         HEIGHT="146"
                         WIDTH="2364"
                         VPOS="1386"
                         HPOS="3497">
                  <String ID="string_region_1639151442967_670l17"
                          HEIGHT="146"
                          WIDTH="2364"
                          VPOS="1386"
                          HPOS="3497"
                          CONTENT="also woult faine, see something for the packinge pres whilst I "/>
               </TextLine>
               <TextLine ID="region_1639151442967_670l18"
                         BASELINE="3516,1590 3635,1584 3755,1578 3875,1574 3995,1571 4115,1568 4235,1568 4355,1568 4475,1568 4595,1570 4715,1572 4834,1576 4954,1579 5074,1584 5194,1588 5314,1595 5434,1600 5554,1608 5674,1614 5794,1622 5914,1630"
                         HEIGHT="143"
                         WIDTH="2432"
                         VPOS="1500"
                         HPOS="3499">
                  <String ID="string_region_1639151442967_670l18"
                          HEIGHT="143"
                          WIDTH="2432"
                          VPOS="1500"
                          HPOS="3499"
                          CONTENT="shall examine my accoumpt &amp; advise you, yor brother w is att"/>
               </TextLine>
               <TextLine ID="region_1639151442967_670l19"
                         BASELINE="4702,1620 4728,1622 4755,1623 4782,1624"
                         HEIGHT="55"
                         WIDTH="113"
                         VPOS="1577"
                         HPOS="4686">
                  <String ID="string_region_1639151442967_670l19"
                          HEIGHT="55"
                          WIDTH="113"
                          VPOS="1577"
                          HPOS="4686"
                          CONTENT="en"/>
               </TextLine>
               <TextLine ID="region_1639151442967_670l20"
                         BASELINE="3526,1672 3642,1666 3759,1662 3876,1660 3992,1658 4109,1656 4226,1656 4342,1656 4459,1658 4576,1662 4693,1664 4809,1668 4926,1673 5043,1678 5159,1685 5276,1693 5393,1698 5509,1706 5626,1716 5743,1724 5860,1734"
                         HEIGHT="172"
                         WIDTH="2366"
                         VPOS="1564"
                         HPOS="3510">
                  <String ID="string_region_1639151442967_670l20"
                          HEIGHT="172"
                          WIDTH="2366"
                          VPOS="1564"
                          HPOS="3510"
                          CONTENT="this side, exexpect him here in for dayes. here is one person that "/>
               </TextLine>
               <TextLine ID="region_1639151442967_670l21"
                         BASELINE="3514,1760 3632,1756 3750,1752 3869,1749 3987,1748 4106,1746 4224,1746 4342,1748 4461,1750 4579,1752 4698,1756 4816,1758 4934,1763 5053,1769 5171,1775 5290,1783 5408,1791 5526,1798 5645,1807 5763,1817 5882,1826"
                         HEIGHT="175"
                         WIDTH="2400"
                         VPOS="1677"
                         HPOS="3498">
                  <String ID="string_region_1639151442967_670l21"
                          HEIGHT="175"
                          WIDTH="2400"
                          VPOS="1677"
                          HPOS="3498"
                          CONTENT="hath had severall off the sandaye draps, &amp; dio much good, with hts "/>
               </TextLine>
               <TextLine ID="region_1639151442967_670l22"
                         BASELINE="4254,1794 4285,1794 4316,1794"
                         HEIGHT="64"
                         WIDTH="92"
                         VPOS="1743"
                         HPOS="4238">
                  <String ID="string_region_1639151442967_670l22"
                          HEIGHT="64"
                          WIDTH="92"
                          VPOS="1743"
                          HPOS="4238"
                          CONTENT="M"/>
               </TextLine>
               <TextLine ID="region_1639151442967_670l23"
                         BASELINE="3526,1844 3643,1840 3760,1837 3877,1836 3994,1834 4112,1834 4229,1834 4346,1836 4463,1838 4580,1842 4698,1846 4815,1850 4932,1854 5049,1858 5166,1864 5284,1870 5401,1874 5518,1880 5635,1885 5752,1890 5870,1896"
                         HEIGHT="169"
                         WIDTH="2376"
                         VPOS="1762"
                         HPOS="3510">
                  <String ID="string_region_1639151442967_670l23"
                          HEIGHT="169"
                          WIDTH="2376"
                          VPOS="1762"
                          HPOS="3510"
                          CONTENT="them &amp; though I.  you all a long so send a superfine cloth or"/>
               </TextLine>
               <TextLine ID="region_1639151442967_670l24"
                         BASELINE="3506,1950 3626,1948 3746,1946 3866,1946 3987,1946 4107,1946 4227,1946 4348,1948 4468,1950 4588,1952 4709,1954 4829,1956 4949,1958 5069,1960 5190,1964 5310,1966 5430,1968 5551,1971 5671,1974 5791,1976 5912,1978"
                         HEIGHT="144"
                         WIDTH="2441"
                         VPOS="1882"
                         HPOS="3489">
                  <String ID="string_region_1639151442967_670l24"
                          HEIGHT="144"
                          WIDTH="2441"
                          VPOS="1882"
                          HPOS="3489"
                          CONTENT="2 where ever a new cullour peensont, yett you never dit itt, for one"/>
               </TextLine>
               <TextLine ID="region_1639151442967_670l25"
                         BASELINE="3508,2056 3628,2058 3748,2058 3868,2058 3989,2058 4109,2058 4229,2058 4350,2058 4470,2058 4590,2058 4711,2060 4831,2060 4951,2060 5071,2060 5192,2062 5312,2062 5432,2064 5553,2064 5673,2066 5793,2068 5914,2070"
                         HEIGHT="152"
                         WIDTH="2437"
                         VPOS="1968"
                         HPOS="3492">
                  <String ID="string_region_1639151442967_670l25"
                          HEIGHT="152"
                          WIDTH="2437"
                          VPOS="1968"
                          HPOS="3492"
                          CONTENT="p of 14a 15 a 16 ƒ is nothing of if brutt a new mode, for them by ee"/>
               </TextLine>
               <TextLine ID="region_1639151442967_670l26"
                         BASELINE="3498,2168 3616,2168 3734,2168 3853,2168 3971,2168 4090,2168 4208,2170 4326,2170 4445,2170 4563,2170 4682,2172 4800,2172 4918,2172 5037,2172 5155,2172 5274,2172 5392,2172 5510,2172 5629,2172 5747,2172 5866,2170"
                         HEIGHT="146"
                         WIDTH="2400"
                         VPOS="2059"
                         HPOS="3481">
                  <String ID="string_region_1639151442967_670l26"
                          HEIGHT="146"
                          WIDTH="2400"
                          VPOS="2059"
                          HPOS="3481"
                          CONTENT="can male fryinds here &amp; when ordered that everie one hath iss "/>
               </TextLine>
               <TextLine ID="region_1639151442967_670l27"
                         BASELINE="3498,2290 3614,2287 3731,2284 3847,2282 3964,2280 4080,2278 4197,2278 4313,2276 4430,2276 4546,2276 4663,2276 4779,2276 4896,2278 5012,2278 5129,2278 5245,2278 5362,2280 5478,2280 5595,2280 5711,2282 5828,2282"
                         HEIGHT="132"
                         WIDTH="2360"
                         VPOS="2219"
                         HPOS="3483">
                  <String ID="string_region_1639151442967_670l27"
                          HEIGHT="132"
                          WIDTH="2360"
                          VPOS="2219"
                          HPOS="3483"
                          CONTENT="then ett is not mellcome. shaveciutt you abont the colchester "/>
               </TextLine>
               <TextLine ID="region_1639151442967_670l28"
                         BASELINE="3498,2404 3616,2402 3735,2400 3853,2400 3972,2400 4091,2400 4209,2400 4328,2400 4446,2400 4565,2400 4684,2402 4802,2402 4921,2402 5039,2404 5158,2404 5277,2404 5395,2404 5514,2404 5632,2404 5751,2404 5870,2404"
                         HEIGHT="187"
                         WIDTH="2403"
                         VPOS="2282"
                         HPOS="3481">
                  <String ID="string_region_1639151442967_670l28"
                          HEIGHT="187"
                          WIDTH="2403"
                          VPOS="2282"
                          HPOS="3481"
                          CONTENT="bayes if you cam find them to content white &amp; fim lott them"/>
               </TextLine>
               <TextLine ID="region_1639151442967_670l29"
                         BASELINE="3520,2502 3636,2506 3752,2508 3868,2510 3985,2512 4101,2514 4217,2514 4334,2516 4450,2516 4566,2516 4683,2516 4799,2516 4915,2516 5031,2514 5148,2514 5264,2514 5380,2512 5497,2512 5613,2512 5729,2512 5846,2512"
                         HEIGHT="141"
                         WIDTH="2357"
                         VPOS="2423"
                         HPOS="3506">
                  <String ID="string_region_1639151442967_670l29"
                          HEIGHT="141"
                          WIDTH="2357"
                          VPOS="2423"
                          HPOS="3506"
                          CONTENT="come for ostend as also the pack whited &amp; what sp clothes you"/>
               </TextLine>
               <TextLine ID="region_1639151442967_670l30"
                         BASELINE="3486,2630 3607,2630 3728,2628 3849,2628 3971,2628 4092,2628 4213,2628 4335,2628 4456,2628 4577,2630 4699,2630 4820,2630 4941,2630 5062,2630 5184,2631 5305,2632 5426,2632 5548,2630 5669,2630 5790,2630 5912,2628"
                         HEIGHT="170"
                         WIDTH="2455"
                         VPOS="2513"
                         HPOS="3471">
                  <String ID="string_region_1639151442967_670l30"
                          HEIGHT="170"
                          WIDTH="2455"
                          VPOS="2513"
                          HPOS="3471"
                          CONTENT="shall have reddy by their do parture: lett l N 75 soine by Lengleay "/>
               </TextLine>
               <TextLine ID="region_1639151442967_670l31"
                         BASELINE="3506,2742 3627,2742 3748,2742 3869,2740 3991,2742 4112,2742 4233,2742 4355,2742 4476,2742 4597,2744 4719,2744 4840,2744 4961,2744 5082,2744 5204,2744 5325,2744 5446,2744 5568,2742 5689,2740 5810,2738 5932,2736"
                         HEIGHT="142"
                         WIDTH="2458"
                         VPOS="2668"
                         HPOS="3490">
                  <String ID="string_region_1639151442967_670l31"
                          HEIGHT="142"
                          WIDTH="2458"
                          VPOS="2668"
                          HPOS="3490"
                          CONTENT="do London to be shipt Theu for ostend, butt that risees for yr. acd"/>
               </TextLine>
               <TextLine ID="region_1639151442967_670l32"
                         BASELINE="3498,2866 3619,2859 3740,2854 3861,2850 3982,2846 4104,2846 4225,2844 4346,2844 4467,2846 4588,2846 4710,2848 4831,2850 4952,2852 5073,2852 5194,2854 5316,2854 5437,2854 5558,2852 5679,2850 5800,2848 5922,2842"
                         HEIGHT="190"
                         WIDTH="2455"
                         VPOS="2737"
                         HPOS="3482">
                  <String ID="string_region_1639151442967_670l32"
                          HEIGHT="190"
                          WIDTH="2455"
                          VPOS="2737"
                          HPOS="3482"
                          CONTENT="&amp; Ill run itt fram london I have the packes N 70 &amp; 73 there under"/>
               </TextLine>
               <TextLine ID="region_1639151442967_670l33"
                         BASELINE="3510,2970 3629,2965 3749,2962 3868,2958 3988,2956 4108,2956 4227,2954 4347,2954 4466,2954 4586,2956 4706,2956 4825,2956 4945,2958 5064,2958 5184,2958 5304,2958 5423,2958 5543,2956 5662,2954 5782,2951 5902,2946"
                         HEIGHT="166"
                         WIDTH="2421"
                         VPOS="2856"
                         HPOS="3496">
                  <String ID="string_region_1639151442967_670l33"
                          HEIGHT="166"
                          WIDTH="2421"
                          VPOS="2856"
                          HPOS="3496"
                          CONTENT="26 bayes of 35 &amp; which sort is lettle demanded &amp; sure not"/>
               </TextLine>
               <TextLine ID="region_1639151442967_670l34"
                         BASELINE="3522,3082 3639,3076 3757,3072 3875,3068 3993,3066 4111,3064 4228,3064 4346,3062 4464,3062 4582,3062 4700,3064 4817,3064 4935,3064 5053,3066 5171,3066 5289,3066 5406,3068 5524,3068 5642,3068 5760,3068 5878,3066"
                         HEIGHT="167"
                         WIDTH="2387"
                         VPOS="2973"
                         HPOS="3507">
                  <String ID="string_region_1639151442967_670l34"
                          HEIGHT="167"
                          WIDTH="2387"
                          VPOS="2973"
                          HPOS="3507"
                          CONTENT="ordered by mee, they are all extravagant deans, what will"/>
               </TextLine>
               <TextLine ID="region_1639151442967_670l35"
                         BASELINE="3512,3196 3597,3192 3683,3188 3768,3185 3854,3182 3939,3180 4025,3180 4110,3178 4196,3178 4281,3179 4367,3180 4452,3180 4538,3182 4623,3182 4709,3184 4794,3184 4880,3184 4965,3186 5051,3186 5136,3186 5222,3184"
                         HEIGHT="165"
                         WIDTH="1743"
                         VPOS="3071"
                         HPOS="3495">
                  <String ID="string_region_1639151442967_670l35"
                          HEIGHT="165"
                          WIDTH="1743"
                          VPOS="3071"
                          HPOS="3495"
                          CONTENT="become att last here of how are pisies"/>
               </TextLine>
               <TextLine ID="region_1639151442967_670l36"
                         BASELINE="5216,3272 5241,3270 5266,3268 5291,3268 5316,3266 5341,3263 5366,3262 5391,3260 5416,3260 5441,3259 5466,3258 5492,3260"
                         HEIGHT="163"
                         WIDTH="312"
                         VPOS="3158"
                         HPOS="5198">
                  <String ID="string_region_1639151442967_670l36"
                          HEIGHT="163"
                          WIDTH="312"
                          VPOS="3158"
                          HPOS="5198"
                          CONTENT="17 ditto"/>
               </TextLine>
               <TextLine ID="region_1639151442967_670l37"
                         BASELINE="3392,3324 3439,3322 3487,3319 3534,3317 3582,3314 3630,3312 3677,3310 3725,3308 3772,3306 3820,3303 3868,3300 3915,3298 3963,3297 4010,3296 4058,3294 4106,3292 4153,3292 4201,3292 4248,3290 4296,3290 4344,3292"
                         HEIGHT="175"
                         WIDTH="989"
                         VPOS="3185"
                         HPOS="3370">
                  <String ID="string_region_1639151442967_670l37"
                          HEIGHT="175"
                          WIDTH="989"
                          VPOS="3185"
                          HPOS="3370"
                          CONTENT="Amsterdam geraert Rover"/>
               </TextLine>
               <TextLine ID="region_1639151442967_670l38"
                         BASELINE="3518,3380 3637,3376 3756,3374 3875,3372 3995,3370 4114,3370 4233,3372 4353,3374 4472,3376 4591,3378 4711,3381 4830,3384 4949,3386 5068,3388 5188,3390 5307,3392 5426,3392 5546,3394 5665,3392 5784,3390 5904,3388"
                         HEIGHT="211"
                         WIDTH="2419"
                         VPOS="3255"
                         HPOS="3503">
                  <String ID="string_region_1639151442967_670l38"
                          HEIGHT="211"
                          WIDTH="2419"
                          VPOS="3255"
                          HPOS="3503"
                          CONTENT="mijn heer &amp; cosijn op 14 deser was aen uwe mijnen laesten, ende bij"/>
               </TextLine>
               <TextLine ID="region_1639151442967_670l39"
                         BASELINE="3498,3468 3616,3460 3734,3456 3852,3452 3970,3452 4088,3452 4206,3454 4324,3456 4442,3459 4560,3463 4679,3468 4797,3473 4915,3478 5033,3482 5151,3488 5269,3492 5387,3496 5505,3498 5623,3500 5741,3502 5860,3500"
                         HEIGHT="158"
                         WIDTH="2397"
                         VPOS="3366"
                         HPOS="3481">
                  <String ID="string_region_1639151442967_670l39"
                          HEIGHT="158"
                          WIDTH="2397"
                          VPOS="3366"
                          HPOS="3481"
                          CONTENT="den selven poste in een brief appart 18 guineer de welcke ick hope ul"/>
               </TextLine>
               <TextLine ID="region_1639151442967_670l40"
                         BASELINE="3502,3556 3619,3549 3736,3544 3853,3540 3970,3538 4087,3538 4204,3538 4321,3540 4438,3544 4555,3547 4672,3552 4789,3556 4906,3562 5023,3568 5140,3572 5257,3578 5374,3582 5491,3586 5608,3590 5725,3592 5842,3592"
                         HEIGHT="180"
                         WIDTH="2374"
                         VPOS="3490"
                         HPOS="3486">
                  <String ID="string_region_1639151442967_670l40"
                          HEIGHT="180"
                          WIDTH="2374"
                          VPOS="3490"
                          HPOS="3486"
                          CONTENT="wel sijn geworden &amp; sal naesten maendagh noch soo een partije"/>
               </TextLine>
               <TextLine ID="region_1639151442967_670l41"
                         BASELINE="3500,3644 3619,3640 3738,3638 3857,3638 3976,3638 4095,3640 4214,3640 4333,3644 4452,3646 4571,3650 4691,3654 4810,3660 4929,3663 5048,3668 5167,3673 5286,3678 5405,3682 5524,3686 5643,3690 5762,3694 5882,3696"
                         HEIGHT="182"
                         WIDTH="2414"
                         VPOS="3545"
                         HPOS="3484">
                  <String ID="string_region_1639151442967_670l41"
                          HEIGHT="182"
                          WIDTH="2414"
                          VPOS="3545"
                          HPOS="3484"
                          CONTENT="senden, ten ware ul middele tijdt mij anders informeerde, de port is"/>
               </TextLine>
               <TextLine ID="region_1639151442967_670l42"
                         BASELINE="3516,3736 3635,3732 3754,3728 3874,3726 3993,3726 4113,3724 4232,3726 4351,3727 4471,3729 4590,3732 4710,3734 4829,3739 4948,3742 5068,3748 5187,3752 5307,3756 5426,3760 5545,3765 5665,3770 5784,3774 5904,3778"
                         HEIGHT="163"
                         WIDTH="2423"
                         VPOS="3672"
                         HPOS="3499">
                  <String ID="string_region_1639151442967_670l42"
                          HEIGHT="163"
                          WIDTH="2423"
                          VPOS="3672"
                          HPOS="3499"
                          CONTENT="½ pete doch den rissco wel wat meer tot mij leetwesen is het pack N"/>
               </TextLine>
               <TextLine ID="region_1639151442967_670l43"
                         BASELINE="3496,3834 3614,3825 3733,3818 3852,3812 3971,3810 4090,3810 4208,3810 4327,3812 4446,3817 4565,3820 4684,3827 4802,3832 4921,3838 5040,3844 5159,3850 5278,3856 5396,3862 5515,3866 5634,3868 5753,3872 5872,3872"
                         HEIGHT="137"
                         WIDTH="2407"
                         VPOS="3753"
                         HPOS="3479">
                  <String ID="string_region_1639151442967_670l43"
                          HEIGHT="137"
                          WIDTH="2407"
                          VPOS="3753"
                          HPOS="3479"
                          CONTENT="75 tot hul te laet gecomen, der alven vreese dat daer noch langh"/>
               </TextLine>
               <TextLine ID="region_1639151442967_670l44"
                         BASELINE="3500,3914 3615,3910 3731,3908 3847,3906 3963,3906 4079,3908 4194,3908 4310,3912 4426,3914 4542,3918 4658,3922 4773,3926 4889,3931 5005,3936 5121,3940 5237,3946 5352,3951 5468,3955 5584,3960 5700,3964 5816,3968"
                         HEIGHT="206"
                         WIDTH="2345"
                         VPOS="3809"
                         HPOS="3486">
                  <String ID="string_region_1639151442967_670l44"
                          HEIGHT="206"
                          WIDTH="2345"
                          VPOS="3809"
                          HPOS="3486"
                          CONTENT="sal moeten blijven liggen, en voor den winter geen convoij meer"/>
               </TextLine>
               <TextLine ID="region_1639151442967_670l45"
                         BASELINE="3500,4002 3616,3998 3732,3996 3848,3994 3965,3994 4081,3996 4197,3998 4314,4001 4430,4004 4546,4010 4663,4014 4779,4020 4895,4025 5011,4030 5128,4035 5244,4040 5360,4044 5477,4048 5593,4050 5709,4052 5826,4052"
                         HEIGHT="156"
                         WIDTH="2363"
                         VPOS="3931"
                         HPOS="3482">
                  <String ID="string_region_1639151442967_670l45"
                          HEIGHT="156"
                          WIDTH="2363"
                          VPOS="3931"
                          HPOS="3482"
                          CONTENT="derwaerts sal vertrecken. ingesloten een cognossement B N. 94"/>
               </TextLine>
               <TextLine ID="region_1639151442967_670l46"
                         BASELINE="3498,4080 3618,4078 3738,4078 3858,4080 3978,4082 4098,4084 4218,4088 4338,4092 4458,4096 4578,4100 4698,4106 4818,4112 4938,4117 5058,4122 5178,4128 5298,4132 5418,4138 5538,4142 5658,4146 5778,4149 5898,4152"
                         HEIGHT="147"
                         WIDTH="2436"
                         VPOS="4039"
                         HPOS="3481">
                  <String ID="string_region_1639151442967_670l46"
                          HEIGHT="147"
                          WIDTH="2436"
                          VPOS="4039"
                          HPOS="3481"
                          CONTENT="aen boort esrij rooij die van londen met eerste goede wint met 3"/>
               </TextLine>
               <TextLine ID="region_1639151442967_670l47"
                         BASELINE="3864,4186 3884,4186"
                         HEIGHT="70"
                         WIDTH="52"
                         VPOS="4146"
                         HPOS="3848">
                  <String ID="string_region_1639151442967_670l47"
                          HEIGHT="70"
                          WIDTH="52"
                          VPOS="4146"
                          HPOS="3848"
                          CONTENT="pa"/>
               </TextLine>
               <TextLine ID="region_1639151442967_670l48"
                         BASELINE="3906,4192 3931,4190 3956,4190 3981,4190 4006,4192"
                         HEIGHT="58"
                         WIDTH="129"
                         VPOS="4149"
                         HPOS="3891">
                  <String ID="string_region_1639151442967_670l48"
                          HEIGHT="58"
                          WIDTH="129"
                          VPOS="4149"
                          HPOS="3891"
                          CONTENT="Schaet"/>
               </TextLine>
               <TextLine ID="region_1639151442967_670l49"
                         BASELINE="3490,4178 3612,4170 3734,4162 3856,4160 3978,4158 4100,4160 4222,4164 4344,4169 4466,4176 4588,4182 4711,4190 4833,4197 4955,4205 5077,4212 5199,4218 5321,4224 5443,4228 5565,4230 5687,4230 5809,4228 5932,4222"
                         HEIGHT="224"
                         WIDTH="2476"
                         VPOS="4074"
                         HPOS="3473">
                  <String ID="string_region_1639151442967_670l49"
                          HEIGHT="224"
                          WIDTH="2476"
                          VPOS="4074"
                          HPOS="3473"
                          CONTENT="convoijers stont af te comen, godt laet hem wel arriveeren, als wan"/>
               </TextLine>
               <TextLine ID="region_1639151442967_670l50"
                         BASELINE="3490,4268 3612,4251 3735,4240 3858,4232 3980,4230 4103,4230 4226,4234 4348,4240 4471,4248 4594,4258 4717,4269 4839,4281 4962,4293 5085,4305 5207,4316 5330,4324 5453,4332 5575,4337 5698,4340 5821,4340 5944,4334"
                         HEIGHT="225"
                         WIDTH="2487"
                         VPOS="4184"
                         HPOS="3475">
                  <String ID="string_region_1639151442967_670l50"
                          HEIGHT="225"
                          WIDTH="2487"
                          VPOS="4184"
                          HPOS="3475"
                          CONTENT="ul het selve sal gelieven te verclaren voor  9½ gemengelde spaense"/>
               </TextLine>
               <TextLine ID="region_1639151442967_670l51"
                         BASELINE="3502,4344 3617,4336 3733,4332 3848,4328 3964,4328 4079,4329 4195,4332 4310,4337 4426,4342 4541,4347 4657,4354 4772,4361 4888,4369 5003,4377 5119,4384 5234,4391 5350,4398 5465,4404 5581,4407 5696,4410 5812,4412"
                         HEIGHT="174"
                         WIDTH="2344"
                         VPOS="4275"
                         HPOS="3486">
                  <String ID="string_region_1639151442967_670l51"
                          HEIGHT="174"
                          WIDTH="2344"
                          VPOS="4275"
                          HPOS="3486"
                          CONTENT="lakens van ieder a 45, ende 2 witte alve frisetten teder van a"/>
               </TextLine>
               <TextLine ID="region_1639151442967_670l52"
                         BASELINE="3492,4430 3611,4428 3731,4428 3851,4428 3971,4428 4091,4430 4211,4432 4331,4436 4451,4438 4571,4442 4691,4446 4810,4449 4930,4453 5050,4457 5170,4460 5290,4464 5410,4466 5530,4470 5650,4472 5770,4472 5890,4474"
                         HEIGHT="158"
                         WIDTH="2431"
                         VPOS="4320"
                         HPOS="3475">
                  <String ID="string_region_1639151442967_670l52"
                          HEIGHT="158"
                          WIDTH="2431"
                          VPOS="4320"
                          HPOS="3475"
                          CONTENT="o samen wert f 750:-, ende het selve met alle mogelijcke expeditien"/>
               </TextLine>
            </TextBlock>
         </PrintSpace>
      </Page>
   </Layout>
</alto>
