8070 4740
737 210 2584 138 Devo in 5 packes by p first convoy for holland. m. Will. Ichison hath orden

936 234 2396 158 how to ship them, as for 1y patt. of p. clothes, never send them with

929 351 2396 127 butt all wayes with y. invoyees by p cost, for I want p patt. to shew bof

907 428 2425 148 customers, what goods I exspect, for some time goods are bonght 3 a 4 monthes

919 571 2395 116 before they reach our handes, & most goods sell by y patt. mose un a

936 621 2380 176 ook of each pack as all others do, & sent them by post in yo letters

903 736 2406 139 as soone, as you can. they need not to bee biggen, then you can see

920 855 2393 163 by  inclosed dirrection, for 10 wee pay little or no nort, to faile not

917 935 2414 157 therem, and adviise send envoyces & patt.: p first, with advice, how yo

909 1097 2408 126 mar hett rules to take measures accordingley for winter provisions whilst I

2936 1148 366 148 24 d. Jany

642 1137 916 151 hull William Johnson

899 1217 2418 149 on 1 3½ courant was to you mij last, when I told you that m. henrij met cals

889 1342 2428 118 continues to serve m. kent, so that you please to speake said metealf that

911 1431 2370 135 hee acquaintes you, how hee shppes y. 4 packes for mee dat 10 „11 13 & 14

914 1517 2399 150 & an other of baeyes for m. kent shall not write to you, I have before me

907 1596 2382 138 jours of 12 p cours, to dwet mij former & y. bpresent is answar: in scootter

900 1686 2428 134 hath bought for mee 5 packes vid 2 of clothes one of kersies, one white baud

900 1751 2396 163 & one with 20 kersies & 10 baejes, lett that pack with 20 kersies & 10 baeijes

895 1840 2395 139 bee schipped for rotterdam, as also one pack of s clothes, so that 3 packes for

906 1923 2358 151 Amst & 2 bee shipped for rotterdam, butt in case m. netcalf schippes anney

910 1987 2364 168 for rotterdam of clothes, then lett that pack with 20 kersies & 10 baeijes oneley bee

897 2082 2417 113 schipped for rotterdam I. look upon y. Amst convoij all wayes to bee y. best

913 2138 2403 171 & sfrongest, so that there fore you must schip att least 3 packes that way, Iho

893 2203 2410 180 those of Amstm & rotter will ioyne to gethes, for y risico will bee great to

900 2295 2416 141 manney french capersbeinge att sea, notw if y Amst. convoij hath 8 men

909 2351 2419 202 of warr, then lett all bee shipped that way & advise everj post what passes abou

891 2460 2439 147 shippinge of mij goods & & convoijes that so I might have sime enough, to tat

896 2528 2429 184 measures about en surance butt forijs prise of y. last att 3 ½ quinees p. C

909 2607 2416 172 I will not have itt then with you for wee are better served here, so please ton

899 2690 2404 161 y cours of ensurance & as s told you before by y. packes di 14 & may

903 2792 2416 157 bee added one of baejes or kersies, you beinge uporn y place can take yd bett

891 2851 2418 146 measures, so shall rest satisied, that you shall menage my intrest upon y

892 2915 2422 168 best termes, observeinge that if y. rotterdam convoij have butt 2 a 3 men

910 3008 2410 152 of wars & that for Amstm 7 a 8 menof warr. I will have all for Amst

902 3073 2274 140 butt of they will ioyne together then y risico devided, as above. s resf

632 3128 943 165 Amsterdam geraerd rover

3049 3197 186 117 24d

891 3212 2389 171 duwe van 13„ 14 & 21 wel ontfangen de wisselop londen us hier gelijck costij

910 3320 2405 157 gemonteert & voorle den satisdagh tot 35:6 gedaen ende alsoo bomige brieven

884 3396 2426 132 van 8 van londen hebben over luyt hollandt waermede sij seggen de cours a 36 van

903 3464 2403 180 daer afcomt soo heeft hier niet onder de 35:8 willem trecken, het geene veel

884 3549 2424 150 tegen doopinie voorcompt, die de peningen voort leger fournieren moeten

887 3621 2431 177 andere messieres hebben datter geen meerdere veranderinge voorcompt wat daer

900 3720 2410 145 in costij passeert is mij aengenaem te vernemen, geerne gesien dat de vloet

902 3815 2407 143 naer spanien in see was geloopen hebbende de sheepen naer hull medegeno

888 3877 2429 173 het waere goet dat bij de convoijers die van iflant weder sullen keeren de schep

893 3959 2403 134 van hul tuijs convoyeeren, dant van daer een suffisant convoij diende te

888 4020 2417 138 comen die van rotterdam sijn oock derrewaert vertroocken, loo sij met die

893 4093 2413 149 van costij coniungeeren willen sal onsen risico te inder wesen, daer sijn tot

908 4156 2423 194 hull 10 packen voor mij gereet, hoe die gelaeden sullen worden hebben pr eerten

891 4237 2426 159 te verstaen en sal ul van die costij tijdelijck kennisse geven, wegens de gallionk

881 4312 2435 156 haeft men hier soo groote vreese niet als ul dat op geeft en waert dat men wile

869 4363 2381 144 geassureert sijn men soude hier geen 30 p. Co moeten geven en geloove

5882 166 139 119 971

3488 213 2469 112 wel tot ƒ 25 aen goede assuradors voor partijen souder hier comen aen comen ul

3498 291 2530 119 oft eenige andere vrinden daerin commende dienen twijffele niet oft soude seer wel

3492 377 2470 141 te recht comen, ick ben den voor £1200:- bij geintresseert en hebbe maer  16

3489 456 2474 124 gehadt, godt wille behouden laeten arriveeren en ons int cort een vreede

3488 544 2524 131 verleenen oft anders wort ons restien sekerlijck geruineert, tis niet goet dat

3475 589 2499 145 den vreede niets avanceert. maer soudemen soo alcomen weten wat onder

3478 664 2479 144 die ministers getrachteert wort, gelieft de in geslotene voortsganck te geven

3498 765 1697 127 en in vobrvallende occasie te commandeeren die blijve

3342 803 958 152 onden waltes & William Kent

5250 831 574 159 24 Junij 1697

3459 924 2468 164 sence mij last of 20 past, non from you, letters of y 8m are still in holland

3483 987 2464 155 guilter & master are well arrived att rotterdam as, I have writt you, if anney more

3468 1080 2470 146 such opportunitie presentes for holland before that for ostend, so lett one pack of

3450 1120 2518 186 spanih clothes or 2 with some colchester & swanskins bayes bee schipped for holland, &

3458 1191 2548 202 suppose y rotterdam convoij now with you, there in you kcan take y best measures

3463 1301 2539 172 for there is no apparence of anney convoij from ostend S Coots writes againe, that

3471 1335 2510 168 there is nor men nor monney to fleet them out, so wee must relie upon y english

3467 1439 2556 177 bij y memorandum you are to send for hull 80 white bayes, & I have envoyée onley

3462 1483 2545 196 for 40, so shope you have noglected that, inclosed st £ 200:- on John lambers

3468 1541 2535 223 procure y. needfull. ex. runnes up here, this cost mee 33:6, they say that bee letter

3479 1670 2487 149 of 8 p. from London yett bee risen with you to 36:- this bill is done last saturday

3478 1709 2533 221 & shis day no would draw under 35: 8, so if opportunitie presentes, that you can

3489 1804 2436 165 draw att sight p. cass att 35: 8 a 9 or under, draw 3„4 a £500: here are few

3489 1884 2490 214 goods bils & therefore kieps ex. up. pray observe my intress, as yours owne & if

3492 1958 2426 209 ex. will rien ap yett higer then must you allow mee a little time creditt

3475 2028 2505 251 I have a lettes fromm. du maistre of 8, where bj hee promises to accept my

3486 2113 1530 157 bills on him, I longe to know what passes & reste

3343 2129 845 169 Rotterdam Jaques Meyers

5500 2223 286 124 24 d

3485 2261 2505 158 bij den ul van 21 deser geerne gesien dat eduart gilter & robert master wel wad

3475 2311 2513 178 gearriveert deralven sien ick mijne 3 gementioneerde packen p eersten te gemoet

3473 2398 2479 151 alsoo de selve op het vertreck tot londen sijn in gelaeden soo mogelijck ul laet de 3

3472 2470 2518 173 packen in een beursman errewaerts voorts comen, om de declaratie hier vervolgens

3475 2549 2458 138 alhier te fauliteeren, & adviseert het versenden & de reeckeinge van oncosten

3465 2605 2521 184 wensche wel te weten waer van het convoij van hull sal bestoen om in assur

3485 2714 2467 139 mij mesures te nemen, gelieft d'ingeslotene voortsganck te geven en hier iets

3468 2754 2419 191 tot ul dienst voorders voorvallende gelieft te commandeeren die blijve

3331 2782 668 146 Mons Jaques Trivier

5518 2893 222 114 24 d.

3482 2895 2517 225 i'aij lhonneur de la vre de 18 court ie suis bien aise que vous aves receu de ƒ400

3476 2978 2427 156 de mons. bassecourt en suitte a proposition vous les tiendray si vous plais a

3466 3070 2521 153 l'intrest de 4 pour cent p. ame comme las autre ƒ300:-pandant que ie vous

4815 3132 126 60 nors

3479 3132 2522 174 pries de faire le mieux possible pour sortir laffaire avec le s: boutson, faistante

3473 3200 2533 190 come pour vous mes me en consciantie il me doibt iste £6:12:4 cependant

3482 3277 2476 180 il faut faire le mieur avec un silaneur comne luy ie receu un responceou

3480 3349 2416 138 mon fils & il ne parle pas un mots de son voyage de beugnies, ie croy

3474 3415 2529 163 quil laisse cela pour en parler quand il sera de retour, y ne meritent pas davoir

3465 3526 2007 106 la parmission pour la second fois de vous avoir mis entendre

3350 3535 1104 156 onden waltor & William kent

5337 3566 442 134 Adij 27 d

4548 3590 80 102 th

3461 3648 2469 134 mij last to you was on the 24 court then remitt you f200:- sence

3477 3694 2379 166 receved yours of 8th d. with patt. of 14 & acco of n. 15 sent to hull

3460 3778 2502 161 wl is well though y. rotterdam convoij are passed bij hull yett I sappose

3475 3838 2501 175 that for Amst will saile as loore as that for rotterdam, they beinge goone

3479 3928 2487 161 14 dages ago from Amst with 8 men of warr to convoij y schips for spaine

3459 3994 2485 163 bij y nord of shoslant & then to broinge y ships for hull, butt if they have order

3461 4073 2512 154 to breng them bach againe for Amstm s know not, ou ever lett butt one pack of

3477 4153 2512 138 baeyes one of kersies & one of cloths come for rotterdam & the rest for Amst Ignession

3475 4208 2501 108 not butt me metcalf shall acquent & give notice to m. sohnson au hes schippes mij packes

3475 4276 2437 94 havinge notice scom you with slay bee for hee is mij ald frind & I know not oij hee

3479 4343 2505 92 refused my commision for soith hee was all wayes so readjl no matter ust benige onlay

3491 4389 2456 99 for this sime that I desite not to bee must intertessed in one button, the ssuppnige att

3485 4444 2134 72 hull & in london beinge left to you to dousfos you self, for Icare not how
