8200 4630
2630 157 705 122 Adij 27 Julij 1696

880 173 1203 164 mechelen gilis van Lauwenbergh

1146 220 2212 189 alsoo ick uyt de staet hebbe geweest hebbe ick den ul van 25 deser heden

1140 325 2251 160 eerst comen beantworden ingesloten den brief verandert den verander

1144 405 2199 187 op £23:-: het sal mij seer aengenaem sijn soo het ul daer toe

1143 495 2203 181 can brengen deralve is die sake aen ul gerefereert gelijck met

1146 600 2208 170 mijnen voorgaenden hebbe geschreven te doen en laeten als voor

1125 680 2269 174 ejgen lende self in steelen van conditie het cetera soo over de properij

1130 776 2231 130 discours valt can eerst uijt luysteren wat sij doen souden daenen

1151 850 2175 172 tussen heeft den procureer du mont voort een hof gecompareert

1157 928 2140 181 enden 2s deser acte van vernaederinge is gepasseert. waervande

1148 1041 2222 146 insinuatie heden geschiet is en daer daer door is het verhef gevallen

1169 1126 2205 151 wat wijders passeert gelieft te adviseeren aen die naer goetenisse blijve

2936 1220 229 116 22god

895 1215 1279 163 Corbrijck de voed Anthony Coouffoen.

3255 1302 93 72 1

2959 1295 192 120 29 d.

904 1305 873 135 brussel guills Walravens

1123 1291 2158 215 den ul van 26 deser wel ontfangen met de 2 alsingnatie daer bij

1162 1464 2190 128 vermelt, mons. fladderacker seght hij de rekeninge sal naersien en binen

1160 1528 2234 156 14 daegen sal betaelen en joutt: vermeulen presenteert ƒ 100:- tegien

1164 1591 1897 174 alsoo sij over de reste ul moest spreecken tot ul governo.

2492 1688 618 160 ady 20: ditto

917 1730 482 219 London, Kent

2475 1803 264 131 23

2935 1818 287 120 8 ch

1165 1817 2209 237 S. sonce my last on y. 26: cur rec. ap of 14d w. pitime

1167 1952 2151 204 att a frand about yo banck, yett seong the regents order no

1178 2049 2134 211 bitt. to be protested in  for w y. acceptants will gaue

1177 2153 2137 198 money & ½ motes do still beleave you can buy goods E½ monney

1191 2223 2154 219 ½ notes or elce what do you, with y notes you have recd of

1169 2318 2171 269 late for yo Draughts, thenfore can you not do mee service

1185 2405 2170 242 therem si chouss itt be yee preiudice and as you say thenoes

1173 2541 2140 243 can be of no use so draw not, yett what will yo do with

1158 2627 2212 241 notes that shall be gier for our remises, lett itt be as itt will

1180 2705 2205 277 you will not trust yd banck, so I neether & drhiw mot blill

1180 2866 2205 226 what you can make use of, & for my remises the regentshant

1183 2945 2216 260 ordered the bills draph in holland, I hanbrough not to be protete

1190 3068 2166 261 ted, so ourr may be, & such as come from otherr parts, &'be

1194 3181 2192 263 so as itt will, what of mg remises are not payd to yo coutent

1180 3256 2196 253 without conney precudice to mee, lett them be protested, & ofnod

1166 3361 2222 226 taries will not protest, lett them go, & demand payment att due

1193 3501 2205 256 day, and if they will not give all monney, lett fo notarie I 2 wittee

1193 3569 2177 289 quie an get of y answer of y acceptant, for wee will not ha

1157 3684 2230 256 paer for our monney, eneettder can y. regents for beddy notande

1196 3774 2193 248 to excraise then publiex off ice in preiudce of for ramers elose

1188 3913 2181 176 y. protested bill on Joln filleridon, to be protested agane, fornor

1193 3959 2156 278 payement, when  dew, & then redrais the valew on buysehf

1177 4097 2198 240 payable to my self with charges and procision att trese cur., & I shall

1192 4200 2152 226 fende my remboursament  I long fineser to understand what passes

1194 4279 2162 216 to see acc of y. goods bought, as much as I perceave, that

3522 2628 431 122 het comme po

4410 2739 403 172 so send

4072 2876 1601 184 0 eacs patt 2 p. make 30 p. & insteed of sue

4112 2987 1514 162 cullours as non are to be hadd to send to

4098 3095 1107 170 N3:5:9:411:12 or 14
