7639 5296
3573 868 2408 114 aden wel pressed & as writt before all packs wrapped with&

3524 933 2479 141 ute cotton 20 a 21 pence a goad & you must order the cottens to be mosneed

3513 1020 2408 177 ith the yeards & that longde to be writt upon the lead & the good in

3467 1157 2500 151 the invoyce for though wee buy cottons up the good, wee sell them

3453 1207 1392 176 by the yeard, advise what passes I rest

5391 1320 582 149 14 meirt 1695

3394 1374 712 139 en geerd vromans

3465 1405 2466 211 In antwoort aende ue van 8 & 11 deser, ick hebbe ten langhen laesten de

3477 1518 2497 159 2 swerte ontfangen, dogh het pack noch niet geopent, ick verwaghte de

3480 1644 2413 140 facture daer van N951 was sbrepich & dat het voor ue was, ue soude dat

3474 1722 2404 125 swert maken, doet soo, & altyt voor my, al ofte het ue was, want hier is

3462 1848 2452 124 geen qualyck geconditioneert goet te vercoopen, & soo de lakens noch niet

3473 1891 2458 165 sijn versonden, soo maeckt die op alleen in 2 packen, 3 stucken in ieder

3463 1992 2498 150 & seynt mij daer van dan eenige reken, beneffens van de 2 swerte alreede ont

3486 2121 2424 139 =fangen, & laet N 911 daer uyt tot inde naeste rekeninge, ick sal voor

3477 2232 2480 131 eerst geen ander goet ordonneren, voor dat ick dit sal hebben gesien, twelck ick

3468 2323 2417 150 vreese wel wat te veel gerecht & te dun sal vallen, waer van naerder het

3480 2361 1013 171 gelegentheyt terwijle bljve

5498 2452 328 212 19 d

3276 2477 771 186 Rott Abrah de Bra

3481 2565 2470 197 In antwoort aenden ue van 11 deser tis fatuel dat will Colthurst is gecmet

3483 2681 2400 184 te meer omdat de incommende schippers hem hebben sien naeriaegen & dat uel

3486 2811 2437 138 supponere dien volgens, dat de convoyerr, dat hadden conmen beletten, omdat het

3475 2854 2464 213 hun plicht is het alderlaeste zee te houden & buyten gaets te blyven tot dat

3474 3008 2414 92 alle hunne schepen binnen syn, het is al een swaer verlies, want ick meyne

3464 3087 2474 171 hy vol packen is. seggen de schippers niet wat windt het was & wat cours hy

3474 3215 2451 113 sette, dogh als een caper die op hun wel seylen betrouwen een schip soo naer

3470 3278 2450 139 op de hielen is, is dat niet wel te ontcomen, wat daer van gekoort wort gelieft

3473 3339 2470 144 te laeten weten, is het bij den avont geweest & heeft hy cours naer tessel

3467 3416 2492 184 ofte watten genomen, soude hy connen ergers op die bylanden gestrant syn

3487 3573 2454 121 ick ben met die rotterdamse convoyen dse 4 iaern seer mal heureus geweest

3479 3650 2434 137 & byde  £1100: verboren patientie blyve met versoeck van expeditie

3494 3706 1501 145 vandaende ingesloten & 1 pack uyts caman

5494 3767 237 139 16d

3272 3776 1232 189 brussel metofl vander borght

3489 3863 2404 183 de brief van ue schoonsone van te nr segers van 13 deser hebbe ick

3477 3958 2482 171 voorleden maendagh ten 2 usen naer den noem ontfange als wannen

3478 4080 2368 159 het bertschip al was vertrocken & dat ick oock dien morgen de

3489 4160 2390 145 2 lakens N 266 & 359 iust hadde vercoght aen buyse heden die

3481 4260 2485 129 daer al me doorwaeren, dat mij uytterlyck heeft gechagrincert, dogh

3492 4395 2484 112 ick conde niet dencken dat ue die lakens soude hebbe ontbrden & alhoe

3477 4467 2460 147 =wel ick N 290 hier wiert bedongen soo hebbe ick bselve ue hede

3497 4543 2332 167 toegetonden p bourtschip wel geconditioneert lanck 32 ¼. a 4

5606 4623 301 132 ƒ 161:5-

3596 4639 1009 177 a ƒ 3:15 court gelt

3490 4708 2436 184 mi om dusdanigh te voorcomen, seynde ick ingesloten 5 stael

3491 4811 2477 177 boecken van 5 packen die ick verwaghte, geleft ue eenige stucke

3504 4917 2471 161 daer uyt te ordonneren, nemt de N op & schrijft wat  dat ue begeirt

3499 5030 2213 108 soo haest die arriveren, sal ick die absoluet voor ue beraeren
