7823 4588
948 79 2320 159 en gelijck uwe seght dnnelt sij e volt soo laet, dat hit met wel me

939 137 2320 180 can daelen ter alven niet langer te dillaieren int afgeven, en sal

950 244 2319 133 volgens u advies, het gene morge verwachte mij regeleven om nae

938 316 2317 138 donderdagh meerder aen u te remitteren ick sien dat die van

916 433 2341 117 schotlandt bij provisie het gesnoijt gelt op gewichte hebbe gestelt soo

919 509 2341 101 die van engelandt dat oock comen te doen wat dan gedaen

936 551 2320 141 met onse confanten die wij op die tijdt dan daer soude hebbe

919 641 2338 120 het gene wel licht dan meest in besnoejt soude bestaen, soude in

1248 727 177 63 rugon

926 709 2335 152 dan niet ij meer verliesen als wel het voordeel dat wij nu

935 795 2249 130 daer aen verwachte, hier over een wort soo t u gelieft het

932 869 2188 175 hul is voor mij gelaeden naer costi int schip van robert

905 1001 2351 123 haeiont 1 pack  N°6 inhoudende 50 witte carsijen ieder van

935 1067 2317 132 38 a wers ƒ 1000 int schip van bennaert wilck beson het pack

915 1148 2294 141 n°7 inhoudende 32 ½ witte engelsche bajen ieder a 65 wert ƒ 750

939 1242 2310 115 int schipt havorh het pack N°17 met 12 coleure gemengelde lakens

936 1294 2305 141 aen te geven voor 41 dosijnskens ieder van 18 a met p baijen ieder

926 1372 2328 143 van a 65 samen wert f 1450, noch een pack N° 12 met baijen en

916 1446 2317 157 no 19 met carsijen stonden afge als de boven schreven slonden

919 1531 2345 181 af gelaeden te worden hope dese goeden wint in salvo sal brenge

920 1608 2337 187 doch is een schande dat den staet de custen van de fransse niet en

932 1713 2282 155 bevrijdt dat immers soo licht doenelijck is, en maer van tessel

932 1791 2274 162 tot seelandt bestaet, ondertussche wort de commercie daer door seer

926 1858 2259 162 beschadicht, tot wat prijs can uwe van hul naer costi verschert

907 1948 2334 177 krijgen gelieft te adviseren men is van opinie om het besnoej

923 2011 2344 179 gelt de wissel op londen noch sal vallen en wiert mij heden

929 2079 2323 195 op de beurs van verre sienden, mijden ontraeden iet voor eerst

929 2157 2329 159 at te geven hechter sal u raet volgen en doet als voor eijgen want

930 2224 2263 178 ben niet gepresseert doet alles op hope tan voordeel van de wissel

2693 2400 284 148 13 Juny

643 2376 885 207 Rotterd: abram de bra

933 2455 2332 153 in antwort aen den uwen van 31 passato het convoije van costi

935 2600 2317 80 was tot hul gearriveert en van daer naer nieu castee vertrocken

932 2644 2326 99 en bestaet maer in een schip van 26 en een van 45 stucken

916 2696 2319 154 het gene nu niet veel te beduyden en heeft want de fransche capers

938 2770 2249 146 nemen nu soo wel u convoijers als de coopmandyers schepen

914 2846 2228 136 en is het een seer stechte saecke dat den staet dat niet en belette

929 2924 2280 148 het hene soo licht met 5 a 6 cruyssers doenelijck is, van londen

914 2994 2234 139 verwachte ick 2 packen te weten int schip van Jan Smeeu  N°70

925 3040 2331 177 aen te geven ende te verclaren voor 12 gemengelde dosijnekens van a 18

914 3155 2348 140 en 6½ gemengelde spaensche lakens ieder a 45 met 2 wille priseten ieder van

901 3245 2265 126 a 40 samen wert ƒ1325 int schip van wouter corthals een pack N°71

925 3310 2314 121 inhoudende ende te verclaren voor 10 dosijnskens van 18 a en 3 en 1 van

929 3374 2292 147 sam spaensche lakens van 45 met 22 witte frisetten van a 40

936 3455 2323 122 samen wert ƒ1050:- ingesloten de 2 conossement en tot hulkchou

932 3527 2330 127 sijnde men schrijft van londen datse met 3 a 4 engelsche oorlogh scheeren

925 3603 2341 120 sullen over comen wat passeert gelieft te adviseren en ten arrivement

925 3679 2007 104 dese 2 packen op het spoodichste herrewaerts te willen senden

2770 3772 182 100 ditto

648 3741 668 144 leijden herremans

2656 3757 81 107 13

945 3776 2321 185 int antwort aen den u.l van 27 pass: ick hebbe die drij leste laken

926 3902 2280 135 wel ontfangen maer die sijn nu een wijnich te heet geporst

927 3985 2327 128 waerdoor sij vouwers andelen het principaeste dat mijne swerte hebben

913 4010 2232 141 moeten is dat sij wel blincken en socht andelen moeten, ende en

918 4127 2326 89 mogen niet verliesen de sachtichijdt van de vol door de pers gelijck

908 4189 2353 139 dese doen de werck luyden van marituus smit nu lebeuf verstaen

920 4264 2334 95 dat seer wel gij laet mijne lakens wat te smal sij moeten binne

928 4341 2216 122 de leste 2 a wesen, laet voort aen aen de swaert lakens het blouw

3499 150 2463 91 uytgeverft worden soo dat men de roos niet meer sien dij maete valt oock

3492 203 2479 123 soo cort dat ick meer als 2a perstuck verliese, en moet daer op doen letten

3492 284 2344 144 laurijk ka sal u meerder goet senden wat passeert adviseert die blijve.

5277 369 512 150 13 june 1695

3302 367 860 185 Londen Wellichard Souhell

3481 446 2441 175 in answer to yours of 28 past tss well that you have for imce 5 pack whites

3488 555 2395 163 E E veallow march please to maker them up with a white cotton wrapper &

3477 599 2455 187 send them p first opportunitie of convoy for ostend, or Amst or Rott

3490 706 2409 159 that shall present, the first, & when you can meet 5 pack whites more

3475 785 2459 159 EiE yeallow marck, buy them also, att prise cur to be sent p the fiost convoy

3491 851 2361 203 for ostend, with one pack of white cottons as you shall indge the best of

3484 950 2440 155 them you have by you, not limiteinge the prise if not exceedinge 24 pence

3479 1036 2431 145 inclosed a patt to which please to buy 4 p to be made up  with them

3493 1125 2444 173 you are yett a provideinge, as to kersies, wee must have patience & take them

3493 1177 2378 199 att prise cur as also the white bayes, I have not seen anney of your goods

3486 1282 2341 140 & till then shall not enlarge my order convoyes are att hull boath for

3500 1315 2385 215 Rottm & Amst that for Amst beeng the strangest desire to know &

3646 1421 2229 202 t how smy goods shipt there to gett timeley ensured. exc comes to
