8180 4678
2812 164 558 137 Adij 26 sber 1696

884 181 825 146 Mons Jaques Trivier

1140 196 2196 201 i'ay receu en son temps la vre du 20 courant, avec les passeports

1149 321 2150 167 y mentione pour mon frere et mon fils les qualles viennent

1126 410 2230 155 pour vous venir vois et le derniere pour prendre passession dans

1128 522 2119 114 vre familie pour estudier et en mesme temps' apprendre la

1131 606 2224 150 langlis francoise, ie suis trop assure de vre bonne inclination

1115 694 2233 143 pour estender mes sollicitations en son faveur, pendant que ne

2081 769 92 57 resk

1132 808 2236 134 doit pas, mais quel vous seres pour luy, conne pour le vre ce mediray

2999 857 274 105 26 ditto

870 859 1122 138 Mechelen gilis van Causenborgh

1131 891 2245 163 ick hadde verwacht voor ul vertreckt noch eens het geluck gehadt te hebbe

1128 1028 2187 131 van ul te spreckens voor gisteren en gisteren heeft souff hilma hier

1121 1105 2258 126 geweest en mij differente male aengesprocken en mijn broeder geimploeest

1142 1165 2230 169 tot dat ten lesten mijn woort hebbe gegeven, de bemden te verhueren

1130 1299 2202 91 voor 12 iaeren a £20:- iaers op de conditien ordinaire, en voor het

1127 1373 2187 131 loopende iaer, dat ick mij sal vergenoegen met de betaelde 10 pattacons

1129 1435 2227 102 en daermede wedersijdts pretentie van desen jaere te niete, miets conditie

1867 1521 302 69 alle lasten

1141 1521 2221 123 dat sij moeten betaelen te vallen en gevallen pas tout dit jaer, welcke

1135 1603 2073 166 presentatie hebbe gelooft te mentineeren tot heden 8 daegen

1130 1696 2168 128 sonder preiuditie van eenieders recht, omdat sij haer reserveerde have

1128 1778 2247 139 ouders sinale resolutie daerover te willen hebben, die sij ul sal te kemen

1127 1871 2252 168 geven, mijn broeder den Angustijn heeft haer geproponeert dat sij soude

1132 1979 2147 177 ƒ5000 dat hij dan den coop soude doen presteeren, als sij soo verre

1144 2077 2245 160 comen, sullen wij malcanderen sprecken, nochtans wille liever de proprictijde

1146 2181 1635 130 behouden, dit paradvies om ul vervolgens te reguleeren

2594 2217 598 210 adij 26:d

895 2279 975 188 Brussel Antong Cousseau

1176 2348 2197 206 Mons j iay la chere vre de 24 court avecq les lettres y men=

1164 2486 2141 154 tionez 9 celles pour ostende & sont envoyez ccelle sur mons.

1151 2579 2125 223 buschop, vous serat envoyee demain, ie n'ay eetencot en

1162 2653 2161 258 lhonneur de trouver mad. recompaqne, la presente vous

1175 2797 2144 184 sere tendue par mon frere Pere domieau, qui vat

1168 2891 2204 209 conduire mon fils pour mons, je vous prie dels assester

1130 3012 2174 165 et procure le passepert d Epagne pour 8 ou 15 jours

1160 3126 2168 168 come on ces donne, et la meillure commedite de voitue

1158 3231 1783 199 Pour mons, I Crousablegere infonms qui suis

874 3332 871 169 Mons Jan bapt. masson

1148 3351 2237 206 c'estoit le gounij dernier que ie vous escrive le necessaire, iestez cattendn

1155 3505 2110 170 depuis remises pour le rest que vre grace m'est reduable, estant £1

1136 3553 2240 204 gros de change, et comme mes affairs ne permettent pas de venir moy mesme

1152 3639 2236 191 ie prevale sur mon frere francois melijn pere dominicain de faire cette

1142 3727 2231 170 voyage pour vous rendre la presente avec prier que vous plais a luy

1139 3824 2117 184 conter la ser ditte reste en argent de change cest a dire un escu

1387 3940 272 87 a mayante

1163 3899 2200 173 a espece, ie suis dopinion que vre grace ne manquera pas de parformer

1145 3997 2220 167 a ce que jattandez vous ou moins si vous incomoderet cette partie ensiere

1136 4127 2184 135 que vous aures la bonte de luy conter, autant qu'il vous plara,

1145 4158 2163 185 prenant la quitance de ce que vous luy aures donner vous sera

1158 4259 2135 152 passer en compte pendant que nous somme l'anquisent pour la parx

1171 4318 2212 131 pour voir retabli nostre a meieme correspondene vous assurant que de

1138 4407 2132 72 ma part ie ne mangriere pas a mon divoir pour semoinier le respet.

5162 187 820 99 Adij 26 gber 1690 124

3422 168 614 163 mons Jaques Bascourt

3516 195 2426 174 aptrel vous avoir escri tant de lettres et ien mais avoir aucun responce, raysestoit

3523 335 2451 112 en fin resolie devenir moij menne pour demander satisfaction de ce qui vous me deves

3515 411 2448 120 depuis 7 ans passée portant £120:18:7 argent de change un pattacons 48 pattars

3523 490 2417 133 mais le temps de querre me l'empesche, non obstante, iay besong le mienne ie me

3511 552 2446 174 trouves presser de satisfaire un outre cest pour quoy mon frere francois melijn

3517 638 2353 172 pere dommicam m'a voulu faire cette service de vous rendre la presente

3531 728 2387 141 en esperance que vre conscsance vous aures convencu et ne permettre pas de

3517 797 2439 148 tenis plus temps le bien, cest pour quoy ie vous pries treshunblement de luy

3504 883 2479 171 pajer la her ditte somme £120:18:7 en argent de change le pattacons 48 pattor

3521 972 2464 176 prenant sa quitance vous balider a comme le mienme et pour ne vous donner aucur

3508 1070 2430 139 mattif d'excute, que vous naves pas examines vre compte ou que vous naves

3523 1162 2374 136 pas argent en casse de payer tout fait may le faveur de luy payer ce que vous

3530 1227 2332 159 lay pourres a bon compte sa quitante de ce quil aura resiu, mest sera tout

3513 1305 2293 192 agreable, car ie spere la paix bien tott conclus et que nous auront lea

3506 1403 2401 159 commerce libre, cone passée vous assurant qu'il ne manqueray aucun chose

4863 1487 1085 102 et renover noftre corresp ondance raison

3510 1496 1169 106 a monderoir pour vous rendre tant service

3528 1542 2365 153 pour quoy ie vous pries de mettre pas ingrate et de ne souffris faut de ma part

3523 1597 2460 150 et la paine de voyage de mon frere sans effect en ley deenant ce que burvous

3504 1704 2411 165 pourres que donnerar le iuge d'esperes que ie suis encore un de vos amis. ie suis

5540 1779 234 117 26 d

3427 1795 509 136 nons Jan bausson

3512 1801 2479 203 le 6 sber 1687 estoit que vre grace acchette de moij un partie de marchandise

5588 1927 370 121 £158:18:-

3506 1935 916 157 postant argent de change

5570 2023 378 90 „ 14:3:4

3513 2007 1890 182 1688: 25 sber vous envoije½ drap bleu N16: a 21¼ a ƒ4:-

4951 2083 1006 156 port en semble  £173:1:4

5194 2210 295 148 £ 25:-

3511 2190 1413 193 1688:3 febri payer pour moij a mons. Elias

3654 2316 1966 124 18d. remise sur gand ƒ 700: a 5 parte  „116:10:5

3511 2376 2099 211 1689:14 8ber remise sur martn delcourt ƒ 150: ¼ parte „ 24:18:9

4860 2459 1103 188 reccu £466:9:2:166:9:2

4897 2563 1062 157 tellement quil me reste £6:12:2

3501 2637 2338 171 en argent de change en escu a 48 pattars, comme ie ayous ay marque passe

4863 2745 201 87 voulu,

3512 2728 2463 188 plusieur fois, il est vraij que vous aves pretendre quelque chose sur le draps

3494 2855 2442 169 noirs, mais ie vous ay repondu le necessaire et te moigne vre erreur en cette

3503 2950 2414 170 pretention, nous somme bien aise de gaigner de 4 a 5pc et ie pas gaigner

3513 3068 2338 131 plus apres vous mon obstante vous voules rabatre pre de 4 p. C kens

3510 3148 2343 147 raison et cependant ie vous ay escri et ie vous confirme par la presente

3511 3246 2443 136 que ie ne veu rien p quitter de ma jutte pretantion, car vous aves vous

3506 3310 2380 175 melme marchand argent contant et le prises accordes de iaque pieces, et

3507 3430 2378 143 comme le temps na pas perni iusque present de venir moy mesme ie

3501 3528 2469 123 vous envoje mon frere comimicam frances melijn pour vous donner la present

3515 3616 2448 128 et ne mesme temps de vous recevoir sur dit reste £6:12:2 de change prenant

3510 3671 1514 128 la quitance vous servira en satisfaction de tout

3511 3684 2437 203 ie vous pries de ne prandre aucun excuse non obstante qu'il soit le n9 temp

3503 3846 2428 120 passéé il est mieux de fasisfaire icy qu'ap de cette vie et si vous voules estre vre

3513 3958 2467 128 iuge consideres quil y a encore un outre au uel qu'il ne peu pas estre frompe

3494 4032 2489 137 fait comne vous voule qen outre fasse a vous devant dieu, principalence

3492 4095 2461 148 ceux qui sont en esta prolitante il peuvent satisfair comme vous, c est pour

3496 4218 2438 99 goy iattent vre accomplissement et que vous satisfeiray a mon frers pour

3509 4292 2438 125 moy, vre de quoy ie ne trouveres obliger de vous importiner par jussice is

3517 4363 2424 113 qme par la mort de temme cela partiement a mes orghelins. mais ie mest tour

3545 4440 1852 69 jours fierer sur vre discretion ime m'us fieres encor ie suis
