7877 4605
2355 150 784 111 adij 6 unij A° 1695

688 135 1061 136 amsterdam geraert Rovers

946 219 2342 121 bij de uwe van 2 en 3 deser gesien de wissel op londen al weder

932 302 2352 133 gedaelt en op de laest vande beurs briven van 29 en 29 waeren over

908 357 2315 137 gebleven en dat men meende dat noch meerder soude vallen. uwe

930 438 2323 113 was niet genegen tegens 4 percente mijne geremitteerde £360 te

925 501 2353 150 disconteren omdat uwe met u gelt ½ percento ten minste condeaen

931 576 2303 140 tis meer als wij hier connen profiteren, en in consideratie van de

929 660 2354 137 provisie op londen af te geven ssoude wel willen uwe mijn versock toe

925 724 2343 167 te staen want de intrest ½ en provisie ½ beswaert de coopmantij

933 792 2346 164 stijf cen miets ick even wel die werde op londen geerne had afgegeve

927 907 2350 122 met noch soo eene partije die ick u per naeste sal senden, soo bijde

930 933 2319 138 ick u die werde te disconteren, ofte laeten disconteren ten minsten

937 1015 2346 180 moegelijck, ende hun prijs courant op londen te geven, doende daer

925 1081 2355 179 als voor eijgen, want ick van niet dencken dat dat veel meer vallen

924 1202 2340 147 can ick ben blijde dat het met de vaert van hul nu contiunueert sal

926 1259 2289 117 wel gaen, en waer te wenschen dat met den somer alse 2 maenden

933 1345 2300 138 ten minsten een convoije van daer vertrock hebben bij provisie

918 1413 2365 151 geordoneert 5 a 6 packen per costi af te laeden, denckende mijn ordre

914 1496 2280 149 in tijdts sal comen omdat de convoijers naer schotlandt sijn, en

931 1553 2305 177 per aventuer soo haest van hul niet en sullen heeren biddende mij

950 1640 2314 138 teadviseren het gene uwe des wegens sal connen vernemen blijve

926 1702 2364 147 hebt mijn brief int toecomende 4quaert en remittere ingesloten

920 1765 2365 190 £250 ½ sicht ten laste george clitfort. besorght het noodich daer

940 1830 2327 213 mede ende de voorschreve ƒ 360 sullen £400 sterlincke uyt maecken

905 1921 2230 166 op londen afgegeven. heden is hier op de beurs a st 30 en 1 2l

926 1989 2310 209 a 29 en 10 en: tot 29st en 6 et gedaen ick staen verstelt ende soude

904 2089 2308 206 evenwel geerne deel hebbe aen dese laeste remise. soo costij als hier

909 2153 935 148 doet als voor eijgen. blijve

676 2302 763 204 Brusel ant. Rouseau

2588 2375 536 141 C6 Juny 16819

909 2447 2303 191 En responce alis vostres de 4 d cor., je n'ay este jamais, de ma vre, si surprise,

901 2587 2337 147 que aujourd suy, en le changement, du change & londres, ayant refule 29:10, devant

886 2650 2373 180 la bourte, en as fait a 29.6, grandes parties, esperant que vous aste p sus seureuip avc

885 2757 2377 182 let lesdes que vous avez encor, iez vous, je vous renvoye cy soines celles de £145- 14:

895 2881 2404 178 vour dischargeren, mon compte S' von glaint, car, je suis top sumnds,  regotier &

893 2987 2377 159 ce prepela, & n S'Il serort mon oftaere, je les envoyeray & londres, p  les faire newnss

882 3102 2361 128 &'attendre on autre forture, cese mon opimin, cofendant, sy vos vole voulez que

872 3175 2320 175 Jeler neate jady a prix cour vous avez du temp p me les renvoyer

883 3282 2308 174 je payeray apprit deman, vre traids de ƒ1800- & fni de tous mon coeur

2709 3501 170 112 8d

630 3492 646 176 brussel Rousseau

894 3555 2401 170 ick hebbe u 6 deser wedergesonden de staf 145:-:- omdat menƒ

889 3690 2327 96 de wissel als dan was gevallen tot 29 en 6 heden wasser gelt genoch

901 3749 2342 139 tot 30 en 8, en men heeft gedaen tot 29: en 10 oversul soo danih

893 3813 2345 103 dat ick geoove dat mijnen raet goet is in geslotene remittere u.l

907 3897 2336 129 ƒ125 courant gelt ten laste souss: selabel mercke op sicht gij sul

896 3976 2203 137 gelieven het noodich betorgen ick hebbe heden betaelt da ƒ1800

889 4042 1053 141 en ben u.l diernaer blijve.

5130 158 814 140 10 Junij Ao° 1695 . 15

3299 158 893 168 gent lodewicus de wolf

3471 268 2496 149 sende u.l per voerlien die morgen vertrecken een packe MDK

3485 345 2406 142 inhoudendet drij alven en 2 quarten geverfde swerte lakens omdaer

3479 422 2429 177 mede de volgens de ordre van mons: de ras van doorninck, naeste

3478 492 2437 166 maendagh sal een tweede volgen biddende mij te adviseren ofte een

3483 557 2357 168 astistatie van inlansche fabriquen noodich is miets eenige swerte

3467 633 2494 168 hollantsche lakens daer bij sijnde, ende die voor inlansche gedeclareert

3477 710 2504 192 geen perijckel en soude onderworpen sijn van ongemack, waer op advies

3481 791 1232 145 en ortre te gemoet sien en blijve.

5132 862 318 135 10 maj

3306 865 825 184 ent francois herrebout

3478 923 2391 229 ick heb u 2 tolbriven toe gesonden ende sedert niet vernoemen ick hebbe

3484 1079 2452 131 eenige packen adroituer becomen doch N° 67 manckeert, het welck soo

3471 1154 2505 203 u ter handt comt laet cito voorts gesonden worden, als mede het were

3461 1237 2406 162 N°1 en 3 te wagens al de rest te schepe biddende promt advies

3469 1282 950 166 te geven wat passeert blijve.

5123 1315 319 149 10 ditto

3290 1371 856 177 rugge Raphael Coots

3481 1431 2482 235 hebt u.l. brief van 25 ontfangen beneffens de 3 packen daer bij verwelt

3474 1585 2462 153 sedert niet voorders van u.l vernoemen, soo wete niet waer aen sulcke

3460 1647 2482 171 hapere versoecke de uyterste expeditie te doen van de packen 1 en 3 om die

3480 1720 2400 141 te wagen van gent te becomen en dandere doch sonder tijdt verlies te

3465 1809 2497 197 schepe voorts te hebpen. wachtende met verlange advies wat passeert blijve

3295 1829 981 172 Brussel Anthon Rousseau

3466 1884 2381 196 i'ay receu la vre d hier avec la remise de ƒ3175:- sur Jean dela hoira de

3463 2000 2404 141 nieunpoort ie procurerez le nccarssaire et vous aurez credit, ie payerez vre

3463 2108 2405 95 traitte. on fait a hier a 29: 9 et sur londres on offre   avince

3445 2162 2336 135 pour les pistoles de france de pords, pentestre quon obttendroit 1 pe

5067 2250 292 129 14 juny

3453 2244 247 129 pssp

3304 2289 689 194 redael laurijs ka

3460 2398 2474 192 in antwort aenden uwen van 9 deser laet het pack met lakens van leijden

3461 2513 2451 180 ontfangen aen sloor levere dat hij dat de naeste weke medebrenge macht noch

3469 2592 2342 129 een 3600 bree lest meer als ick hebbe geschreven, sende u met stor

3452 2688 2394 119 sj 78 st sal de naeste weke meerder senden en eenigen dichattons

3455 2767 2422 115 schrijft mij de nomber vande laken gelijck gij dienaer leijden

3455 2817 1465 152 sendtt op dat ick wete wat onder handen is

5225 2858 375 173 12 ditto

3286 2887 901 159 gent Francois herrebout

3424 2934 2479 201 in antwort aen den u.l van gisteren, alsoo n°67 en1 gelaeden

3463 3067 2498 194 is adroituer in schip van van verraecke soo moeten die adroetu

3441 3111 2490 226 comen, de packen diegisteren van brugge sijn vertrocken sijn

3429 3216 2437 178 N° 65:66:69 en  3 en 2, en terwijlen dat iam sterens

3451 3290 2402 167 daer mede cito sal vertrecken soo laetse schepe comen, dan dat u.l

3450 3364 2449 190 die denstdagh conde met de wagen sijnden te weten N° 2 het soude

3442 3467 2433 155 mij aengenaem wesen. het welck doet soo mogelijck soo niet

3456 3498 600 140 het best geraeden

3306 3552 739 147 inst: geraert rovers

3455 3678 2381 134 in antwort aen duwe van 9 en 10 deser, ick hebbe uwe versocht in eerst

3449 3770 2482 133 van mijn leste brief de geremitteerde £360 te disconteren ten beste mogelijck

3437 3829 2405 119 het welck andermael confirmere welcke werde beneffens de leste £250 hebbe

3435 3895 2467 120 versocht tot sterlincke £400 op honden te imploijeren, dat ick onder aen sijde

3434 3972 2497 109 mij brief 12 toecomende vervallen a ¼ had in getrocken dat was een andere

4216 3997 406 110 in had 9 Perle i7

3759 4003 422 112 waer van ick a

4146 4025 176 83 obet

3966 4047 53 55 6

4603 4011 1337 125 te senden waert laken u.l het disconteren

3440 4019 274 111 parttije

3437 4123 2438 86 tot flad aengenomen gelijck ick vooriger hadde versocht en om dat ick hier

3442 4133 2496 139 avantagicreser in trock soo hebbe u.l die tweede partije niet toegesonden

3442 4256 2324 81 de £200 soo u.l mij remitteert tot st anc ƒen sijn mij seer

3443 4292 2478 96 aengenaem ende hope u.l tot die prijs oft minder morgen noch andere

3435 4386 2138 110 £200 sal becomen, waerin doet als voor eijgen en a prij
