8176 4574
944 111 804 119 namur mors: Sevigngs

2487 130 919 139 Adij 8 meert Ao 1696

957 210 2431 114 de la lebtreen responce a la vre de 3 court cestoit le premier ditto que i'avois

944 278 287 81 outre de

955 315 2456 134 mons du un lettre de mons: de maistre pour vous, et le quelle i'ay advvesle

935 411 2475 138 maistre le memme iour par la poste, en esperance que vous l'avez receu

944 461 2459 169 un respons renvois la vre pour mons. de maistre le quelle m'ordonnes

927 517 276 93 en celie de

922 540 2465 164 monssurona vous paye sa traitte, si vous plais vous pourries negotices

1202 660 2205 113 avec philippe lurond marchand de draps par le quelle la presen

1194 755 2169 104 vous sera rendu. receu la chere vre dnier, en suite csste serve

1701 815 1722 96 de reponce inclusenbstant addresse est le precedante si iontrs

932 815 2487 171 namur phelippe lurondaussi remise de ƒ 225:10 ½ argent de change sur levrond en to

1202 920 2207 157 la chere vre du 3 court m'est rendu aurordheuy payent este 5 court

1214 970 2186 200 en semaine ce quil arrives couvant, quand vous envoy les lettres

1189 1107 2199 135 par messageirs ou doau par le contrare y va promt: cependant

1199 1181 2117 179 engelbart a este en ville a hier et partie le man iours

1189 1269 2166 192 sans ma cognossence et le retardement de vre ordre est cause

1185 1389 2163 157 que ie ne pas peut prep envoije le paisson a la double le quelli

1193 1455 2132 151 ie prepare ausordhuy la marche temps bien pour vous et vous

1197 1557 2201 177 l'aures par le premier voyage par engelbart a qui ie vous prie

1193 1655 2203 180 de donner un memoir a chose quil va te vient deux demy iours

1195 1741 2205 155 sans consall sont precise temps: pour des escre vis, il est acroir que

1199 1847 2201 167 non auront pas que boucoup de froutuer. i'ay vostre remise de ƒ500:

1174 1932 2227 136 sur la cherge de mons. norbart schut pour la quelle valeur vous

1190 2003 2185 126 est creditte et selles quitance. ie suis sur pries de vous vos plaintesr

1178 2111 2221 145 de les deux draps noirs  vous envoije le 27 passé, cependu

1228 2179 168 67 n

1189 2203 2199 127 iay les peut pas le donner moins sans parte car ie me pas alit

1171 2262 2224 170 peu de profiet qu'il ne vaut par la parne d'un si grande dembrands

1158 2380 2230 143 de donne avec la fabrique et sil ne seroit pas condoit avoir tout

1165 2460 2109 170 sorte de druperie pour assortir un magasin, ie vous assure

1168 2550 2227 127 que ie quitroit devant tout la fabrique non obstante ie ne veux pi

1171 2644 2181 139 que vous te nes queque chose contre vre grez et comme iay nul

1184 2699 2137 184 correspondent a namur il faudra renvoije ce que vre greces ne

1171 2836 2181 151 veut pas retenir, car pour les superfin drap N 27 cout a moy ƒ3:

1170 2922 2221 172 par a et l'autre ƒ3:18 comme ie vous pourriez renfier par tout temp

1148 3011 2153 169 par met livres, non ie vent les parielles du N 27 ƒ5:15 a ƒ6:-

1136 3099 2272 145 argent court ie vous priez d'elle bien examiner car il veut ce pri

1162 3190 2183 163 la l'autre ne tant pas u'lustre ni presse n'a pas la filure si

1143 3282 2208 136 ferme ce que vous pries de considere, il est bon de laine, et tout

1143 3384 2234 115 deux fabrique a hollande de mes mellieres maistres sur quelle ie vous

1164 3483 2229 152 piet me fies non obstante, ie dit encore que ie veu pas vous disobige

1152 3575 2223 126 et que ie ne prendre ce que ne vous veut pas et ie payeray les fraises

1144 3643 2238 187 de namur icy a condition quil va sur vre risico, ne a moint poy

1158 3737 2239 208 faire tout ce quil est possible la partie du 27 febr porte ƒ471

1127 3843 2257 172 is l'abbattre ƒ4:12 et vous seres debité de ƒ470:- si vous le

1149 3899 2251 200 cordensi, fait comme bon vous semblera. si ioient un lettre a mons

1131 3993 2254 175 sevignij capitaine on regement de baron schewir loges te la van

1148 4088 2247 188 hume ordrnair rue de la grande marche le quelle ie vous de ly

1126 4181 2260 204 faire rendre, il a un lettre a ma charge d'environ ƒ225: argent

1145 4281 2162 147 court ou de change, ie ne hais pas le iust il est tire a londres par

1148 4353 2227 135 mons: du maistre dont si iount. son caracter en cas que voudries

3548 169 2395 110 faire le presser de payer la ditte traitte en prenent sa quitance sur la lesrree

3526 243 2389 123 et me renvoijent et lois assure que ie suis. si racere de recompanser a la

3549 337 1290 106 premiere partie que vous ordonnere

5064 317 863 191 adij 8 meert A° 1696

3410 380 609 181 brussel Joan Jonaers

3524 428 2481 228 verhope souff. ul huys vrouw wel sal sijn tuysgecomen volgens haer ordre

3529 599 2457 117 sende ick ul ingesloten de facture van het goet 5 deser aen haer veroch

3539 694 2377 136 bedragende £118:1:1 wisselgell oock een facture van de partij 8 Julij

3541 776 2439 132 lest isser eenige erreur gelieft het naer te sien en mij te laeten weeten van

3528 851 2420 147 ditto partije ende het stucken flannel 26 meert 1695 gelevert resteert

3521 943 2346 173 aen mij £54:9:4 wisselgelde het welck gelieft te betaelen aen mons.

3527 1049 2429 181 Anthonij rousseaus endan sal ul aen mij alleen schuldich blijve de 2 partij

3541 1177 2395 148 van 7 sber lest 2 5 deser gelijck bij de medegaende reekeninge bourant

3519 1279 2431 156 vermelt en oft iets waere dat niet welis soo betaelt evenwel mijn brief

3528 1379 2392 162 ten, vollen en dat sal sij selven daer naer opt slot sij selven vinden

4950 1476 718 177 eady 8 dato

3419 1468 334 191 nden koot

4396 1498 372 163 th D D

3610 1601 2339 122 sence my last on the 5 currrec. yo of 21 past, o here by take not ice

3522 1679 2403 161 of the reds beeng so deare, so pray buy non: & ett beeng yp advise to stay

3510 1770 2326 143 a little longer for northren goods, to send no pass to buy what I

3514 1851 2431 176 mode mention of by my last, & lett onley be compleated the ap.

3531 1984 2433 127 clo thes & pack whites, & what is to come for ostend of sp. clothes asfor

3521 2054 2391 124 Ensurance To havve no misunderstanding, ensure all what shint att

3513 2167 2432 150 hull, & do there when then as you please in aoadins & for what

3513 2285 2403 134 comer from London, Ill take care for the flaxkels, & roas

3509 2342 2406 184 on n° 10: & 11 are dwlish deare, & if the rovaus be not of the deapers

3504 2455 2394 121 cullour, itt shall be bad bargen: butt I hope you halve taken that

3512 2563 2391 140 care, as I have recommended: wal have no news of the Rots

3504 2643 2458 166 convoyes for hull beeng taken I hope 3 is not true butt the contra

3501 2784 2360 138 rie that some nrexe of war have taken pass of the frofnea ships

3502 2880 2450 128 & twhat their designe upon Engeland is vanished: you have redat

3514 2987 2382 143 for the cost of hatt& spectacles, I hope you shalle finde rottiers

3510 3043 2424 190 & the deired pennils, pray what appearence of convoy for oftend

3520 3170 316 155 iest

5456 3174 238 145 8 d

3433 3216 1317 147 amts vorvolgh van den brief van sevigij

3465 3293 2419 164 Cresge une dettre de mons. sevigny par la quelle il me remet la lettre a

3493 3408 2416 140 ma charge pour la quelle ie l'envoije de ƒ 225:10¼ argen de change

3500 3477 2448 160 sur vre gratie vous priant de le payer en suite linstaition pour la rest

3512 3569 2326 144 de dit sevigny estant par necessure seulement de paijer ma traitte

3425 3582 418 151 russel rousseau

5517 3683 215 107 8 de

3494 3686 2478 233 iaij les cheres vre de 6& 7 court le contenue est bien, mais le ploms se ven

3498 3780 2444 208 1y a ƒ6:- argent de change si iount £54:9:4 de change sur Jan

3488 3887 2484 203 Jonaert qui les payera promtement demain ie vous envoijere d'autres

3489 3963 1193 165 assingnes puisque ie suis en haste
