8173 4671
2605 156 511 158 a 4 pb° 1697

831 148 802 178 Brussel ant. Rausseau

995 250 2398 197 Je vous renvoia le 31 du passe les 2 leures de change accoptie, de puis sent verus

1048 397 2320 147 3 ordinarres de londres, & les quelles, le change, est marcque 35:6.5. a9 sur quoy

1047 482 2341 164 on at fart Camtt. & 34:9, & ansa uy jay, de leddes, ent este presentie a34.5

2157 578 168 91 encor

1031 604 2351 151 mard parsonne n'at vols donner, cest in grand changem., dam peu de temips

1038 728 2338 139 on vout l'avoir sur le 33 &cause des grand remises quy ce doivent faire

1030 836 2344 146 je n'osaypar disponces de vr traitte de £100- 1 sur J n du maistre sany is.

1026 931 1681 180 posiny, que je sus attendant le en tou occ mons.

2828 1155 416 175 Adij 5d:

768 1156 1119 187 Mons Jaques Basteout

1051 1252 2323 158 en responce a la vre du 1 court iay examiné touts ce que vre graie

1051 1397 2330 132 a acchete de moij de tout ma vie, cela port environ huit mille sor

1051 1460 2239 141 et cela dans le space de dix an, iaiy aussi examine & confronte

1059 1578 2266 125 tout ce que vous avez eu et ie trouve plusieurs choses a vous vendu

1047 1634 2268 177 mieux marche quand un autre comme les draps de nre fabrique

1045 1743 2243 141 a la mode, vous les aves eu a ƒ4:8 au les autres ordonnes ƒ9:10

1038 1807 2227 143 & ƒ4:12, i'ay trouve aussi que j'ay vendu de flannelles a 21 a 22

1043 1926 2344 121 pattars p: a, et comme il nij a pas une manifacture de tem de differanti

1049 2015 2294 123 prises, que de flannelles, il faut avoir du grand iugement pour les

1038 2099 2231 111 connoistre a un sous, les flannelles estent 1688 or de comnunes et

1029 2169 2351 154 plus chere qui ont este depuis, et on u bien de la paine pour gaigner 13 p

1044 2271 2335 130 pr. a et comant pourres i'avoir surfait 4 pattars p. a vous m'aves jamais

1047 2385 2273 117 me parler de cela, ni aucun autre plaintes, non obstante, que vous

1042 2449 2335 140 aves este icy plusieurs fais depuis, pour les draps que ie vous auroit vendu

1039 2508 2264 131 et renvoijer en engleterre, une pas aucun memoire, mais ie trouve des

1032 2610 2308 110 draps renvoijer et cesse que nous avons reste de bons amis et en bonne

1046 2703 2264 98 correspondances iusque la prise de mons, et comme cespere que nous

1045 2754 2342 133 sommes encor, et que naus resterons iusque a la fin de nostre vie et ie veu

1044 2826 2310 150 faire de ma part touts ce quil est possible, d'aut en plus a chose, qu'un

1045 2934 2345 120 parle de la pain, comme un chose assure et quil ce fera plus temtre comme

1048 3032 2329 114 ce pensois point allors nous aurons la commerce libre p est la raison

1066 3085 2289 133 que ie soiet de sort is de nre affaire pour commoncer allors de novelles, cest

1035 3155 2273 121 aussi la raison que ie me veu contenter a recevoir ce que vous me

1029 3227 2302 152 deves en argent court, dont la difference est a la nre 10 p. c voyla

1040 3324 2323 161 ƒ 120: parte pour moy, cest a present apres de 8 ans que vous aves

1049 3397 2310 155 acchete la derniere partie l'introst, de mon capitael, aj momns de sept

1035 3465 2348 147 ans. a 4 p. anum porto plus que ƒ200:- voyla plus de ƒ300:- a ma proudies

1047 3561 2265 112 ce que ie laus a vre consciance ett si iay den glussant l'intre et la parte

1050 3636 2295 124 de change, ie ne fait touts et plus, conne pourres soieffre de mes plus amis

1047 3734 2326 105 qui ne cherche que la benevolance de eschantents et comme cespere d'avois

1027 3806 2348 123 lhomeur de vous voir encore cette anee ie vous serviray millieur march

1054 3900 2301 120 qie vous trauvere a un autre, cest pour quoy ie vous prie de paijer

1035 3973 2289 108 a mon fils les ƒ300:- que iay tires sur vous, cest, ie dis encor cest

1045 4056 2261 133 pour la table, et autres derences qui fait a mons soies persuade

3257 4113 100 97 one

1042 4120 2295 124 que ie l'aij pourvoy de si bonne passéport que de ne crannes par et

1053 4220 2270 120 quil y estit si assare qre dant ma maison propre, cependant ie vous

1049 4298 2218 101 remariie du soing ef l'intrest que vous prend pour mon sily

1054 4358 2270 103 iesspere quil sera capable dans peu de temps pour persuivre ma regoce

3548 150 2477 95 et vous rendre service, paije le don les trois cent florms et les rests sera quatre &

5805 197 201 100 de lettree

3548 192 2392 130 cent vint eing slorne 11½ soot pour la quelle somne ie seres attendant la que

3546 312 2441 97 a un temp que ie ne faire & a 4 mans que si soit possible et il ne sera pas

3547 353 2440 136 negotie que p. mons. triviere, il n'aura pas de connessance decela non plus

3543 460 2483 141 ce pensa que vous este de bons amis autrement ie prent d'autres me sures

3557 540 2472 138 pour vous parler p. desautres amis, car ce soiet de vivre en de bonne corresp

3521 646 2494 115 =ondance avec jacun, sans que l'un dage de l'autre, mais come nous sonmes

3554 733 2441 129 a present en cette occasion, soies un peu politique paje le gegereusement

3543 798 2451 129 et aurest a moj 'oblie, conme si dessus et soiesparsuade quel le bien que

3538 915 2336 88 vous faire a moy, vous faire a vous mesme en cas que vous

3684 964 407 100 leratinue

4354 954 1662 163 egore avec moy pandant que ie suis touts des de mons

3558 983 1144 163 dotns sat sauten argent de change fcitte ville.

5404 1049 452 129 5 Aebriuary

3418 1023 715 143 Mons. Jaques Trivees

3538 1072 2444 160 depuis ma derniere de 26 passée receu un lettre de mons. basecourt a la quelle

3543 1199 2458 164 voycy un responce la quelle il vous plaira de bien seres apres lecture en fin

3526 1303 2466 149 quil ne marquent il a este auvert, mais si vous trouve quelle chose de

3534 1386 2486 140 dansnil nest pas bien forme, renvoye ma lettre, et ie escrive autrem

3531 1424 2499 223 ent par bassecourt semble d'estre offense que i'ay tire p. vre connessand

3534 1563 2485 162 et nest te moigne pas vre amis, entre autres il mecrit les mots su van

3510 1625 2418 166 tes vous tire sar moy pour la table de vre sils permette que ie

3528 1747 2480 130 vous dise dans la coniunture presente que vous prant un' eschant

3549 1818 2470 149 pretent, vous scave que l'on a grosset difficulle pour le passebort

3531 1938 2488 116 et vous envoije vre fils, sur le present d'acchater sa table la moindre

3545 1997 2462 178 brullie il est a la man, vous este plues sage que moij fait y un grosse

3529 2108 2424 142 et surseure reflection ie vous en prie ie suis marie. ie ne iamais

3538 2181 2414 157 eu de bonne confience dans a bassecourt, cependant ie veu sortir avec luy

3547 2275 2315 144 le mellieur possible, que monsils va porter la lettre, mais connent pour

3535 2353 2432 177 recevois troif cent florins pourret il recevoir cela pous pourries envoijer

3538 2450 2402 118 vre servante avec ou quelle autre come bonne vous semblera pour

3535 2522 2373 146 letirer avec dacceur ffait vol millieur, i'aij un lettre de mon fils de

3525 2593 2481 153 2 febrier quil me plait fort bien, iespere qu'il cressera dans leursrespect

3540 2676 2417 182 et l'obbeissance qui me tomoin, vous ne faire pas mal si vous plait

3524 2786 2504 178 de luy exorter quelque fois en cela, entin quil paisse penetrer et connestre

3529 2849 2497 225 l'obligation et les respect quila doit avoir pour son pere primcapalement

3498 2943 1079 153 dont il ostemes si tandement

5625 3015 297 155 5 ditto

3562 3032 470 147 Philip peson

3412 3035 172 150 n

3510 3084 2494 185 iay receu la chere vre de 30 passée avec la remise de ƒ288:- argent

3514 3228 2445 136 de change sur pierre ondart, pour la quelle some vous est credite

3517 3321 2489 136 ayant paije promptement pour les 8 t 6 en qui restent, ie trouveray bon

3508 3415 2504 144 pour la premiere partije que vous me commanderes, vous assurant que ie seray

3528 3482 2384 176 tout iours mon devoir pour vous bien servir, faites moy seulement

3518 3561 2496 196 la grace de me venir vois touttes les fois que vous vene en ville, si sonct

3517 3657 1574 147 un petit memoire pour mons. Condre Lison

3412 3727 608 138 AthAndre Lison

5628 3719 281 157 5 ditto

3523 3789 2369 223 ie vous soiet le cours, i'ay receu advis depuis peu quil y a receu

3529 3919 2497 211 encor ƒ 100:- ce qu'on attend a comst p. la premiere occasion c'ayant

3514 4017 2488 175 preceu ie vous adviseray, mon ais mons. roves, continue denor

3514 4075 2451 206 ter mons. wijnendael pour continuer la diligence iusque a la fin

3514 4210 2496 190 seut persuade quil faiton plus que si vous y serie present ie suis
