7979 4606
1085 156 2233 133 dandere sijn vrije, en moet den tolbrief daer bij sijn, ick hadde

1089 227 2249 145 wel gewenst dat ioos stevens tot gisteren hadde gewacht, om dat 5 p

1069 300 2262 175 per rapelinck 29 deser u sijn toegesonden, draght sorge dat terston

1080 386 2262 138 een ander beurtschip gelaeden wort, op dat wij onse goederen hebben

1082 455 2236 127 eerder eenige voordere swarichijdt voorvalt in gesloten noch

1092 554 2239 130 een tolbrief des noodt sijnde u te bedienen, ick hebbe de 2 packen

1086 643 2207 155 N 79: 81 soo aenstons wel ontfangen en verwachte nu al de

1089 719 1412 171 rest te scheep met advies wat passeert.

2275 784 1025 188 adij pmo september A: 1695

813 806 1011 181 Amsterdam geraert Rover

1077 922 2270 130 sedert mijnen lesten van 29 passato geen van ul deralven verwach

1093 999 2197 131 morgen oft overmorgen te verstaen wat int afgeven op londen

1082 1082 2210 111 mij is voorgevallen, in de brieven van daer van 23 noteren

1084 1142 2245 150 geen monteringen, en adviseren dat het convoij van hul naer

1079 1202 2252 163 costi in 5 a 6 daegen soude vertrecken koopende het selve op dees

1075 1305 2259 130 tijdt gearriveert, aen boort gilis janssens is voor mij gelaeden

1087 1382 2197 121 een pack ij nog aen te geven en te verclaren voor 23½ ieder

1077 1485 2259 116 baeij a 65 wert f 650:- daer van ingeslotene het cognossement

1079 1570 2262 124 daer stondt noch een gelaeden te worden oo 68 met 12 noorts

1091 1640 2256 148 gemengelde laeckens te verclaren voor 42 dasijnkens ieder van

1076 1754 2262 120 a 18, 2½ baeijen wert f 1400:- doch alsoo ick noch geen cognossem

1075 1809 2256 149 heb becomen en kan ick niet weten aen wiens boort het selve is

1077 1930 2164 146 gelaeden is, welke verwachte per naesten. ick ben volcomelijck

1084 1995 2171 160 geinformeert dat tot betaeling van de engeleke troppen in

1063 2076 2267 126 5 maenden niets van londen sal werden geremitteert, om dies wil

1072 2147 2244 174 dat sij hier te landt het sons hebben uijtgevonden voort gene

1096 2230 2220 143 sij voor die tijdt noodich hebben, daerbij de moeijelijckhijdt die

1086 2305 2233 170 te londen op staet over het ontfangen van de gennies tot 30 N

1090 2407 2194 155 soude dat niet connende wissel doen monteren 2 een vrindt

1070 2477 2194 121 van mij tot londen van volcoemen satisfactie presenteert mij

1070 2579 2265 142 mijne remisen aldaer goet te houden ende voor stƒ 100:-

1081 2672 2223 118 altijdt ste ƒ100:- in wisselgelt te sullen garranderen, het

1074 2752 2210 158 sij in cas van afsetten van gelt, oft andersins wat soude

1071 2895 2243 108 comen voorvallen, sijnde sijne vaste opinie, dat bij afsetten

1067 2965 2181 137 van gelt het geheel rijck dat sal drage en geen particuliere

1066 3036 2252 148 de welcke st ƒ 100: inde munt brengende, weder stf ƒ 100:-

1081 3145 2249 115 nieuw gelt sullen ontfangen, en alsoo ick bij dese gelegentij

1081 3219 2239 126 wel eenige duijsende genegen ben over te maeken, soo bidde

1081 3307 2206 124 ul spiculatien des wegens mij gelieft te laeten toecomen

3278 3399 65 106 1

1064 3377 2198 207 verwachte de billetten van de lottijerije in die van 25 en 26

1074 3512 2148 134 heb ick noch prijs noch niet soo dat ick noch wat op hope

1058 3596 2184 101 leve, men seght datter costi ƒ 100: voor ieder verwachtende

1057 3705 2239 117 loot gepresenteert wort, mij dunckt dat ick costi waer dat

1067 3768 2255 140 ick sulcken conditien voor het onseker sou aennemen, sal

1060 3852 2262 121 mij niet beclaegen, soo ick daer sonder schade afcome blijve

2448 3920 153 121 adij

788 3891 955 151 leijden herdrick herremans

1071 3964 2259 163 op 15 passato heb ick aen u geschreven, ende geordonneert de 3 at

1057 4071 2269 109 dan gereedt sijnde lackens tot leyden te laeten liggen, heb van

1062 4185 2246 103 s geen antwort becomen dach alsoo ick dit lackens niet heb

1079 4259 2243 97 vernomen soo geloove ick dat gij mijn brief hebt ontfange

1087 4308 2226 148 en versoecke mij morgen te ontworden hoe daer mede gelegen is

3530 207 2322 133 en wat laekens, dat gij sedert van ka hebt becomen, de welcke ick u

3512 280 2383 112 recommandere alles op spoedichste gereet, te maeken, en al hoe wel ick

3336 334 2611 137 de voorschreven 3 hadde gecontromandeert daerom nochtans het ander

3500 434 1877 127 goet geensins te vercorten, wachte u ontwort blijve

5173 469 607 168 2 sber A 1695

3504 495 801 147 peeter vallijen Junior

3334 557 2641 190 brussel heden is mij ter handt gestelt door petrus pauli een memorie van ul handt

3501 662 2435 117 geschreven, waerop segge voor antwort voor eerst segge dat alle sorten

3486 729 2467 125 van drapperie seer goeden coop sijn, en dat ick int generael ul beter coop

3498 839 2457 128 dienen sal bij 5 a 6 pe als een ander, ende ontrent 8 pe peter coop als

3502 923 2465 117 doen ul begoste in alle sorten van drapperie: oversulckx soo ul gelieft

3509 978 2452 152 wederom te beginnen ende mij te imployeren sijdt voorsekert, dat ick voor

3503 1081 2370 114 contant gelt meer doen sal als een ander oock ben ick nu voorsien

3487 1137 2425 122 van alle sortementen in groote abondantie soo van baeijen, kersijen

3509 1219 2445 108 frisaeden, flanellen, hierce pijen en lakens. de lakens die ul aen mij hebt

3501 1316 2442 147 getransporteert sijn hier ten deele vercocht blijvende allenelijck een fijn

3488 1360 2370 170 ende twee gemeine resteerende onvercocht waervan ick hier gelieft

3500 1459 2360 173 geerne sal rekeninghe doen, ende de resterende ul wederom leveren

3505 1536 2399 151 oock sal ick ul de obligatien oock wedergeven, daer om comt vrijelijck

3507 1629 2454 157 tot mij, op dat wij samen atiusteeren om dat ick voor leven & sterven

3495 1695 2435 177 geerne alle dingen effen sien, ende gelieft ul mij wederom den penniek

3493 1789 2422 133 te gunnen sal mij aengenaem sijn soo niet ul mach doen dat u

3476 1883 1005 172 gelieft terwijlen ick blijve

3471 1977 2495 182 de voorschreven mentioneerde obligatien door ul aen mij getronspor

3464 2096 2394 147 teert bestaet van vier hondert guldens daer adam deneirokt de

3492 2145 1309 137 dato 30 octobr: A 1693. ago verno blijve

3485 2226 1127 163 gepertsea 52 noortse a 44

3493 2270 1235 158 dosijnen 36 frisetten a 38 st

3479 2308 1447 207 bayen .. a 19 tt kersijen het stuck ƒ32

5116 2432 493 153 2 Sentember

3481 2458 578 144 Raphael Coots

3323 2486 2609 198 brugge p 31 passato heb ick ul geremitteert ƒ 101: ten laste raques vervackes

3360 2596 2572 163 welck hope ul sal sijn geworden, sedert is mij beandicht den uwen

3462 2691 2448 120 van selven dato 8 de packen N 79 8 81 mij oock geworden sulckx

3483 2799 2399 125 dat nu voor lieven dobbelaer voor mij niet over en schickt, en mij

3479 2875 2445 144 resteerende packen alles costi te gemoet sien, ingeslotene sende ul

3478 2982 2432 113 de noodige certificatien om die van den tol te ontlasten nu is het

3475 3042 2314 130 casteel van namen gewonnen, & onse vreese voor de francen

3470 3165 2454 92 verschooven soo dat de scheepen met de sware goederen nu adroiturt

3463 3205 2465 139 sullen connen doorcomen wat des wegene passeert verwachte te verstaen

3452 3326 405 109 ben blijve

5069 3323 494 197 2 septemb.

3325 3339 992 178 mechelen Cornelis van haken

3475 3414 2429 200 sedert den uwen van 16 passato hebben wij dicht in de pal geseten godt

3465 3531 2346 140 lof dat nu over is, miets het casteel van namen gewonnen

3463 3642 2451 101 het welck sekerlijck ons groote voordeel sal bij brengen 't voor de winter

3462 3691 2308 112 goede negotie geven, en alsoo de goederen met het laeste convoije

3451 3765 2363 154 gearriveert ten deele hier sijn gecomen, ende ten deele de naeste

3448 3866 2458 108 weeke worden verwacht soo en hebt ick niet connen laeten aen u daer

3456 3954 2445 119 van kennis te geven dat ul bij mij voortaen een volcomen sortement

3453 4014 2412 156 sal vinden godt verleene ul goede negotie, en een casse wel met

3470 4097 882 168 gelt versien blijve
