8166 4699
2890 100 316 174 ƒ16:0

759 145 973 163 Ath Joseph daul mery

1064 176 2169 187 iay lhonneur de la vre du 28 passe avec un lettre de 200

1023 294 2329 139 ducats sas benedicur mint en demurant au port de s. marce

1034 417 2181 118 date 28 aber a 3 usancas, cela fait si moy, car un issance

1046 500 2212 113 sur espanie est deux mois et un usance d'espanie passant

1034 579 2155 160 de la meis est 3 mois, tellemant que vre remise estant

1024 643 2265 178 fait 28 xber a 3 usances a doit couries encor 5 mois, mais

1044 775 2194 140 ie l'ay negotie ausordhuy selon vre intention, que le

1044 818 2238 206 doit cources que le 2 mou a 117 ½ ez pour ducats fait

1021 943 2211 208 £ 98:2:6 argent de change et pour cette valeur vous

1046 1037 2169 182 eft credite il ost en negotie avec mons. fran gaatio

1050 1172 2260 152 de la bestract a les quelle ie mis a mains d'avier tellement

1037 1251 2249 182 quil ne manque rien de ma parte, il y na de pas de change

1043 1337 2116 143 sur port s marie iay eu bien de la paine pour trouver

1045 1423 2185 186 quelque un que la voulu prandre la lettre, et il ma fullu

1062 1566 2178 139 lestier ½ p. C mons que le cours sur cadix et il faut que

1050 1613 2166 154 le tireus en aye bien soing quil promtement paije et quil

1042 1767 2225 103 ne prendent pas l'exception dur les mois usances ou quelque

1043 1843 2203 143 autres choses car si vient de protest faute de payement

1037 1920 2218 114 les fraises seront ƒ30: agoverno la plus part damon

1038 2023 2317 114 marchandise estant gele agent et il y a pas desperances pour avoi

1058 2095 2295 131 icy tant que gele tout est fait etalors ie vous donneray advies

1051 2188 2316 130 ie crois que viendray pour lacchat de caraime, mais nevener pa

1050 2263 1280 127 sans avoir de mon novelle ie suis

2867 2327 297 146 5 ditto

802 2322 947 165 brussel Antoni rousseau

1052 2401 2302 155 depuis ma derniere dhies receu de la vre du mes medate avec la remp

1035 2510 2209 125 de  500 a 88 ¼ ez sur san frederich dienwalt escheant auiordhuy, ie

1041 2581 2116 159 procureray les necessaire et l'aiyant receu, vous en aures advis

1046 2638 2243 144 pour vre lettre sur londres, ie ne scais que vous conseiller, on ma

1032 2759 2224 129 dit auiord huy que ceux de cela de bancque d'angleterre ont receu de

1060 2837 2233 118 lettres de  les quelles marquent le change casse a 35 silest

1041 2913 2320 108 vray, on aura de la paine, pour obtenir iey 34 et on oft d'opinion

1047 2983 2295 144 quil basbera encore a chose quil manque si grande parfie a remettre, tant

1045 3071 2324 142 pour l'arrivage que pour le courant, mais on ce trouve souvant trompe

1029 3154 2317 117 dans che change, cest pour quoy ie vous prices, de me scrire encore, non

1055 3250 2276 109 obstante si ie pourraij trouver ou iuger vre advantage ie la negocieray

1036 3319 2249 127 apres de main en attendant vre advis. ceux de bruxelles ont consenty

2060 3379 71 46 10 0

1032 3411 2073 112 de relever ƒ a scavois s a rente perpetuelle a 4 p6

1129 3493 2205 128 arente vrcegere a 9 p  j'ay la soeculation peur prendre ƒ200: p

1076 3536 2228 171 an sur chaeque de mes oufante, ce sqi feroit eurees trois ƒ600 ir

1054 3618 2309 138 cen passloint le ce £ 1100, ce hourquoy je vous vrre denm'en donner

1063 3708 2277 143 un fraternesadies, aussijlie touchant & scqu quelle lu suitte

1068 3759 2233 194 nous somer desia entresse en cap. curetues £1800, le storay

1058 3858 2234 222 9 au sur cette ville enrerin 5000, mais come la vre m'est

1053 3956 2307 175 plus eshignie & geseray vien aise d'avoir  advis intm

1056 4068 1153 181 come ie suis

5889 155 113 121 215

3419 177 1727 192 London Mad. S. wedow of m Rich. Southel

5249 200 696 163 ady 7 f"6: 1697

3563 274 2363 188 Mad. I have red an due time 2 letters of yo brother m. John

3578 407 2363 152 ohiting, y contonts have sur prised mee, & with greate sorsoe

3576 495 2339 166 considaen y. loss of my freind, &  oldert acquaintance yo

5787 580 184 84 & Coss

3561 639 2417 163 husband m. Rich. southele, without doubt a great aff liction to

3567 711 2415 199 you, na bbarge beet wherein no remedy, then with an humble

3563 785 2455 190 heart to submis  self oy to providence of god, & to considen

3853 913 572 98 hath p satustied

3568 928 2421 177 that hee  whit wee all have yett to pass. y ballance of

3552 1006 2440 196 mij acco was £4: 5:3 en , 0 I have nayd to my coset

3556 1135 2396 221 Jacobus has, ceg hare  10 will see

3540 1241 2424 248 you satisfied for S. sume. if anney opportunity presentes

3550 1367 2413 203 that I can bee servicable on to you, or anney of yo frends

3545 1476 1897 218 for you, comand freely  who is

5275 1571 543 196 ady 7: d

3427 1688 1598 211 London Teorne Virgoe Vand weth

5161 1760 97 109 n

4371 1813 95 65 th

3568 1762 2419 250 DS. I have yo of 19 past  h you  siinge offers

4916 1886 1087 96 the deaste of my hor which peln m

4066 1901 767 98 of service  because

5775 1967 211 107 ƒ662

3598 1918 2068 174 s nresentations. va de aliage ioit en sonthell

3501 2018 551 144 you my thonchys

3613 2028 2392 154 tor y trade of woellen manufactiries is in some manney

3552 2117 2412 200 handes, & brought, so to, that my comission is to sonall for 2

4945 2211 208 72 well

3558 2221 2439 166 handes, & haveingehe then to  been served, intend to centinue

5373 2330 464 166 adij 2:d

3551 2343 887 197 whie whilst tre

3414 2403 71 126 6

3429 2437 1391 222 Londres mons frans Andre

3557 2594 2402 217 Mons. en responce a la vre de 12 passe, je vous refere a

3559 2682 2431 184 mion au contenu de la mienne de 6: gbre dernier, a cause me

3561 2788 2398 179 la mort de m. nct. southele ne faiet dien dans mon negoce

3549 2904 2436 187 vous remereiant de ben coeur de la presentation de vre service

3552 2974 2345 219 sil se presente recprocquent quelque chose a vre service

3556 3159 1025 144 icy cemandez qui suis

3417 3243 884 154 rotterdam Abram de bra

3521 3296 2472 144 volgens den ul van 31 paskato, sullen wij met goots gratie het op en

3524 3457 2437 105 waeter schipper weesthuijsen met onse packen verwachten ende alles

3531 3534 2409 148 volgens onde gelote reeeckeninge soo laeten voortsganck. het gelt

3532 3604 2478 147 in de lotterije costij aengeteekent most nu in gebraght worden, men hadde

3518 3686 2483 160 hier gedivulgeert dat de selve tot geene parfectie soude comen

3509 3795 2501 142 daer en tusschen ul mij aengenaem dat die compleet is, biddende mijne

3525 3900 2469 161 6 lotten niet versuymt worde, al hoe wel ick ul geen gelt en sende, hope

3528 4005 2458 137 soo veel goethijdt sult hebbe van dat te de bousseeren uijterlijck

3517 4092 2502 137 tot de naeste weecke om dat icl geen treclers voor dat clijn partijcken

3520 4187 2395 169 hebben comen vinden, en soo ick niet can te recht comen soo

3511 4251 1190 176 sal het in goude spetie senden
