7911 4595
1046 90 2257 193 waer n dat ick dat sal vinden laet dander lakens gedaen wor

1035 217 2202 154 gelijck op den winckel van lesbeuf, en laet geen blouw

1011 297 2304 158 roof meer geteeckent worden, want men moet het blou

1032 380 2218 126 niet meer sien, avanceert mijn goet soo haest als u ter

1026 458 2273 146 handt comt, en sendt mij de ingeslote rekeninge met

1029 537 1970 182 quittantie wederom, het welcke verwachtende blijve.

2652 618 472 156 11 Julij 1685

744 600 1245 177 brussel De weduwe vander borght

1044 758 2199 110 in antwort aen den uwen van gisteren mijn pack met pack

1034 799 2224 149 lakens sal morgen hier wesen, en can de selve hier leveren

1038 890 2141 133 £20:10:- soo dat sulcke mij beter is als die aen u te

1029 964 2162 151 leveren, ende u.l ook profitabelder a £19:15 cont coopen

1036 1076 2214 117 mij presentatie en moeijte is altijdt tot u dienst, en

1025 1124 2223 158 best, is u beste coop, doch dat ick u daer van heb geschreven

1036 1209 2257 140 en oft ick ul daer mede conde dienen, ick sal dat pack sijnde

1035 1316 2141 130 5 stucken a £22 contant gelt ider stuck laken en soo

1029 1393 2247 145 u.l mij morgen niet en antwort en sal ick wachten de

1033 1473 2205 143 te leveren aen de gene die selve sal obligeren soo ick

1019 1574 1016 161 hun voor bij gaen blijve.

2861 1615 286 156 12 julij

746 1658 903 200 Cortrijck de weduwe causse

1027 1700 2202 153 ick become gisteren per schipper van rotterd: een brief van peter

1034 1836 2220 138 simons als dat hij met den selven voor mij aen u sendt een

1033 1904 2268 117 packen AC daer in a 411 harlemse garen en seijde smalleken

1014 1984 2216 142 sonder te specificeren hoe veel stucken, oft wat die werdt sijn

1028 2046 2241 133 het welck de reden is dat dat pack tot lillo moet blijven liggen

1368 2133 103 68 van

1016 2138 2232 136 tot dat ick hem ofte ul wete de pricise quantitijdt oft qualitijdt

1026 2211 2290 135 want anders soude men licht in ongemak met dat volck comen

1012 2306 2290 120 geraecken, ick van overmorgen u antwort hebben het welck te gemoe

1003 2369 554 149 sien blijve.

2723 2410 357 156 12 ditto

759 2447 854 189 Cadix Lowijs Callebout

1010 2526 2306 145 in antwort aen den uwen van 2 maij lestleden aen mij op sijn

1027 2645 2226 128 tijdt geworden gelijck ick u hadde geschreven soo is uwen broeder

1020 2744 2232 128 Philippe bij de paters predicheeren geprofessit op 25 januarij

1004 2795 2198 140 ende hebbe ick op 5 mert daer aen volgende voor de heeren

1011 2872 2281 156 comissarissen van de wet de rekeninge gesloten waer bij voor u

1013 2949 2238 157 alleen overblijft drij huysen inde clappijestraet alhier ende

985 3034 2214 163 een in de mattestraet de welcke voor desen te samen sijn

1014 3180 2281 102 gewardeert ƒ8600:- ende al noch eene rente op een huus inde

1004 3209 2224 199 schipstraet van ƒ2000:- capitael, beneffens eene tot laste

1001 3299 1983 171 de state van brabant van ƒ17:- iaerlijcke wert ƒ35

1005 3393 2220 180 soo dat u geheel capitael is overgebleven van u groet vaeder

1000 3519 2293 110 ende vrinden bedraght ƒ10950:— segge tienduysent negen hondert

996 3574 2195 120 en vijftich op den last aen mij te rambourseren ƒ178:2½

1011 3679 2202 126 die ick meer hadde uytgegeven, als ontfangen, de welcke oock

1000 3738 2312 144 uyt het incomen van huyshueren en renten bij naer sijn voldae

1000 3818 2253 129 oock sijdt gij belast met £60:- iaerlijcke aen u broeder philippe

989 3924 2266 137 voor lijfrente, doch de selve is te quijten met ƒ675:- capitael

1007 3978 2290 161 u voorschreve goederen comende uyt den hoofden van u grootva

992 4111 2251 126 sijn vierde comis tot dat gij sult geworden, sijn 25 iaeren, als

1003 4166 2299 111 wanneer gij daer van de libere dispositie sult hebben en voor dien

1016 4248 2073 154 tijdt en can van de huysen niet gedisponeert worden

3521 165 2446 143 ten sij de selve al hoe wel in goeden staet present niet wel vercoopbaer

3504 220 2451 133 ten sij tot merckelijcke schade, sulcke dat gij uwen vollen ouderdom mot

3499 306 2452 141 uytwachten, en dan sult connen doen naer geraeden, wilt gij middele

3494 400 2338 111 tijdt van u incomen disponeren, ofte het selven laten accresseren

3489 507 2465 136 dat moght gij doen het sal mij seer aengenaem sijn soo de heer schevaert

3490 607 2466 122 avanceert ,doch gij moet sorgen het principaelste selve voor u avancemen

3504 665 2440 155 waer toe van mijnen lant geerne sal contribueren wat in mij is,

3506 754 2415 147 inde spaense negotie en hebbe geen groote spiculatie, om dat ick mij

3500 857 2469 139 in inlanse geoccupeert houwe, even wel can ick metter tijdt wel eens

3509 951 1960 150 eene preuve neme ter wijlen alles goets wens en blijve.

5022 1006 715 166 adij 13 Julij A° 1695

3311 1006 761 197 brugge Raphael Coots

3517 1086 2421 152 in antwort aen duwe van 8 en 11 deser, brieven van 8 uyt londen

3508 1190 2453 166 sijde van voorleden vrijdagh en maken noch gene mentie van de schepe

3493 1265 2465 130 van ostende soo dat ick vreese voor eenich ongemack, u biddende kenisse te

3507 1338 2459 162 geven wat des wegens verneme en principaelijck van hun retoor, hoe sterck

4445 1394 232 60 daer in

3496 1417 2465 142 ons convoij is, om dat ick seer merkelijck sal sijn geintresseert en mijn

3483 1489 2456 115 missures naer advenant magh nemen, men seght dat d een esquadre

3505 1544 2459 209 gilogh schepen vande geallieerde voor duijckercker sal comen liggen

3490 1659 2379 114 biddend ende van tijdt tot tijdt kenisse te geven van wat passeert.

3508 1729 2450 164 voorders heb ick vernomen dat Jan de Maijer en Elias grif waeren vertrock

3500 1776 2442 216 ende dat elias grif soude voeren, een schip genaemt de scheve foeijmari

3497 1879 2428 198 naer tap sou gedestineert sijnde hier op bijde geteeckent ter wijlen naer

3491 1919 635 125 groetenisse blijve.

3315 1998 1141 181 gent coenraert de moermerster

4997 1983 472 167 adij 14 Julij

3508 2112 2319 155 ick hebbe heden aen u.l gesonden per wagens 2 clijnck packens A.C

3507 2176 2356 179 inhoudende a 411 haerlemse smallekens gemackt van garen en sijde

3492 2271 2334 155 om de selve op ontfanck te expedieren naer coortrijck aen de weduwe

3492 2365 2448 183 anthoni causse, seijde mij het selve gerecommandeert met alle uyterste

3492 2414 1986 178 expeditie u te belasten ago verno, blijve naer groetenisse.

3327 2499 736 179 imsterd geraert Rover

5234 2552 212 93 14 d

3513 2566 2401 181 ick hebbe op 11 deser op uwe getroecken ƒ540:- te betaelen aen hendrick

3490 2686 2475 197 hermanse ende ƒ81:12 aen gerrit vromans het welck bij dese confirmere

3495 2784 2457 184 hebbende sedert geen van u.l verwachte morgen de geordoneerde stl150

3499 2862 2390 181 op londen als mede noch andere £200:-a stllet uyt de remise van

3491 2954 2436 161 £360 vlaems 12 deser vervalt, biddende hier aen geen foute en sijn

3493 3061 2392 193 en dat ick wat gepresseert ben. op londen te remitteren der alven prijs

3499 3148 2466 192 courant te besteden, den cours hier peesent st 28:4. ick become een brief

3498 3221 2360 166 van mijn vrint van hta van an andreas lisson de welcke over eenigen

3500 3285 2394 199 tijdt costi sijnde, hadde u gerecommandeert, hij doleert van sijn schoon

3411 3326 431 143 rocde Inrlac

3821 3358 2083 191 van wijnendael sedert sijn vertreck niet meer en hebbe

3492 3479 2460 149 gehoort, daerom bidt hij dat u.l eens soude gelieven de goethijdt te hebben

3491 3557 2359 176 den selven wijnendael eens te sprecken om te weten, waer aen het

3492 3645 2449 183 schort dat sijn affairen tegen den capitijdt coomreman van groninge

3483 3706 2321 164 noch niet en is geeijndicht, en te samen de expeditie daer van te

3504 3796 2422 175 recommanderen het welck doende sal uwe mij verobligeren, gevende

3484 3868 2389 218 bij occasie daer van advies en expeditie aen den ingeslotene. blijve
