7763 4607
882 169 2326 145 het is ben gemijn spreeck woort een ieder het sijn soo heeft

858 268 2378 114 den quaden niet en anders en is daer oock niet aen te doen want

861 310 2355 159 ick pretendere, de coopanden ten minsten soo wel als die van

874 413 2346 131 gent te verstaen, als uwe sal gelieven over comen, en mij

850 461 2263 130 te recomanderen den incoop van nove provisie sal

878 537 2283 185 conen de genegentijdt die ick hebbe om u.l. te dienen

2282 611 366 136 15 april

872 628 305 143 blijve

580 665 818 208 brugge rasel coots

911 738 2332 218 3 deser was aen u mijnen lesten waer op u antwoort te gemoe

885 867 2224 126 sien, sedert den uwen van den selven dat um ontfangen

886 932 2280 151 de packen sij mij oock geworden bij alven no 58 dat de sepen

877 1028 2358 137 comen verkoope ons convoeij naer londen getrocken in geslot

866 1102 2215 114 eenen brief aen ians pichet die hem ter handt gelieft te

868 1205 2291 121 stellen ende te versoecken daer over gelieft te contworden

884 1234 2309 168 tis mij bekent dat die van duijnckercken de goederen laeten

869 1320 2198 165 uyt voeren maer ofte selve tot nienporte te lander vrij

872 1419 2258 136 mogen incomen dat moet ic weten want ten sij ick de

2034 1473 545 70 oijde die en coopen

866 1487 2202 124 goederen die ick tot dunckkercken te lande tot brugge niet can

869 1567 2314 170 brengen soo wilt nij nergers in gaseeren daer over met hem

869 1652 1204 152 gelieft de informatie te nemen

2265 1698 331 149 15 april

583 1733 810 180 brugge ians pieket

882 1785 2185 188 op 25 passato heb aen u geschreven waerop geen antwort

855 1925 2395 124 becomen dat de schevaliers coots mij advviseert dat desen uwe

867 1998 2224 141 te brugge sal vinden, soo bidde mij gelieft te laeten weten

860 2067 2234 129 oft de goederen die uwe tot dunckercken soude incoopen

856 2171 2264 153 tot meupparten te lande mogen comen, oft brugge, en oft

862 2254 2342 116 daer toe weder sijdts paspoort verleent wort met wat mate

859 2330 2214 134 de laeckens tot dunckerken vercoocht worden, wat de

839 2455 2263 111 witte carsijen van 30 geiren daer ordineer gelden als

856 2495 2237 155 mede de ordineire witte baeijen, en in wat spetien men

871 2612 2231 147 dat daer ordineer betaelt wanneer en als de goederen uyt

867 2681 2241 125 het schip van willem colthurst sullen vercocht worden

861 2768 2280 136 versoecken tijdelijck kennisse om de factueren over te sende

857 2831 2254 170 vant gene daer in hebbe en weijdere ordere te gegeven tot

861 2929 2182 144 incoop en oft remisen op rijssel suve tot dulijckercken

870 3004 2228 150 conne dienen beneffens den coers dat uwe daer van can

856 3095 2143 157 disponeren bidde uwe antwort mij te laeten toecomen,

870 3161 1383 163 mij vervolgens te reguleren blijve

2490 3213 166 149 16

597 3254 718 174 Bredael 6as

852 3311 2125 226 sende ur ƒ 117: en suy: sent my qeu

861 3449 1963 157 sal apaie  een bael & volen

2658 3531 254 176 26d

635 3549 1367 189 bruussel Anthonij Rousseau

844 3651 2279 142 iay les vres du 13. 14 court il vous plaire m'envoyer les

856 3749 2231 128 seconde dutto vour vous negotie a cause quon me les

860 3841 2195 135 demand, iay paye vre traitte a  dunvalt ƒ600: curt

857 3917 2239 120 £92:6:2 de change, ie procurerez le necaissaire pour

871 4011 2349 113 vre remise de £64:5:40 sur jan goris les affaires de mons

859 4088 2241 119 boots sont fort mal il est bien de grand bonheur que vos

853 4171 2287 136 dernieres lettres estoint paye, vous mavez fait remise de

844 4321 2361 109 26 mars sur paulo bombard o pistoles 162½ que van

3479 197 2511 123 fails £243:18:4 en & nest que £243:15- non obstante

3476 288 2469 112 son cassier ne vent rescontrer que 162 pistoles £243: raisne

3470 359 2303 174 pour quoy il vous plaira vous pr former comment il doit estre

5082 451 640 165 18 april a 1695

3449 447 709 187 1 puisqie we suis

3290 556 1061 188 brussel giliam waliavens

3341 715 2647 189 ick hebbe op 3 deser aen u geschreven, sedert heeft monsieur fladderackern

3496 795 2445 238 aen mij betaelt de 100 ul: corant gelt voor ul berijs van 13 bel

3493 876 2446 202 febvij. lest leden waer vaer ick op nu rekeninge hebt gecrediteert, nu

3493 991 2463 162 sijn mijne spaensche laeckens alte mael gearriveert, hebbe 3 stucken

3485 1052 2494 218 voor u.l apaert gelijdt gelooft u.l al eens sal over comen, verwact

3506 1146 2362 188 morge een partije flanellen sal geerne u.l dienst doen naer

3503 1207 647 153 groetenisse blijve.

5138 1302 305 154 18 april

3273 1318 2645 249 brussel adries aertsen geantwoort van u.l va 26 deser ick hebbe geen present

3502 1453 2431 205 eene geparste laecken gelijck aen u staek dat mij leet is het fijn

3489 1548 2490 211 en gemijn spaens goet is gearriveert can ick u.l daer mede iet ander

3504 1618 2385 215 dienst doen soude mij aengenaem, sijn. men verwachte int cort

3498 1717 2496 223 noch een convoeij waermede ick groote sortement van noortsche goedere

3496 1784 1938 198 hope te becomen is voorvallende tot u diest is blijvende

3279 1853 918 178 msterdam geeraert roevers

5178 1927 322 126 18 april

3502 1950 2418 247 in antwart aen die a 14. 15 deser hope 2 ofte 2 baelckens wol primo

3526 2041 2400 227 egovia wollen voor mij sult connen becomen al wast oock maer 1

3505 2144 2473 200 baele ende de fijnste die te vinden is a prijs corant tot dat de reste

3509 2227 2405 182 van de vloot arriveert: ingevalle uwe die coopt soo gelieft die te

3495 2314 2358 207 senden over deelst met die mert schuyt soo op bredael, laverijs kaees

3447 2393 2367 187 scheeft mij dat dien wegh het spoedichste is omdat hij geen wol

3485 2461 2483 217 en heeft omte wercken even orel daer is mij soo veel niet aen gelegen

3503 2567 2431 181 dat ick daerom 8 a 10 percento soude dierder moeten coopen ago vetno

3474 2636 2455 186 mij dunckt ick sal het met de pije laeckens dit iaer meerslaeten sieten

3498 2723 2438 162 niclaes boots, heeft sij brieven laeten protesteren van voorleden vrijdach

3504 2794 2389 165 8 daegen sulcke dat arent van denb op 12 deser beeft conmen weten

3489 2892 2440 190 ende daer op sij avannissement is gevolght. boots heeft onse borse dagelijckx

3498 2952 2466 212 blijven frequenteren tot voor leden vrijdagh als waneer men seght dat

3497 3045 2486 189 hij naer de hagh is getrocken met een acte van den staet van gl: 13000

3490 3108 2502 233 die melleur tot sijnder securitijdt hem hadde getransporteert, ende waerij

3494 3202 2441 186 hij uyt geeft een ieder ten vollen sal betaelen, miets hij seght, maer

3491 3279 2474 221 £20000 hebbe geteeckent, wat van de acte nu van de acte volgen sal

3495 3368 2467 209 leert den tijdt naer mijne opinie vreese dat een eeter op eenen boom

3489 3439 2404 223 is ende hier genoecksaem aperen sal tis mij leet u.l daer bij is

3490 3526 2351 186 geintresseert goedt lof dat ick daer soo ter geluckiger uwe daer ben

3496 3617 2468 203 afgecomen. de wissel op londen blijft hier in eenen doen en waght

3489 3681 2478 214 niet naert afcomen van de brieven, wensche de occasie bij u te dienen

3479 3768 2460 196 van de laesten prijs te comnwaernemen omdat ick gesint ben wat

3488 3848 2474 215 considrabels daer te seijnden, die van de lotterije van amelfort hebben

3494 3935 2488 238 de conditien wat verbetert met bij voegen van 50 lotten ieder van 500 gls

3479 4043 2483 204 en daer tegen te nemen 50 nietten apparent dat noch veel gelt blijft

3494 4133 2330 179 manckeren, versoecken voor mij 8 lotten te laeten aen teeckenen

3484 4192 2375 167 ieder a 9l. 25 is 200 al in blancko, ende noch een op den naem van

3492 4295 2437 129 cathrina bouwens gelovende dat sij gedoegen men met 1 lot mach in comen

3497 4344 2254 134 ende hope die op den gepriserden tijdt sijnen voortganck sal hebben
