7922 4582
2292 139 938 140 Adij 4 augusti A 1695

727 171 1094 192 Rotterdam Abram de bra

990 313 2313 139 Mons: in antwort aen den uwen van 2 deser moet uwe sich

1022 401 2227 145 self wijten dat ick u niet en hebbe gerambourseert, omdat

1015 471 2167 118 gij niet eerder de rekeninge en hebt gesonden waer in

995 531 2202 162 mij dunckt de oncosten wel wat meer hadden connen

1017 661 2277 169 geminnaseert worden principaelijck over het pack carsij

994 747 2284 137 ondertusschen ingeslotene ƒ379:18 ten laste Jan van

1005 821 2282 187 der meulen op 2 a 3 dagen sicht besorght het noodich en

1023 952 2267 162 adviseert den ontfanckt tot voldoninge van alles tot dat

1014 1016 1229 180 heden blijve naer groetenisse.

2577 1069 499 144 adij 6 ditto

740 1091 741 182 bredael laurijs ka

1035 1169 2257 147 wegens de ¼couleuren maeckt die, als hier onder, en doet divoir

1009 1295 1568 117 het goet gedaen te hebben naer leijden. blijve.

2654 1319 412 145 adij 6 ditto

771 1327 945 159 brussel hendrick Rijssels

1012 1368 2263 196 mons verhope u.l welvaeren en gesontijdt beneffens die van

1023 1537 2266 92 u.l familie, wij verwachten int cort een convoij van Engelandt

1022 1603 2250 124 met alle sorten van versche goederen als wanneer ick hope dat gij

1028 1667 2170 136 mij de heere sult aendoen van te comen besoecken om u

1017 1747 2182 133 winter provisie te coopen, daer en tusschen heb ick heden op u

1019 1857 2229 133 getroecken twee hondert guldens courant gelt het welck ick

1009 1937 2196 128 versoecke gelieft te betaelen aen mons: Antonij Rousseau

1017 2027 2107 168 wij sal vrindtschap geschieden die naer groetenisse blijve.

2688 2121 278 101 6 ditto

772 2082 934 200 brussel hendrick de smet

984 2159 2319 177 Mons: in antwort aen den u.l van 4 deser ick hebbe present geen

1013 2271 2202 132 lakens volgens u stael nochte fijne Engelsche roode, maer

1018 2364 2284 139 van alles genochsaem onderwegen, wordende deese maent een

1040 2440 2198 181 groot convoij verwacht, het arrivement sal ick ul kennisse

1015 2544 2214 142 geven, ende geerne dienst doen, godt lof dat namen over is

1027 2681 2177 119 en wenste wel het met het casteel soo waere, het welck bidde

1030 2727 1445 184 godt int cort geven wilt ende blijve.

2542 2779 289 157 6 ditto

739 2831 1120 196 brussel guilliam walravens

997 2862 2260 206 volgens u.l ordre van gisteren heb ick heden op u.l getrocken

1037 2997 2217 186 ƒ325: courant gelt maeckende wisselgelt £50: te betaelen

1023 3074 2279 175 aen Anthonij Rousseau het welck vervolgens gelieft te voldoen

1031 3203 2276 126 wegens den baeje is van 31 at staet u die niet aen sendt die

1039 3301 2226 103 wederom ick hebbe die om het paeck gedaen om dander goet te

1041 3360 2146 155 beter te bewaeren, en sal den oncost geerne u.l vergoeden

1019 3471 2235 139 want tegen winter sullen de baeyen van 31 st alruijm

996 3525 2301 179 30 gelden. wij verwachten int cort een groot convoy verl

1014 3608 2284 206 goederen, hope dheer sal hebben, dat gij als dan sult overcomen

1013 3714 2288 155 om u winter provisie bij mij te coopen, en sal mijn divoir

1021 3807 2288 134 doen om u.l wel te dienen. waer op mogh verlaeten die blijve

2649 3903 270 122 6 ditto

755 3919 927 159 brussel Andries aertssens

1038 3933 2266 200 alsoo u.l mij hebt geordoneert dat ick op u.l niet soude trecker

1037 4077 2247 141 ten sij al voorens u.l die te hebben gevraght, soo is

1029 4174 2279 111 mij versoeck bij desen ofte het u.l gelegen comt dat ick £5

1029 4269 2263 110 op u.l magh trecken, hoe, ofte, ende wanneer, want de wi

1043 4343 2221 129 op Engelandt is ons u seer voordeelich, wij verwachten

3530 139 2454 114 deese maent een groote convoije met alle sorten van versche goederen

3473 212 2505 167 sal mij aengenaem sijn soo ick u.l voor u winter provisie magh

3493 279 1259 162 dienen blijve naer groetenisse.

4933 322 878 205 adij 6 augusti A: 1695

3333 348 902 200 Brussel francois Ansillion

3507 433 2438 196 gij sijdt mij schuldich ƒ497:24 volgens de mede gaende facture

3511 582 2419 118 courant gelt, het terwijlen de wissel op londen soo favorabel is, ick

3511 638 2449 137 divoire van alle die ick can, uyt weese dat in corten tijdt de wissel

3517 703 2436 168 seer soude reysen, dat is de reden dat ick op u.l die partije trecken

3503 807 2360 164 te betaelen op ½ uso aen de ordre van Antoni rousseau, u.l

3511 933 2367 123 hertelijck biddende het selven vervolgens te reeden, en soo gij mij

3495 981 2486 157 cost accommodeeren om het terstondt te betaelen gij sult mij groot

3479 1046 2504 155 vrindtschap doen niet tegen staende gelijck u.l sal gelieven, ick ben

3522 1171 2405 114 voorsien van alle swerte hollandtsche laecken super fijne, blouwe

3512 1260 2307 145 ende roeye, en van veel engelsche lakens isser iet tot ul dienst

3513 1320 1274 178 commandeert liberlijck die blijve.

5163 1362 294 163 6 ditto

3338 1403 971 190 brussel Anthonij Rousseau

3512 1451 2393 197 ick hebbe op sijnen tijdt ontfangen den uwen van 29 passato, met

3520 1608 2412 121 de rente brieven etc. de welcke ick wel bevinde, gij gecrediteert sijnde

3519 1697 2467 110 voor ƒ18:4. voor de expeditie, int iaer 1688, de monsieur van de stuste

3501 1781 2489 151 ons brieven besorght sonder eenige oncosten: daer en tusschen mijn schoon

3516 1869 2385 126 en ick bedancken u hertelijck ick hope dat u mij gesonden remiseen

3514 1959 2363 124 sullen sijn dedaen ƒ dat ick u.l ingeslotene hier sende ƒ200

3523 2009 2437 177 courant gelt ten laste henrijck Rijssel ƒ325:- ten laste guille

3524 2094 2375 192 walravens ƒ497:24 courant gelt ten laste mons Ansillion

3528 2203 2445 156 op ½ uso ingevallene op sicht niet en willen betaelen gelijck ick hu

3527 2318 2421 145 heb versocht biddende dat gij met hem doet het gene mogelijck is self

3514 2390 2458 181 oft hij maer en wouw op een maent accepteren waer in gij sult

3523 2491 882 175 verobligeren die blijve.

5161 2507 286 183 8 ditto

3339 2542 795 182 imsterd geraet Rover

3490 2640 2486 164 in antwort aen den uwen van 29 passato, hier diergelijcke occasie

3499 2765 2481 129 tot u dienst voorvallende sal u reciprocelijck dienen, daer was tot londe

3495 2834 2439 177 £1800 gewight in gout inden tour gebraght, en uwe schrijft

3511 2941 2447 179 noch een coningh iacht met een seer considerabele partije in

3521 3023 2450 177 see geloopen, soo dat de wissel aparent meerder sal vallen men

3515 3113 2484 161 hadt laesten post dagh costi a 28 w op londen gedaen, apperent sulle

3511 3190 2471 224 heden weder Engelsche brieven aen gecomen sijn, waer naer gelieft

3517 3306 2408 203 te reguleren, en vallende voor mij een £100 oft 200 af

3922 3373 343 67 mnaiere

3509 3388 2424 203 te geven mingesende als voor eijgen om dat nu niet

3518 3463 2374 238 ben gepresseert, sal pernaesten remittere, heden 15 londen

3490 3586 53 83 2

3335 3596 700 185 brussel Rousseau

3511 3661 2399 206 Jay la chere vre dhier, et la remise de £230:15:5 en sid peeter

3519 3792 2334 171 cwillaert de brugs pour la quelle ie procurerez le necaissarte e

3526 3906 997 148 sen tenep, puis que ie suis
