7976 4603
1163 155 2222 90 het selve van u soo niet maer wel volgens ul schrijven het welck mij al

1160 215 2216 112 sal sijn ende om u niet te veel te incommonderen versoecke ick dat ul

1175 302 2204 107 bij provisie gelieft te betaelen £50 wisselgelde aen mons Anthonij Shet

1146 352 2219 93 waerop mij verlaete, en can het niet aenstons geschieden ul can hem a a 6

1140 412 1088 137 daegen uijtstellen waermede blijve

2741 409 646 145 adij 8 octobr: ƒ 1695

883 466 786 168 brussel Andries Aertsens

1116 466 2246 209 Mons: sedert dat ick de heere gehadt hebbe ul te sprecken op 20 passato, hope

1140 597 2237 125 ick wel sijdt tuys gecomen, ende het goet van mij gecocht tot contentement

1121 685 2245 108 ontfangen en sedert merckelijcke de biet hebt gehadt, waer door ul voor mij

1127 744 2248 185 sal connen betaelen drij hondert guldens aen mons Anthonij Roussea

1139 819 2241 142 het welck soo terstont niet conde gescheden can ul hem 8 a 10 daegen

1138 875 2234 148 uijtstallen biddende mij hier in gelieft te accommoderen sal ul verabligee

2796 971 273 134 9 ditto

1140 1011 312 100 die blijve.

880 990 1108 209 brussel Mons francois castanix

1133 1057 2198 200 n'aiant pas millier de votre conssence, iaij prend de la liberte de vous

1133 1201 2213 123 escrie de la present per ordre de mons philippe lurand de namur

1133 1264 2225 142 qui mordonné de fideles sur vostre graces cing eens quarente sis

1113 1339 2257 137 florins ons pater argent de change ce que 10 fait en faveur de mon

1120 1433 2228 141 Anthonij Rousseau qui vous rendra la presente vous prient de

1150 1467 2221 182 les satisfait en suitte ou si manque quelque saite chose a la form

1117 1566 2160 184 ie vous prie de momneret par vostre ordre et reponse, et si

1118 1672 1043 166 qulquel chose commande ie suis

2890 1684 249 150 9 ditto

853 1758 1008 190 Brussel Anthonij Rousseau

1127 1751 2204 197 iaij lonneur de vostre de 7 courant, il les bien que vous navez

1122 1861 2213 181 pas manvoije les £250 a 27:6 que ie vous demandex, car

1118 1977 2185 155 a hier vous orier este mover seconte, et demain ioroij encore este

1092 2043 2195 166 romper voula que changement, vendredy ons donnet tout ses

1118 2113 2214 209 prisses de 27:4 a 28:4 a cose que mons le deconinck avex resu

1125 2255 2177 118 expres d'hollande que le coure et est de londres a 28  sur quoy

2970 2303 309 78 Larrver

1128 2308 2168 144 il am donné bien £3000:- a tout tes prisces et allewen is dul

1110 2415 2252 120 ordiner ont a fait a hier a 28.6, cependent les lettres de londre

1098 2531 2261 111 du 4 courant et de 7 ditto d amst: dont encore de noetre chengemen

1106 2594 2217 135 les cours estent tombes encore a 27:5: 6 tellement conne ee pas

1118 2654 2230 150 messures aparendre les sieur de maistre me crit quila acceptera vosse

1124 2772 2149 151 trente de £69:13:4. mes pourselles de cent livres que ie vous

1101 2831 2180 135 lanvoijerex me comme il est de ia endoseer est a engleterre

1115 2919 2140 134 il vout attendre, ce quil faira ou si deuxasfingnes sa de £50

1103 3005 2236 146 argent de changes can sur aertsens et loter sur de smet ie speres

1105 3110 2238 137 quil paircon a la presentation ou enbref ompres, vous prient de maiss

1107 3205 2242 103 en cela, ie les ay donné la advies necessaire advies, ie vous remet

1105 3271 2223 106 encore ƒ 546:15 argent de change a la charges de mons. franfros

1104 3374 2143 121 ca stanis comissare de hollande, presentement a mons: alexandre a

1093 3449 2249 157 sint martin sur les sabron, es quelle ie speres paijera non obstarnte

1092 3526 2239 151 quil soit inconnu a mon, sed pour contes et par ordre d'un mons

1089 3606 2251 172 philippe suront de namur vous avez alssi icy inclusex les billiet

1095 3695 2216 137 de mons verhaegen de deex sacke de argent dont que navex par

1091 3828 2210 112 par marque larreur, quil ie trouva a mon divantage en estendent

1082 3867 1545 134 de vous novelle touchant mes afsingnations ie suis

2694 3905 367 155 10 october

808 3908 621 165 Londen Mes: kent

1091 3959 2242 182 sence mij last, of 3 th courant, reed yove of 20 of 24 past to wlith I han

1074 4096 2233 118 burt bittle to answer onley that you send mee not the sp clothes I

1061 4188 2248 115 most want viz the gpayes of 5 sber & the cullours to N3 & 4

1062 4238 2267 132 8 ditto ordered, you send insteed of asilver gray a white gray, which I

1074 4326 2222 109 doe not owant principally in so fine acloth, inclosed are some

3545 213 2445 103 patt, which non hem & the newest mode & the drap cullour comes ont

3527 275 2407 123 againe m'abrowne, so pray send some patt. & a fine cloth or2 of 14

3547 346 2404 129 a 15  if to be had & that can come with this convoij for ostend, or Rot

3533 442 2413 110 where mason is well arrived, I have writt you all I have to say for goods

3542 530 2366 120 I desire, so exspect the performance accordingley pray a word if you

3539 558 2349 183 shall doe goods alwayes £10014 for M £100. I have remitted that is

3520 648 2390 148 by change of monnyes or the like opportunitie for I must no loose either

3540 743 2307 162 by aninées or clipt monney or else I can remitt no more, theoefore send

3533 869 2307 117 your positive resolution thereupon, because others promise to keep good

3515 910 2319 159 £100 for  £100:- because they beleave the loss shall come upon

3523 988 2367 163 the whole hingdom & not on partsculars if ex keeps above 28 t remist

3528 1070 2357 162 some as desired last weeck ex is now here to 28:8 & att the arrivall

3546 1156 2422 166 of letters of 24 fall fall to 27:8 en & att Amstm to 27:5 sor surile

3531 1279 2389 156 fall could swish some returnes above 28 p butt lower not I exspect

3529 1379 875 140 to know what pases & rest

5133 1362 839 182 Adij 10 october A: 1695

3354 1443 713 186 londen willem scawen

3535 1478 2444 166 ie suij bien aise de vous par la chere vostre de 30 passe, vosire bon retour ie vous

3514 1599 2387 101 main ie ne merite pas vostre remarciment, a close que vous me nave pas

3529 1695 2449 106 donnez l'occasion pour vous randre quelque civisite pour service. cependant

3527 1727 2451 158 ce quila manque a vostre presence, si vous plait commande a vostre abserce

5190 1830 96 66 Jans

3521 1815 2390 155 vous assurent que ie ne demanguere a mon d'avoir pour les messeurs de

3517 1915 2370 155 lo banque que portoyceu que vous plara commander. pour i'accept vestre

3515 1964 2460 159 offres tout sant la negatie main ne vous ne manquere pas qu ce que vous

5099 2068 106 48 den

3502 2048 2473 159 mavex dit de bouse, savoir que ie ne pardre  mais a quelqiue espece

3508 2174 2383 112 demenois de mes moff remises et que pour  £100: a vous remise

3525 2219 2457 148 vous me referebont a tout   £100:- soit que les quinces qeel

5794 2315 164 91 vous

3532 2355 2448 133 ou outres especes soroint diminuex, sur quoy i'attende vostre reponse prendr

3495 2377 1128 152 mes massures a lavant ie suis

5239 2404 288 124 10 ditto

3558 2481 287 73 du maijfre

3349 2453 2598 154 onden depuis maderniere de 3 courant receu les vostres de 17 et 20 passe, comme

3517 2581 2431 87 ie vous ay marque le plomp ne ne cevantra pas courin an prochaine, sans

3512 2650 2442 114 que vous voudriex I resouver de nerien guanier, les freses sont, extravigent

3520 2744 2413 122 pour les ten et faback, il foit avoir un peu patience a lun est vendu

3513 2840 2416 117 que vous aures devante bien tot, et vous aurez. le compte devente bien

3523 2878 2392 116 tost, vous m'envoijé encor 15 hids do taback, ce quil est bien, le bon

3513 2962 2442 127 dieu, les rend bien yei, mais vous faite fort mal d'envoijer la ditte merchan

3526 3046 2444 154 dise p des vaisseaux anglois a cause que la voiture de bruges yci, sera bien

3509 3136 2461 141 un escus  halle, et le billanders les rendent pour le mosine pris de londres

3509 3232 2458 161 a anvers mesme mois que vous avez accorde les amonde l'maire a accepte

3512 3282 2416 142 ure traitse a la change, ie procurex senceax saire en son temp, pour les

3506 3360 2423 143 traittes de mons. Rousseau celle de st £100: est in dose a messi

3523 3444 2392 127 kent le cours neetoit pas plus que 26  le 71 aoust iay fait a 25:10

3522 3530 2399 116 tellement que vous navez pas raison de vous plaindre encor mois ie la

3510 3600 2447 152 dilaye de 20 iours, de donner advies en un temps qui ce mess. de brussel

3494 3678 2477 181 ne scavent pas ou tourner leur tete celle de £69:13:4 en et est in dosser

3490 3750 604 139 a mons southel
