7650 4606
2517 183 465 125 26 meirt

640 181 956 202 gent de wedu de buck

863 293 2213 127 In antwoort aen den ue van gisteren hebbe heden

820 361 2287 155 de 2 bodeenp lakens van leyden ontfange N 203 & 508

823 425 2350 193 die seer curieus & sijn eyne N508 len 3600 is can ick ue

825 533 1742 186 daer meder dienen te commanderen die blyve

842 582 2024 278 N 1229 ƒ6:5 N 203: ƒ 6:3 N 508 ƒ 6:10

2844 767 246 152 26dd

557 827 1413 199 mechelen de weduwe betrams vo

1367 919 253 74 van 2

848 900 2363 171 volgens ue ordre hebbe ick heden aen ue gesonden  voerliede

825 1017 2412 150 eet wit grijs laken N14 .. 53 ½ a 31 ¼ a 42 ƒ 149:12½

843 1094 2392 190 den heere laet het ue wel geworden van d'andere heb ick meeer

845 1222 2396 169 een sinde een sijn geperst a 54 t, soo het ue gelieft can

849 1319 2421 187 =mandeert, noch geene apparentie van versch goet naer

840 1437 665 180 groetenisse bl

2857 1461 258 214 26d

566 1530 825 235 Mechelen van Aken

839 1611 2233 233 In antwoort aenden ue van 24 deser seynde ue met de

843 1723 2293 193 wagens eene pack, daer inde 2 superf ijne swerte volgens

842 1818 2329 203 facture aenden voet deser, hadt ick ue die niet volgeseyt,

856 1925 2328 164 ick soude heden voor contant gelt die tot beteren goryge

861 2042 2319 125 vercoght hebben syn gisteren laet eerst aencomen ul

872 2147 2310 114 moet de maete rekeninge op hollants & met eene elle

843 2211 2328 155 th sich vergenoegen vallen die corter, soo moet gij den

847 2301 2337 163 prijs vanden incoop beswaeren, want ick daer niet anders

859 2404 2334 127 mach aen Missen & gelyck alle hollants goet vercoght

859 2529 2408 121 wort uytterlyck met een elle t lakens volgens ue stael synder

849 2604 2278 162 geen oock geene apparentie wanneer het verschgeet sal

861 2682 2269 169 come bly heb den bode niet vernomm ingeslote

854 2776 2340 174 hoeh 2 staelen van fijne  breet die naestaen ue come

2752 2879 380 153 28d

607 2860 1177 227 Londen Wall & Will kent

848 2939 2400 223 sence my last of 24 cur red yours of 8 & 12 d god send

881 3069 2310 216 the ships from london well over no news yett of them

863 3184 2353 164 manney capers are att sea & do much damage a same

858 3322 2391 162 for boath nation not to hinder such thing, which is

868 3399 2353 153 so easeley to be don, I hope your ostendish convoy

869 3510 2341 146 soone with you to seth the ships now in loadinge &

871 3588 2328 199 though you make no mention of the northrens so often

885 3709 2300 156 writt of yett I question not butt they shall come

865 3811 2359 181 p this first, or elce you might as well pre mij pacquett

849 3911 2416 162 therefore send what cause white or half, or as manney as you

875 3994 2270 160 can have besides of the last orders & if the rest te

858 4091 2409 160 to deare & not to be had to content send the 3 of £10:3:

863 4202 2384 151 in some pack or other & make up all what you can for this

878 4299 2283 114 convoy, so flannels pack white & & what I ordered for

876 4370 2290 137 hull is to be shipped for holland p first departing

3454 164 2510 162 convoy rather for Amst then that dans Rott my

3471 229 2478 169 packes from leed all with 3 white baeyes, from London

3462 330 2467 186 with cottons of 20 a 21 pence a good as soon as I see the patt

3482 436 2451 189 of the span clothes shall order more as for shipping 2 packes in

3481 525 2405 173 Colhthurst your there was non others butt full, had you leffout

3481 629 2430 154 one as least yeare you did with N73 then one had been saved, &

3470 719 2281 178 you must doe as is ordered, & do ill, then can not be replyed,

3491 749 2377 234 will not have shipped att hull above one pack of cloth in a ship &

3480 896 2479 175 writt so more often, 2 packes of bayes migh do when you can not other

3495 998 335 167 wite I rest

3326 1251 1004 241 onder Richard Southell

5263 1331 677 191 28 meirt 1695

3468 1448 2391 173 In answer to yours of 12 cur I should be were glad in case the

3478 1575 2439 97 northrens could be gett reddy for this convoy where in you could

3469 1657 2473 162 doe mee a service, desireing you to endeavour also for all the

3471 1742 2492 193 rest I ordered to come for this convoy, & if anney span clothes

3477 1854 2446 196 be wanting forward what is reddy, & if non to be found so low

3477 1991 2477 166 prises to N 7: 10 & 12 doe as best you can though 6 pence

3462 2123 2504 140 more a yeard if butt a liveley cullour & good cloth & some grayes

3477 2182 2380 198 to the patt sent 24 cur to which referre you, so what you

3497 2301 2452 157 finde not to full content buy not & send no more then what is

3489 2406 2417 186 intirely good loveley lists & liveley cullours & well pressed,

3488 2503 2439 193 I have severall sp clothes of yours yett remaining for beeng

3497 2634 2448 144 so dead cullours lile bayes no strenght in the cloth nor press

3493 2707 2445 179 n kent are in sp clothes the best, therefore pray doe that

3472 2812 2495 198 mee might in lange wish you if you can have 5 EE yall

3948 2934 185 71 more

3482 2932 2455 146 =ow marcks with this convoy then buy them att prise

3480 3029 2446 195 curtt if white without streep or spots fitt for religious

3488 3137 2381 186 habids, I have red a letter from m collier belong seas

3508 3213 2436 215 4 cur dated youghall 7 gb 94 & an inclssed to Cape

3495 3395 2479 132 henry Collier att S Germaine or elce where in france, I know

3479 3472 2439 154 not how to forward that safeley yett I'll doe what I

3500 3594 2370 164 can to inquie ofer him inclosed & answer to our old freind

3499 3669 2417 186 which please to send him, I have remitted monney to Amst to

3496 3785 2455 174 have bills there for londen, because exa is falling, so besare

3492 3858 1915 170 I shall remitt you timely the needfull whilst I rest

3503 3973 2408 151 as for ensuring seene you will not doe itt your self I hall doe hee

3503 4056 1798 156 what I shall thinck fist give butt timely advise
