7912 4586
2398 158 582 111 adij 22 augusti

1656 191 83 92 ts

816 167 2495 212 brugge Raphaelp nietp mijne voorige brieven sijn u al geworden, n

1076 277 531 111 ick en twijffel

1028 350 2299 118 verwacht ick aenstons den uwen van gisteren, en dat u l mijn goeder

1077 399 2236 165 sal expedieren gelijck ick hebbe geschreven, geen occasie versuy

1080 505 2227 116 en oft het gebeurden dat de rappelinckx schippers geen packen

1079 572 2204 133 met de bargie en wilden laeten voortsgaen, soo sult liever

1067 681 2236 133 de vraght hun liever betaelen, om ieder dagh een laken

1074 753 2239 172 pack voorts te senden, ten sij nochtans, moegender met de

1079 817 2240 180 rappelinckx wel packen comen soo wanneer sij gereet sijn

1081 930 2169 165 te vertrecken, verdeelende den risico bij alle occasie wat

1094 1018 2183 158 dobbelaer sal morgen bij u sijn, examineert sijn s

1087 1117 2154 180 paspoort, en laet hem 2 packen mede brengen, laet van

1084 1209 2234 157 mijn geen goet op de halle liggen, en oft andere niet wilden

1094 1304 2123 163 gelost hebben, soo daet wat moogelijck is om het mijn te

1092 1385 1465 126 becomen tot datter meerder perijckel is

2698 1436 226 133 ditto

826 1452 904 200 Amsterd: geraert Rovers

1068 1496 2247 206 Mons. duwe van 18 en 19 deser wel ontfangen, wat men van

1068 1582 2203 140 het bombarderen van brussel heeft geschreven ofte niet,

1092 1641 2175 190 de schade is meerder dan iemandt tot noch toe weet, ende

2879 1743 172 69 namen

1080 1733 2219 176 can ingebelt worden, godt gave het casteel van gewonnen

1092 1823 2232 162 was ende de wij geen voorder ruinen onderstonden, op

1083 1976 2234 121 londen was het costi gemonteert op 26 en 7, soo geen enge

1095 2011 2199 188 brieven sijn aengecomen, geloove het wel wat meerder

1091 2128 2232 191 sal rijsen, en niets ick niet gepresseert en ben, soo haeste

1092 2195 2206 168 u niet doende daer in als voor eijgen, heden u hier a 26

1083 2310 2165 152 26 en 2 gedaen, en sal het sicht meest stellen volgens

1069 2384 2241 147 de naestcomende brieven van londen, derhalven recommander

1084 2506 2236 134 daer in te doen als voor eijgen, de lotterije tot amelfoort was

1094 2616 2218 93 16 deser begonnen, en alrede een prijs van ƒ7000 en een van

1069 2665 2240 170 ƒ4000 getrocken en voor ons noch niet vernomen, seder

1094 2754 2217 154 sijnder noch 3 daegen getrocken heden den 4 waervan wel

1084 2844 2242 134 wenste, het vervolgh van de gedruckte notitien mij geliefde

1082 2930 2227 104 te senden wij dunckt sij noch wel 10 daegen sullen trecke

1095 3020 2201 112 het soude mij bij desen tijdt wel comen een goede prijs te

1089 3096 2237 169 hebben, en hebbe ick niet ick sal mij al ven wel moeten

1089 3201 2227 137 vergenoegen, daer was hier voorgaende saterdagh een

1075 3288 2242 143 gerucht, dat een hooghduijste ioode eenste prijs hadt het an

1064 3351 2264 166 voor dese beter aen een eerlijc gebombardeert brusselaer

1093 3457 2217 168 soude passen, wat des wegens passeert verneme geerne en

1101 3541 914 162 naer groetenisse blijve.

2586 3595 366 152 22 ditto

802 3623 1133 210 brussel Anthonij Rousseu

1087 3712 2201 185 int antwordt aen den uwen van 20 deserick ben blijde dat gij

1079 3821 2179 140 geschreven hebt dat gij u familie hebt gesalveert, en u

1080 3881 2232 175 principaele effecten hoopende dat het alles werpen sal geestar

1073 3998 2230 138 worden commandeert mij, daer ick u Jan in dienst doen, ick

1070 4114 2240 114 geloove dat jacobs betaelen sal, als de boche wat over s

1089 4177 2160 130 fijn, men seght dat sijn vader veel verlooren heeft

1091 4243 2093 172 ick hoope van neen, ingeslotene een brief van parijs.

4890 143 1063 138 adij 22 august A: 1695

3324 158 906 150 ent francois herrebout

3495 232 2471 159 den uwen van 20 deser ontfangen de stof packen sijn sekerlijck heden bij

3335 307 2566 161 ul, en dheer Coots soude van dagh u toesenden no 72, 78 86 maer

3507 419 2468 128 hij twijffelde seer, oft die van de rapelinck souden gedoegen goederen met

3495 494 2458 137 bargie te vertrecken, soo gij die packen noch heden ontfanckt soo hope

3491 551 2435 169 ick dat de selve noch in tijdte sullen comen int schip van horde

3493 648 2487 137 met stoffen, te worden gelaeden oversulck soo die 3 packen in tijde

3499 722 2455 185 coomen soo laet die int voorschreven schip laeden: en is dat schip

3504 836 2420 123 met stoffen vertrocken, soo besorght cito een ander schip, en laet

3485 915 2464 111 no 72, 78 met dat schip comen, en sendt no 86 citto te wagen

3495 1028 2442 100 want ieder dagh sult gij goet per bargie ofte rapellinck ontfangen

3501 1072 2442 146 soo moeter kerstondt een ander schip gereet sijn om goet te laeden en

5829 1163 110 96 ven

3507 1154 2464 171 sendt daegelijckx per waegens een pack voorts gelijck ick u heb geschir

3509 1243 2376 148 te weten No. 77: 79: 80: 81: 82: 83: 85: 86: al was het oock datter

3511 1363 2459 129 occasie te schepe ware en soo de francen naerderden sendt te wagen

3497 1418 2481 160 wat gij cont, het geene als dan tot gent soude moegen blijven neer

3525 1536 2388 112 het sal te salveeren waer in ick mij betrouwe op u goede directie

3511 1586 2437 123 soo de stof packen vertrocken sijn besorrght, een andersscht maer en laet

3327 1623 2524 133 londen Jan du maister N72, 78 voordat het mgette ditte vertreken

4154 1696 1768 123 tot dat ick het selve oock p wagen ordoneerde

4138 1749 1725 173 gelijck gij die senden moght bij wees van de

4165 1830 347 153 francen

5005 1908 352 184 22 ditto

3334 1948 818 214 londen Jan du maistre

3488 2002 2439 187 den 15 was aen ul mijnen lesten sedert geenen van ul het ten

3496 2127 2363 143 is niet noodtsaecklij dat ick u schrijve de dessolatie van brussel

3463 2214 2524 178 ende de 10s daer door van brussel, gij sult van alle gewesten wel hooren

3471 2305 2376 137 al de schepen van londen sijn noch te brugge, en niet sonder

3917 2400 179 65 naer

3496 2408 2373 150 perijckel van hier te comen,  wilt hier hebben ½ pe voor

3499 2489 2452 168 assurantie, maer soo haest het casteel van namen sal over sijn

3494 2559 2424 180 dat sal gepasseert sijn, men moet hope dat het sal over sijn per

3494 2670 2353 158 tot dese maendt, godt wilt het en daer en is niet te doen

3491 2758 2366 138 voor dat, dat goet hier is, mijne vrinden tot brugge sullen sorge

3490 2881 2398 103 hebben voor ul gelijck voor mijn ter wijlen blijve naer grotenisse.

5129 2919 354 156 23 ditto

3343 2939 529 156 ent herrebout

3494 3022 2322 158 gisteren per post u geschreven hope de 5 packen per bargie u sijn

3486 3108 2456 185 geworden, en noch met het eerste schip af comen laet cito een

3503 3210 2354 146 ander schip gereet sijn, want alle de goederen sullen volgens

3495 3319 2454 155 en niet sonder pasport te laeten voortsgaen, schrijft wat passeert

3473 3397 2399 181 tot mijn gerustichijdt laet n° 72, 78 te scheepe comen soo geen

3324 3464 1065 151 drees voorde francen is:

5054 3519 287 176 23 ditto

3334 3557 717 124 brussel rovaert ververs

3452 3643 2499 161 Mons het groot ongeluck alle mijn vrinden overgecomen is mij soo gevoe

3473 3746 2351 117 lijck, al oft ick self present ware, mets ons vers goet hier daegelijckx

3482 3813 2385 102 verwacht wort dat u t liberlijck soude gelieven te commanderen, en is

3496 3879 2361 153 het u genegentijdt niet voor eerst eenigh goet te coopen gebruijk mij

3496 3937 2312 125 liberlijck waer in ick u can dienen het sij tot voortsettingen vant

3483 4029 2331 108 herbouwen van u huys oft andersins, ende gelijck men seght in den

3494 4112 2451 106 meesten noodt sent men de meeste vrinden, daer en spaert mij niet

3478 4158 363 169 die blijve
