8069 4586
1163 159 2194 96 a larbitrage de quelque onetton  se soit, entretemps il ni ce

1173 249 2213 104 proverbe par mi nous un peu reen uiger sans conatenans

1177 281 2222 165 parti, iespere que sa response vous donnera satisfaction puis que

903 307 758 174 meerhout guilliam pijs

2787 359 609 185 Adij 16 xber A19

1130 454 2240 160 heb ul brief ontfangen met de ƒ70:2 voor rest van het laken

1167 554 2204 121 dat icl diens volgen met den voorman heden toesende iets ander

907 561 886 180 Brussel christiaen segers

2858 645 518 130 Adij 19 ditto

1142 647 2244 206 heb den ul van 15 deser op sijnen tijdt wel ontfangen met de assie

1144 741 2194 150 latie daer bij vermelt, ten laste peeter bargere, den welcke voor

1162 852 2207 132 antwort geeft betaelen sal soo ul hem laeten weten sijn lakens

1158 932 2242 107 te hebben ontfangen, ofte niet en dat hij morgen naer brussel comt

1157 1018 2159 118 en ul voor der sal sprecken, en dat ick dan int eijnde van de

1167 1113 2225 131 weeck bij hem soude comen het welck diens volgens sal geschiede

1165 1177 2229 147 in dien tijdts iets ander voor vallende gelieft te commanderen dut

895 1200 930 170 leijden hendrick Hermanze

2937 1266 284 139 19 ditto

1147 1273 2213 209 ick heb u brief van 16 deser ontfangen & voorleden vrijdagh de

1149 1445 2194 91 ½ laken & ½ ontfangen nu wensche ick wel dat het rattien al

1150 1508 2231 117 versonden was naer bredael omdat ick vreese dat de wacteren haest

1177 1589 2199 127 sullen toevriesen, de 4 lakens die gij uijt den molen gecregen heb

1147 1651 2228 165 moet het drap de berri het alderschoonste bruijn carmosijn wesen

1148 1763 2238 103 datter geverft can worden laet het costen wat het wilt, en de het

1141 1801 2232 141 lanckste van a 52½ schoon bruijn blouw naer het stael dat

1140 1897 2203 148 ick ul heb gesonden, voor hetrattien, d'andere 2 tot swert doch

1129 1993 2210 167 die lenghde ontschiet mij en ick twijffele ofte het lanckste dat i

1146 2068 2209 188 N43 stelt niet en is nomber 42, sent mij nu uwe rekeningh

1153 2191 2178 127 soo al ofte dese vier berijdt en gedaen waeren, en soo daer iets

1145 2255 2189 161 meen oft meer betaelt wort aen het carmosijn blouw ofte

1150 2337 2210 129 swert, soo sal men dat in de naeste rekeninge veranderen

1149 2433 2206 143 tis om dat ick mijn boecken moet sluyten, en met laurijs ka

1156 2551 2188 119 rekenen die dese weeck hier comt hij schrijft mij dat hij Nge

1148 2597 2193 127 ul oock heeft gesonden het geene oock tot blouw sal wesen, en

1140 2699 2155 149 laet dat mede in dese rekeninge comen ter wijlen blijve

879 2727 1100 169 Rotterdam Abraham de bra

2763 2775 504 152 Adij 19 ditto

1140 2824 2224 206 in antwort aen den uwen van 16 deser het is apparent dat wij vries

1132 2915 2248 184 weder sullen crijgen, en daer op besloten water, soo dat de convoyer

1137 3005 2207 152 soo van londen als hull in engelandt sullen moeten blijven

1130 3081 2207 138 echter iets anders voorvallende gelieft te advisseren, het goeet doet

1140 3181 2206 110 costij 6 a 6½ pas c op gelt sonder dat ul mentioneert welcke

1119 3268 2231 118 spetie de beste is oversulck heden geen hebbe toegesonden te meer

1135 3320 2217 185 om dat ick dencke de partije soo wijnich, oock vertrouwe mijn reste

1123 3431 2252 166 rest op sicht par casse sult comen betrecken in ducatons, goude spetiu

1134 3514 2210 177 wat het soude mogen wesen, ducaten oft andersins met 5 parck

1138 3593 2152 168 op gelt oft meer soo moogelijck sal promt pas lasse betaelen,

1133 3722 1964 150 welcke uwe diene tot governo van die naer groetenisse

872 3702 968 177 Brussel Anthonij Rousseau

2924 3820 183 98 ditto

1137 3846 2224 152 en responce a la chere vre de 16 court le mons gilson vostre perupuies

1136 3913 2221 163 est obliee la longeur de la peruque de mons. gans acker, car il conti

1125 4007 2228 137 plus que  d'un one et celles que iest ou tourious porter sont plus

1125 4100 2107 147 que  cependent ie ne soit pas de milleur que de mons

1097 4187 2260 137 gansaeler pour deu ƒ.: d'ort, cependent si un du catton ou quiton

1119 4201 2210 205 chose, davointage luy peut en gager pour faire quelque chose

1116 4311 2217 165 de bonne et de la longeure d'un nomme ou quelque chose

3544 187 2427 72 moes, il me sera fort aggriable que vous fait pour vous maimne. 1o8

3532 236 2415 137 il est bien que les 2 quitences de les noveilles rentes sont paije: vous est

3531 301 2409 149 debité pour £18:4:7 in de change, en esperence que les mons. rijssels

3535 413 2430 138 et Aatssens payeront les assingnes a leur charge ie vous vient donner

3521 492 2449 154 parte de ce quil met arrivee auiord huy avec le S. de smet: il est dont

3521 567 2449 118 venu chez moij pour attendre, ce que iay lavois a proposer ie ley trouve

3513 664 2464 167 fort incline pour me donner satiffaction, cependent plaindes affliction

3509 774 2459 151 ne, et de l'armes pour son grand malleur, il est partj pour ce resonden

3524 860 2449 151 sur les deux prepositions suriventes la primiere qu'il crecret une rente

3519 948 2463 179 de £500: comne il medoit apres avoir payer les £50:-: afsigne

3532 1077 2430 135 14 court sur la brasserie la corone et quil nest payer a pas lintere

3519 1116 2274 189 pendent deux annee et que pendent cette tenps la il pouriest

3520 1242 2356 167 diminuer cette rente a vees 2 a 300 a la foye et de gace quil

3515 1327 2321 212 resteret en cuperatinde deux année il paijere les interest de 4 p

3528 1446 2387 182 sur quoy ie luy donnere de novelle credit pour £ 200, cela j'aij

3520 1512 2454 200 luy propose positivement. la deux hierne proposition est sur mon

3527 1644 2366 144 bomplaire et a pres avoir information a son satisfaction qu'il

3515 1741 2417 144 premierement la sur ditte brasserie estant charge de ƒ1600: capitael

3514 1841 2437 92 ie diserserois le dit capitael, ƒ 3000 quil me doit set 1400 en argent

3515 1902 2394 154 cret seroit ƒ 6000 pour la quelle somne il me crecroit une capitaite

3522 2012 2347 133 premiererente de ƒ6000: a lintrest de 4 ps. et en fait en cela

3531 2093 2295 102 un creditte de £200:- et comme il est est que la brasserie est

3516 2209 2453 120 achette cependent a marriage, il ce providera de toutes les autorisati

3487 2305 2406 125 sons necessaire pour les enfans. les affeaire estant surcepies et que ie

3515 2351 2387 175 ne scais rien de la valleur, ou la constitiion de la brasserie et que

3498 2445 2446 169 il ne pas des amis a brussel de vostre graces, ie vous vient supplier

3501 2570 2376 117 de massiser cette affaire comme vous voules que ie voudrois pour

3516 2654 2285 110 vous premirement d'enployer quelque parsonne de connessance

3509 2741 2338 161 qi pourret ( sans soit sons le mons de smet priser la brasserie

3524 2827 2440 197 et la petitte, maison anneze, estande du mainne sont novellement

5494 2930 108 82 2lus

5411 2931 72 85 la

3502 2914 2395 177 est tablie et iuger la quelle proposition me seroit avantagieuse

3520 3034 2364 142 pour moij iestire la premiere, non obstante quil serret le deux

3531 3143 2386 153 hieme rente apreelle de ƒ1600 et qui ie n'eroit pas intrest est deux

5439 3230 60 57 25

3504 3237 2333 135 annee, mais le S. de smet voudret bien charge letezes ƒ1600 et

3510 3318 2414 148 avoir argent a mennes pour payer les repatations tc et faire une

3526 3414 2347 141 seule rente pretendent que la brasserie, en est a se variable non

3408 3510 2553 130 lobstante que dans l'anne 1677 il an avet achete seulement ƒ9000

3508 3614 2415 128 aiyent fait differentes melliourations et avec celle du bombardement

3508 3683 2380 169 quil luy couttes pre de ƒ18000:- la revenue estant ƒ 520 poar

3525 3785 2392 172 anne. ie vous prus mons de mployer des parsons de connosence

3523 3891 2357 139 et de ne pas sparner quelque depences et ie vous fairet bon tout

3503 3987 2292 156 vous priant d'excuteur mon desire sans parte de temps et de

3517 4094 2433 120 de mander pajement de ƒ300:- avec simulation de scavoir quelque

3496 4179 2453 114 chose de cette affaire, a chose quil a achette 3 draps les quelles ne suiis

3477 4278 2437 128 =ent pas sans que a payer ƒ300 et que iay vostre advies sur le rest

3493 4343 2169 140 pour prendre mes maissures a ladvenant sur quoy ie mes y suis
