8200 4713
1122 188 2201 120 betaelinge van hunne troppen, is daer door geen dalinge van

1116 267 2271 90 wissel te verwachten. die van de banck ontfangen eenige remisen

1109 358 2257 142 tot londen in banck noten betaelt mijn vrinden willen daer niet

1119 446 2244 113 seggende met bancknooten geen goederen comen coopen: blijve

850 500 889 119 rotterdam Abram de Bra

2829 531 531 134 Adij 17 xber 1696

1103 563 2297 166 in Antwordt aen den ul van 14 deser al hoe wel den mijnen van

1119 653 2185 153 13 ditto costij noch niet was aengecomen soo hope den setven

1108 772 2257 143 ul is geworden, en diens volgens versoecke een reeekeninge courant

1097 840 2189 191 als mede advies over den prijs vande engelse qui nees & goude

1093 933 2256 159 loursen om mijne messures te nemen aen ul eenige te senden

1112 1018 2295 154 ofte te remitteeren ick ben confues te sien in de generale reeckenings

1100 1165 2151 111 van oncosten de 2 aengehaelde packen met uijtgaende rechten

1110 1232 2096 127 twee mael belast het il imners goet het gene pr transito is

1116 1288 2228 130 aengegeven, en dat de rechten maer eens schuldich is en naer een

1111 1413 2268 115 soo sware compositie noch eens de rechten te moeten betaelen

1104 1494 2228 117 dat waere een hartesaeck, en hebbe sulckx nergens weten pleegen

1119 1573 2164 119 doet ten misten divois om dat af te krijgen, oft anders wensche

1119 1656 2151 114 ick wel hien gelt hadt ontfangen des te meer om dat door ul

1127 1731 2172 156 lanck tardeeren dat goet sekerlijck onderwegen sal blijven, ende

1110 1824 2240 148 conde het wel meerder ramp krijgen, ƒ 2150:- dat de comisen

1091 1939 2237 122 hadden moeten geven endese ƒ350:- oncosten is meer als

1118 2019 2153 172 het goet weert ise patientie voor ½ p. 6o inde weerde van

1120 2095 2219 160 2 a ƒ300: minder aengegeven te hebben soo een swaere straffe

1115 2211 2286 151 uf te hart, ul seght dat alle de resteerende aen gehalde packen kersijen

1107 2285 2308 125 vercocht sijn sijn donse dan de eerste van ul aengeslogen geweest

1113 2393 2302 129 soo hebben d'andere lieden slecht gedaen geen betere messures te nemen

1113 2446 2265 114 en sijn andere packen voorde onse op de werde aengehaelt soo hadde

1137 2551 2151 118 ul moeten wijser sijn geweest, en ons voor die schade behoodt

1134 2602 812 148 ul gedaen patientie blijve

3022 2634 294 134 17 ditto

857 2674 1026 159 brussel Anthonge rousseau

1117 2747 2188 145 i'aij suis honore p. la vre du 15 court ou ie vois que mons.

1113 2832 2306 163 segers paijera demain et que van den clooster a compte £50:-

1129 2973 2232 110 et la vouve vanderborght £100:-:- mais vous ne merquere

1113 3024 2194 154 pas si la derniere partie soit argent de change courant is

1134 3134 2150 150 qme vous pries de faire p. occasion le S. rijssel nest pas

1138 3214 2103 161 venis ce pour quoy ie renvoij mon assingne, car ie ne

1152 3288 2090 187 roes pas qu'il viendra, a chose de gele, que l'empschede

1131 3409 2102 115 reavigation, iay vre remise sur bombards £900:- ie

1139 3502 2118 117 procureres les nocessaire a son temps, pour remises lus

1125 3560 2217 175 londres ie ne pas besoingh, le cours estant trop ie vendu

1125 3646 2102 186 laulettre de mons. le roy a mons. schaepe ie suisi

3081 3746 285 134 18 ditto

862 3725 1186 193 Gent francoes herrebout

1134 3785 2261 162 bij den ul van gisteren gesien mijnen van 15 noch niet

1123 3929 2194 148 hadt ontfangen, hadde den selven nochtans p. post

1120 3990 2228 187 geschreven tis wel de 3 packen bij ul sijn, vreese soo

1132 4101 2243 131 lanck het vreest geen meer comen sullen, volgens

1124 4176 2280 171 ul advies verwachte N47 morgen en sent N99 & 50

1127 4308 2241 138 aenstonts oock te waegen adviseert wat voorder

1109 4357 630 151 passeert blijve

5257 176 774 148 Adij 20 xber 1696

3465 185 784 130 Amst geraert rover

3550 237 2481 204 sedert mijnen van 17 deser den ul van selve dato ontfangen volge

3543 361 2380 165 den welcken twijffele twijffele voor mij iets op londen sal hebben

3556 454 2443 167 afgegeven, dat hochtans wense geschiet waere omdat ick hier heden

3553 555 2463 181 tof 36: 2 hebt gegeven en opt eijnde van de beurte men 36: 5 a

3561 648 2378 164 6 begeerde, en ter wijlen de cours in londen niet inclineert tot

3557 731 2475 199 vallen soo geoft £200:- oft daer ontrent tot prijs courant is dat

3551 856 2458 170 ul als eede niet hebt gedaen, echter sal het genoch wesen soo sulcka

3542 916 2463 232 pr tout dese maent geschiet omdat het moet dienen om reeekeringe

3552 1030 2364 179 te sluyten, oversulckx als voor eijgen & adviseert wat passeert

3461 1081 904 176 Rotterdam bram de bra

5623 1179 288 104 20 ditto

3551 1176 2457 210 sien bij den ul van 18 deser dat schipper daniel westhuysen met

3552 1264 2386 242 sijn schiep inde have van stricke sal leght hij waer beter costij

3552 1339 2339 248 patientie bij de rest can ul de kersijen aen sijn boort tot 38:

3560 1442 2387 240 het stuck contant gelt vercoopen soude daer toe resolveer en

3556 1531 2432 249 het sijn de alder beste sorten die van engelant comen, sijnde

3550 1647 2493 290 Abram & josua rilley en 2 andere mercken soo goet als de sche

3542 1733 2402 264 gelden in engelant 4 8 a 5 het stuck meer als ordinais goet

3557 1854 2483 276 het gene in hollant gebroght wort het welck oock wel demeste

3541 1914 2483 308 reden is tot het relakeeren heeft doen resolveeren bij hatder

3544 2027 2477 262 vorst cl toewaeten soude men die kersijen daer welcomen

3555 2124 2460 260 uijtlichten over sulckx gelieft eens te doen omhoeren op wat

3554 2224 2464 231 maniere ul die best lout comen aenden man tout comen brenge

3534 2345 2478 203 om volgens messures te nemen de brieven van costij sijn eerst

3536 2406 2434 228 desen middagh gecomen soo can ick mijn reeckeningecdurant

3536 2523 2478 218 niet naersien dan sal ul evenwel p. tout die maent voldoen

3535 2604 2482 218 doch ick bevinde dat ul wederom in reeekennge brenght het saer

5515 2753 367 108 &Roncary

3539 2733 2481 191 1695 het gene met mijn remise van dit saer 1696 voldaen wat

3535 2806 2499 229 deralven en bedraegen de porten van brieven soo veel niet

3551 2892 2466 206 en magen niet van Angusti 1695 tot heden tot heden toemae

3529 2994 2438 167 allenelijck sedert 2 januarij lest leden gedebiteert worden, a

3544 3096 2416 194 governo, waer voor sal ul mijn guinees aenveerden soo eel

3482 3171 2495 252 eenige sende het gene maendagh soude geschieden volgens

3543 3267 1562 184 ul antwort sal mij reguleeren. blijve.

3469 3361 1031 153 brussel Antoie tousseau

5531 3350 198 165 120

3538 3466 2389 178 depuis ma dernere de 17 courant receu la chere vre de 18 ditto

3537 3575 2331 161 vous estant debite de ƒ500:- receu de quitl: walravens

3543 3640 2463 192 et comme le S. rijssels n'a pas encore este icy ie ne veu pas douter

3550 3750 2365 172 mais qu'il satiffera a mon assingnependant que ie procurers

3553 3840 2431 175 le necessaire pour vre petitteremise sur sacobus de witte le change

3551 3924 2363 143 ser lendres est apns de 36 ƒ1 a 2 3 a 44 a'ay denne a mons. de

3562 4030 2444 104 Consnee  36:2, a guile, cours plus que iesancer et i'auray les seir pur

3561 4096 2428 102 Curdy £100 et quelq ue atres appointh poursien reste de conspuu je vou me

3557 4187 2121 130 pouvriez acomoden ie vous donneray 36:2 plles vece je sis
