8181 4588
924 108 1040 192 Brussel Andries Aertsers

2862 149 557 168 ady 12 meert 168

1210 224 2180 189 IIn antwoordt aen uwen van 11: deser, de meeste engelsche goederen

1197 357 2190 139 die ick hebbe, principaelijck laeckens sijn noch al van den goeden coop

1584 421 689 97 ek altgne va goeden coope

1196 461 2180 130 hebbe gecocht, sal ick oock goeden coopgeven, soo dat ul niet de

1191 551 2185 146 schrooint moet sijn van dieren coop gesien de slechte ae godie

1192 661 2182 142 en qualyck incomen van schulden, t'gene niet wonderis, en niet

1179 726 2201 139 moet niet malcanderen al patientie hebben, en terwijlen ul

1200 857 2173 139 claeght over de baeijen, en daer omme ordonneert dat ick om te

1184 942 2211 170 sluyten de rest van 2 partijen voor de Combarderinge gelevert

1199 1007 2182 173 soude trecken £52: op een maendt, soo hebbe sulxx gedaen te

1202 1148 2176 124 betaelen aen mons. Antonij Rousseau aen wien hebbe

1186 1213 2201 177 geordonneert dat ander refken, mij weder te senden, en

1189 1301 2211 191 sal daer mede de rek, sluytende beijvende alleen open, het gene

1203 1414 2175 123 ul naer de bonbarderinge heeft gehadt mot versoeck ul gelieft

1192 1504 2189 185 dat vrijelijck vergrooten, en sal u soo goeden coop, dat ick

1163 1605 2217 189 sal instaen, dat het dit iaer met beter coop salwesen ealen

1176 1716 2219 185 versien van een partije engels loot, ilt dat mandt van uwin

1176 1817 2191 199 den iets noodigh heeeft gelieft hun sulex te laeten wet en

1182 1904 1848 188 en ul sal verobligeren die naer graeetenishe blijve

3298 1996 69 123 „

2857 2044 248 141 12d

912 2047 989 197 Amsterdam geraerd rover

912 2113 2394 199 brussel Joan Jonaert in antwort aen den uwen van 9 deser ben

1165 2235 2198 169 verwondert dat ul seght de 2 baeijen van 11 julij een abues

1165 2368 2131 126 te sijn: het can sijn dat door de bombarderinge ul dat heeft

1175 2448 2188 129 vergeten soo sal ick ul dan uijtlegge hoe die saecke is geschiet

1166 2566 2173 113 op 8 julij lest leden was ul huijsvrouwe hier cocht van mij

1152 2609 2100 135 5 flannels 14 baeijen naer luijt de facture haer als dan

1163 2725 2145 115 mede gegeven dat was vrijdagh sanderdagh sijnde saterdagh is

1151 2810 2185 172 dat goet par beurtschip ul toegesonden als wanneer dat savents

1172 2904 2201 134 uwe huijsvrouw bij vervaeckt den verver sijnde hem ordoneerte

1165 3038 2208 127 eenige baeyen bij welkens te haelen ende twee bij mij van

1161 3106 2192 144 29 ut van de selve daer ick 6 aen haer hadt van vercocht

1171 3206 2208 119 en gesonden: en miets sij sondagh ten 11 hueren maer eerst vertrecke

1162 3299 2189 123 heeft sij den tijdt uijtgespleten ende die uijtgesocht en sijn ditto

1149 3387 2227 150 2 baeijen wesende 11 julij smaendagh door vervaecken self hier

1134 3447 2189 207 gehaelt ende door hem root geverft ende ul toegesonden met

1160 3557 2131 174 noch 6 andere root daer onder 4 van tt40 ende eenen

1146 3664 2189 151 geel volgens hij altijdt can attesteeren, soo dat hier geene de

1152 3744 2203 198 minste reden is van achterdenelen van abuss doch staen die

1149 3870 2230 164 niet op de eerste facture uwe huijsvrouw 8 julij medegegeven

1135 3947 2204 181 dat can seer wel wesen want dat goet was al versonden en

1126 4028 2254 146 de facture haer overgeleveert eer ditto 2 baeijen aen vervack

1140 4110 2240 163 wierden gelevert, het welck niet en twijffele ofte sult sulckx onder

1137 4233 2242 162 vinden en diens volgens satisfactie hebben van geen erseus want

1140 4319 2238 139 in soo daenich geval laet ick in mijne boecken genochsaem explic

3557 65 1852 211 ee aene e penie enen acle

5849 183 121 71 135

3411 161 817 179 brussel Anthonij rousseau

5131 201 839 160 Adij 12 meert A° 1696

3524 301 2462 142 i'aij la chere vre de 10 court et advies de mons. Aertssens quil n'est paijera

3520 338 2456 164 pas le £50: mais bien quil acceptera £52: a deux usance raison

3525 494 2475 122 pour quoy ie vous renvoije ma lettre a la cherge de £52:- puisque vous

3865 538 56 63 2l

3518 564 2481 119 plaira de renvoije de £50 en esperence dun bon hicces de reste ie medir

3425 600 682 190 brugge raphael Coots

5508 671 216 130 14 d.

3450 696 2547 169 in antwort aen den uwen van 12 deser schippers Jan win ende blacklandt

3520 835 2479 148 engelsche sende conde uwe wel oordeelen dat sij de galnooten niet voorder

3443 905 2522 206 als tot brugge conde voeren en al hoe wel sij van brugge vertroecken sijn

3527 1035 2383 189 geloove die noch tot ostende liggen, doch daer is niet veel aengelegen

3511 1128 2430 148 schipper laureijs moentiens is gisteren van hier naer ostende vertrocken

3524 1216 2375 141 hebbe in sijn schip gelaeden 2 packen tijcken 3 18 N1  met

3512 1337 2393 117 90 stucken tijcken weert f 850: ende N. 2 stucken 85 aeert ƒ 800:- die

3508 1442 2460 139 ten arrivemente op spoedichste gelieft te laeden in 2 differente schepen naer

3504 1495 2475 123 londen, en consigneeren aen samuel blewit accordeerende de vraght op ht nouwsten

3500 1619 2437 98 als hier in laedinge adroituer was, dan aenveerden de schippers soo een pack

3501 1684 2475 159 voor 16 a 17 st st vraght nu hebt ick hier 2 van ieder aen landt moet

3507 1800 2457 192 laeten voor den beurtman van gent ende aen moentiens accordeeren

3482 1870 2433 206 14:10 pas stuck sonder alle andere ondosten soo dat dat al sulck dier te

3486 2030 2489 171 gelde comt oversulck gelieft de vraght naer londen seer te minageeren

3504 2120 2461 182 ende gelijck segge in 2 scheepen te laeden om den risico te verdeelen

3502 2226 2467 165 en mij ten eersten daer van de cognossementen over te senden met de reken

3486 2302 2417 221 inge van oncosten omdat ick soo lanck moet dilaeeren de rekeninge

3494 2424 2330 188 van ditto tijcken te senden tot dat ick d'oncosten weete a governo.

3490 2492 821 149 sijn onvrij vanden tol

5492 2548 245 141 14 d.

3397 2524 755 193 brussel govaert ververs

3485 2665 2484 167 duwe van 26 passato en van gisteren wel ontfangen met den lester

3500 2762 2417 158 den wisselbrief van wouter van goos waer mede ick ul ordre wel

3500 2863 2433 205 sal volgen ende het gene passeeren sal laeten weeten sal niets versuij

3482 2970 2265 175 men en in alle ocasie ul geerne dienst doen ter wijlen blijve.

3410 3024 1236 160 otterdam dionijs verbrug en maeshoeck

5491 3131 154 85 15 d

3492 3122 2465 152 den uwen van 24 passo op sijnen tijdt ontfangen heden par paer ul toegeson

3500 3244 2469 167 1 packen cant N N2 voor d'ordre van monsr. Joan du maistre in londen

3489 3331 2458 129 den ontfanck gelieft mij morgen te adviseeren en waer in eenige dienst

3497 3437 2436 181 can doen liberlijck commandeeren gevende d'ingeslotene citto voortsganck

3398 3456 752 178 londen Jan du maistre

5408 3558 141 105 16

3480 3594 2475 194 en responce a les vre de 25 & 28 passée si iount si vous envoje la facture

3476 3659 2465 213 de vre dant pacquer N 2 portant en argent de change ƒ 1287:- £219:10

3473 3791 2494 223 pour la quelle valleur il vous plaira me crediter, il est achemine aurordhuy

3481 3870 2386 152 par la potte pour rotterdam a mess. verburgh en mashoch pour vre

3484 3966 2460 187 ordre, ie ne spere bien tost chez vous, comne aussiion precedente et selon

5239 4078 165 72 donneo

3482 4053 2434 183 que vous trouverez la marchandise vous pourrois vos ordres puisque

4925 4160 350 82 mon divois

3487 4150 2457 208 manguera pour vre advantages vostre tabacq est van du depuis

3484 4218 2367 178 1p cours a ƒ37:- cento argent de change et contant, mais ils ne pas

3479 4335 2425 159 encore livrez cet un estrangeere qu ilattende son argent ce quil medonne
