8088 4580
1103 106 2220 150 que ls antres repondrant vou piau dectolieste acepatin an

1085 214 2237 127 quelque terme en cas quil refulent le payement, puisque ie vous sal

1104 288 277 129 & suys

2513 284 797 184 adij 2 sber Ao 1695

827 333 870 188 brussel guill walravens

1058 391 2256 200 volgens ul ordre van 30 passato heb ick heden op u getrocken ƒ 365

1082 505 2243 137 courant die te betaelen aen mons Antonij Rousseu het welck

1083 618 2250 116 ul gelieft te verheeren, en waer in ul eenige dienst can doen

1083 684 1255 158 commandeert liberlijck die blijve

2755 711 170 176 2d

805 772 931 168 brussel christiaen segers

1089 825 2216 176 tis mij leet dat ick niet beter in ul gratie ben dan tis mijne

1084 946 2189 151 foute niet. ick heb u mijne baeijen van tt40 gepresenteert

1059 1026 2220 187 voor ƒ 36: courant die ick seder tot ƒ40, hebbe vercocht, de

1049 1127 2266 162 geceeperde flannellen wilde ul maer 17t: betaelen, de devent

1075 1222 2232 162 baeijen hadde ick ul voor ƒ42 gelaeten en niet tegenstaende

1080 1326 2238 130 ul en wilde tot die prijs noch niet resolveeren, tis waer ick hadd

1058 1407 2191 126 als dan veel te doen nochtans heb ick mijn goet noijdt soo

1058 1483 2256 163 goeden coop gepresenteert, als aen ul soo dat ick niet weete

1072 1596 2252 136 om wat reden ul mij op u leste reijse niet hebt comen besoe

1074 1697 2246 130 het geene versoecke als ul gelieft op een andertijdt magh verbeter

1072 1761 2200 158 worden, daer en tusschen heb ick heden de vrijhijdt genoemen

1067 1893 2238 130 op ul te trecken ƒ 325: courant gelt te betaelen aen mons

1053 1932 2274 149 Antonij Rousseau bdde het selve gelieft te verheeren, doch

1047 2046 2273 183 soo het ul niet gelegen comen, can ul hem 8 a 10 daegen

1087 2111 2229 231 en langer uijtstellen, ende soo haest het verf convoij arriveer

1058 2228 2224 197 sal ick ul de weet laeten, en toonen dat ick ul beter coop

1088 2294 1487 208 wel geeven als aen een ander die blijve.

796 2350 879 181 brussel henrij Rijssels

2673 2397 164 123 2d

1062 2464 2257 153 ick heb heden op ul getrocken £30: vlaems wisselgelde te betaele

1063 2564 2251 199 aen mons Anthonij Rousseau het welck bidde aen te willen

1080 2642 2105 212 voldoen, en is iets tot ul dienst commandeert die blijve

782 2692 1000 188 brussel wouter van Elsen

2737 2771 286 148 2 ditto

1060 2820 2211 186 ick hope niet dat ick met eene reijs soo qualijck hebbe gedient dat

1052 2901 2242 209 gij mij daerom sout verlaeten al hoe ul mij sedert niet meer

1024 3005 2297 180 hebt comen besoecken, niet tegenstaende als d'occasie voorvel

1041 3081 2198 186 dat ick u can dienst doen soo bidde ick u soo gaet mij niet

1044 3169 2230 180 voorbij want ben wel voorsien van alle sortementen

1043 3287 2233 138 van goederen, soo baeijen, kersijen als andersins daer en

1042 3353 2252 185 tusschen heb ick de vijhijdt genomen en op ul getrocken ƒ 300

1037 3488 2287 143 wisselgelde te betaelen aen Monsr Antonij Rousseau biddend

1041 3547 2220 157 mij de vrintschap te doen het selve mij te verheeren, doch

1023 3656 2286 156 soo ul niet gelegen waere soo gelieft het eenige daegen uijtstellen

1045 3745 2248 157 en waerin ul can dienst doen commandeert liberlijck die blijve

784 3763 878 176 brussel francois Jacobs

1037 3830 2234 228 ick en twijffele niet oft ul hebt wel ontfangen mijnen van 29

1033 3987 2286 166 pass met facture van de 21 flannellen & 1 baeij ul per beurtsch

1038 4051 2285 191 toegesonden bedragende ƒ 1178:11 ½ heden heb ick heden volgen

1030 4185 2292 166 u ordre aen reekens geleven 2 flannellen uyt een vers pack

1047 4257 2210 131 tot carmosijn waer voor mij gelieft te creditteeren en iets

1042 4371 2235 114 voorders tot u dienst voorvallende commandeert die blijve

4935 164 664 134 Adij 2 sber A 1695

5873 179 98 98 92

3343 157 760 178 loven Adriaen Everaerts

3508 213 2469 178 volgens duwe van 30 passato heb ick gisteren met walnenus ul toegesonden

3517 305 1817 188 2 alve flannellen te weten a 35 couleur a 17 ½ st:

5611 337 357 145 ƒ 30:12 ½

4552 408 623 141 „35 blouw„ 20

5698 426 204 110 35:-

5122 472 854 138 bedraght courantgelt 65:12 ½

3507 538 2457 204 waer voor mij gelieft te creditteeren, isser iets anders tot u dienst gelieft te

3525 623 820 113 commanderen die blijve

3336 714 1199 166 gent De wedupe nicolges de Buck

5153 682 240 177 2 ditto

5851 752 96 105 gen

3510 768 2472 154 het briefken dat ul voor ul sone hebt geaccepteert hebbe ick ter rugge ontfan

3504 900 2485 102 ende sedert noch een ordre van ul sone om hem te senden twee carmosijne

3504 964 2411 133 lakenen de welcke bedragen courant gelt ƒ 666:- sijnde sijne prepositie daer

4173 1018 291 71 maecken

3498 1074 2385 119 ul daer voor soude accepteeren een briefken op 5 maenden het welck hij

3509 1143 2462 102 sal accepteeren, ende alsoo ick niet en twijffele, ofte sulckx is met ul kennissel

5145 1199 191 81 pat va

3512 1216 2418 157 soo sende ick den selve aen ul volgens sijn ordre, ende par 6 waegens die

3498 1266 2329 188 morgen vertrecken, doch soo ul dit mede gaende briefken niet gelieft te

3497 1352 2004 175 teeckenen, soo laet de lakens bij ul liggen tot naerdre ordre

3341 1410 722 168 brugge adries de buck

5275 1462 262 138 3 ditto

3360 1466 2497 188 int antwort aenden ul van 31 pass: ick hebbe gisteren met de wagens

3493 1627 2418 148 naer gent gesonden aen soiest ul moeder de 2 carmosijn laken waer

3489 1679 2446 177 van de facture, aenden voet deser sijnde N4.3ft: del minder als

3488 1767 2465 232 ick den prijs hadde gestelt, waer nomber N 508 can ick niet ander geven

3490 1843 2391 198 soo hebbe ick het selve even wel mede gesonden, soo het ul tot dien

3503 1990 2444 166 prijs niet en gelieft soo ordonneert aen u moeder het selve tot gent

3484 2017 2462 199 te laeten, ick hebbe haer oock toegesonden een briefken van ƒ 666: couran

3492 2120 2408 218 gelt, die sij s voordie weerde soude trecken tot ul laste op 5 uso, en soo

3473 2216 2461 205 ul dien volgens conten is, soo magh ul de lakens uijt haer handen

3490 2344 2463 205 commanderen want ick aen de prijs niet een st meerder can rabatteeren

3493 2442 2446 201 soo niet sal ick ordoneeren wat daer mede voorders te doen, der alven sien

3486 2508 2448 252 ick ul advies te gemoet om den brief tot acceptatie vervolgens u toete

3489 2580 1412 150 =senden agoverno, naer groetenisse blijve.

3560 2687 2363 198 nota dat men een a tar geeft op hollandts goet om dat die maek 2p

3477 2758 940 150 verlies. maer de imlans niet

3332 2841 373 118 brugge Coots

5139 2826 401 137 adij 5 ditto

3441 2910 2494 216 den uwen van gisteeren is mij seer aengenaem, soo om ul advies van mons

3479 2995 2392 210 de buck, als het arrivemt onse schepen van londen, terwijlen uwe

3451 3087 2383 208 de notitie heeft van mijne 6 packen en 15 oxhofden toeback, soo bidde

3470 3166 2462 231 volgens geaddviseert eexpeditie par bargie N 91:90:93 principael 1 73

3479 3281 2338 196 waer mij grooten dienst cont doen, want die frisetten nu aen de

3462 3363 2310 172 man moeten sijn, anders en die de selve eerst sal hier hebben

3572 3410 142 85 best

3482 3455 2313 198 sal connen vercoopen, wachte wijders wat passeert die blijve

3340 3478 532 194 Ath Londres Lison

5279 3561 336 117 5 ditto

3466 3571 2430 248 si iount sa response de vostre advocaet a groningen du la vorance ctant

3468 3659 2379 278 finis pater affairen et demant lans parse de tant la resscqpie, surla

3450 3785 2398 165 quelle laessentansce, ay donné et il sinue a capisey wouwermans a

3456 3878 2390 243 Ath et a groningen que qu'il l'avoir sans parse usant a governo.
