8187 4665
2647 163 729 120 p Adij 18 8ber 1696

860 178 1019 124 brussel guilliam walravens

1086 194 2234 161 in antwort aenden ul van gisteren de kersijen sijn gearriveert

1100 304 2204 137 doch het pack heeft int water gelegen en is meestendeel nat

1110 393 2208 138 dan het geluck heeft evenwel gewelt dat er maer 2 van ul

1103 490 2231 128 nat sijn, waervoore ick draege in plaets hebbe gedaen, want

1111 568 2272 137 van 40 stucken sijnder maes 11 droghe geweest, soo hebbe de selve

1122 662 2255 159 ul heden toegesonden in een pack GW. daer bij gedaen 6 spaens

1113 752 2228 147 lakens volgens de medegaende facture het gene voor de leste

1135 836 2199 163 rijs is dat ick ul desen dienst can doen, soo lanck het goet soo

1118 940 2214 117 dies, ende wissel soo hoogh blijft. gij stelt het mij soo nau dat

1110 1008 2247 130 dat ick daer geen reeckeninge can bij vinden hope op een beter

1111 1081 2250 171 en alsoo ul voor de kersijen inde voorgaende reeekeninge is belast

1110 1180 2182 171 soo diene dit alleen voot memorie ick sende een baeij tot

1110 1256 2191 183 ferdiliere die mij ruijm cost dat ick vraege staet hem ul

1128 1354 2168 161 niet aen, levert den selven aen mons. vanden clootter

1131 1467 2228 161 oversulckx siet ul claerlijck dat ick ul niet en soude verdrijven

1120 1550 2055 172 maer alle dienst doen die mogelijck is ter wijlen blijve

2857 1650 270 115 19 ditt

871 1622 1018 194 brussel onthony rousseau

1140 1681 2187 186 J'ay la chere vre d'hier avec les remises y mentionez pour les

1125 1781 2215 161 quelles ie procureres les necoissaire en son temps pendant quil

1122 1849 2269 188 le temps ne me permet pas de vous faire remises de cette semain

1143 1974 1460 152 il fera pour la prochaine puisque ie suis

872 2049 1055 175 brussel Francois Ansillion

1147 2122 2144 161 de puis maderniere de 19 courant rien de vous le tenturier

1115 2195 2183 142 volmerinckx est de retour de son plaisier tiendra le premes

1133 2287 2234 133 jout quand il sera possible sur quoy iaij luy rendu vre rattine

1139 2396 2184 112 et deux de mes flannelles pour les quelles vous ettez debite

1142 2456 630 144 come en suitto

1486 2483 1880 211 1 Jannel N10. 52½ .. a 70a 144. a 17 . ƒ 122:8

1854 2580 682 123 „10.55¼„ 3

1123 2671 2212 132 pajable en argent courant ce que vous serve d'advies et il vous

1151 2754 2074 147 de me crediter en suitte en attendant vre ordre pour rames

1139 2825 787 140 les flannelles. ie suis

887 2933 743 182 brussel Jan Jonaert

1160 2955 2135 204 hope solston ul huijsvrou wel is tuysgecomen, en het gaet

1151 3076 2249 174 13 deser sten haer vercoht tot ul contentement bevonden, sij het

1147 3188 2113 116 naer datum noch ftannel uijtgelijdt het welck ick gisteren

1148 3260 1878 120 hebbe beandicht aen mons: se briem sijnde als volgh

3040 3291 357 192 ƒ 39:12:1

1407 3340 1306 160 N. 6  56 ... a742 .. a 16

1138 3441 2221 125 waervore ul mij noch particulierlijck moet crediteeren om daer

1147 3516 2056 164 naer geene differentie te hebbe diene tot advies van ul

2971 3589 311 172 19 ditto

893 3603 1239 133 gent deuraert de moermelter

1153 3642 2112 197 ick hebbe heden met de waegens aen ul gesonden een packien

1151 3761 2115 175 gemerckt N C daerin 4 witte flannellen om de selve op het

1147 3823 2196 182 spoedichtte voorts te senden aen de wede Anthoni caussee tot

1145 3941 2202 149 cortrijck, d'oncosten voor haere reeekeninge, het welck ul diens

2990 4047 244 154 19 di

1155 4059 577 114 tot advies van

899 4129 801 141 brugge raphael Coots

1145 4156 2158 155 nantwort aenduwe van 14 deser d'oncosten van protest

1149 4250 2212 121 geleeft in mijne reeckeninge courant te noteeren en wegens

1166 4319 2243 135 den tol van het pack 1MN2, moet al op een ander uijtvinden

1157 4421 2258 80 en mij niet belasten, ick hebbe voordelen geschreven dat de goederen

5818 65 151 157 1d

3491 157 2390 115 van dan du maistse onvsij waeren dat wal voorleden iaere, ten en loot

3506 254 2371 77 maer doen hebbe ick oosgeschreven dat het pack IMW1 met frisetten

3517 320 2456 139 int schip van clement de munck tolvrij wat. het salons seer incomo

3504 389 2485 143 deeren soo het convoij costij blijft liggen, wat des wegens passeert, bidde mij

3513 511 2468 106 mij te laeten weten, als mede wat tijdinge uijtter sel is van de 6 france

3512 570 2431 123 odrloghscheepen, ick hebbe weder ordre van mons. Andrisde buck

3521 675 2429 117 eenich goet costij te senden ick bidde mij kennisse te geven ofte ick sulckx

3502 740 2255 171 met ferusthijdt doen magh ter wijlen naer groetenisse blijve

3435 810 768 169 bugge Andries de buck

5382 866 543 162 19 sber 1696

3445 865 2532 211 volgens duwen van 15 deser sijn ingesloten 4 staelen van 4 carmosijne

3517 1030 2457 135 lakens soo de selve ul oft eenige daer van aenstaen commandeert liberlijck

3533 1101 2379 145 ben oock seer wel voorken van swerte en blouwe van alle sorten van

3521 1153 2473 216 prijsen waerm ul can dienen sal mij met een clijn wintten genairen blijve

3435 1241 1103 153 ortrijck de wed: Anthoni Coussie

5573 1290 171 152 19 d.

3503 1348 2494 228 volgens den ul van 17 deser sende ick ingesloten ul reeekeninge coutant gesloten

3519 1405 2402 205 in wisselgelde, waerbij ul aen mij schuldich blijft wisselgelde £144:-:11&

3532 1546 2418 135 de voldoeninge daer van sal mij seer aengenaem wesen wenschende ul geluck

3511 1595 2453 134 en lanck leven in rieste ende aen ul mons. Jan bap et companie alle voor

3524 1710 2474 190 spoet geluck contentement en salichijdt waern ick Capabel ben ul te dienen

3523 1783 2383 157 versoecke mij liberlijck te commandeeren ter wijlen volgens ul ordre

3525 1871 2382 195 heden par waegens op gent hebbe versonden 4witte sijne flanellen

3523 2000 2458 132 in een packien & de welcke moeten costen volgens aende voet desen

3517 2046 2458 180 in wisselgelde geaddresseert aen mons. Coenaert de moermeester. ul

3517 2178 2469 162 ordonneert, en seght dese worden mij te senden 4 pieces witte slannel

3530 2238 2372 175 en 2 pieces, welcke wort nietmant lesen can soo dat ul mijneet

3520 2326 2473 169 en gelieft te blameeren dat ick daer in ul ordre niet en hebbe volbrocht

3520 2446 2418 111 nochtans alle mijn verstandt te werck gestelt dunckt mij dat ul

3536 2536 2441 125 begeert 2 pieees carmosijn flannel is het soo daer aen soude ick ul niet

3525 2600 2450 141 comen dienen om dat dat goet op de coop inde packhuijsen niet wort

3508 2715 2486 126 gereet gemackt, en het bij de winkeliers gaen haelen soude 4 stuijverspara

3527 2780 2434 166 differeeren oversulckx eenige cormosijne flannellen noodich heeft sal die

3521 2903 2497 145 doen verven oft op ul ordre gaen coopen daer die vinden can, hebbe mons.

3506 2986 2486 161 proli gesprocken hij hadden geen packen sijde stoffenoft iets voor ul arover

3493 3059 2496 175 no ben avondentelijck voorsien fijne en gemeijne hollantse en inlantse

3537 3186 2428 158 blauw en carmosijne wel voor een provise al wat gij begeert en iets

3522 3245 2186 162 voor uij voorvallende gelieft te commandeeren die blijve

5403 3358 294 134 19d

3439 3304 938 166 brussel francois Ansillion

3535 3387 2436 199 apsez vous a escriz hier rien de vous le S. volmernc me vient parler

3539 3550 2388 124 cette apres midij et dire quil ne tien dra pas que la semaine prochaine et

3540 3618 2272 143 quil me faut payer st 48 a livrez pour les flannelles et autant pour

3546 3720 2434 147 acun de tatiene, a chose que le coucenilie est trop seriez pas quoy attendant vre

3543 3788 487 141 responce ie suis,
