7646 4606
2446 185 694 139 7 meirt 1695

538 184 1239 224 London Richard Southeel

778 246 2351 220 Sence my last to you on 14 cur non from you, so referre

759 391 2358 199 you to the same & desire the northrens be added 2 to N10 ƒ

771 467 2401 197 4 p 6 a yd or there about raw & where as these & other goods to

783 588 2385 167 be ordered for the futture could be shipped aboard such vessels

775 656 2401 185 as I could be interessed with goods shipt by M Kent so would

761 765 2375 183 desire you to ensure tall what you shall send mee chargeing the

771 832 2391 237 actt with provision & insurance 3½ pc from londen & 4½

779 947 2449 204 from hull, which of you accept of please to advise mee that

772 1052 2397 239 I send you my order accordingley, I suppose when the hurrey for

796 1149 2371 211 the militia in kersies & bayes cottons & a be over that hem

770 1215 2429 228 sort of goods will be plentier & att the old rate of last yeare

793 1361 1402 229 of which your advise whilst I rest

2588 1509 153 156 16

510 1559 613 202 ugg CCoots

796 1644 2366 209 hem beaut 4 & 6 deser & gevraght wegens convo

812 1759 2369 172 van london, een correspondenelt Deamherpien

802 1840 2411 216 oft goed ter wagen coen comen van dapiker an

2801 2015 235 151 182d

561 1998 1080 229 Cortrijck de weduwe Causse

830 2068 2318 232 Ick hebbe op 22 feb laestleden staelen van swerte lakens

817 2203 2321 209 aen ue gesonden ick hadde verwaght ue eenige daer van soudt

811 2293 2399 198 hebben ontboden ni hope ick ue sone haest hier te sien

826 2398 2304 186 voorders chchryve desen om ue te laeten weten dat die van

815 2507 2411 192 duynaescken een schip hebben opgebrogh comende van hull

812 2605 2404 187 naer Rotterdam gelaeden met baeyen kersijn & noerts lakens

830 2708 2284 169 & alsoo ick daer by eenighsins ben geintresseert & dat ick

835 2816 2339 199 geloove die goederen daer haest sullen vercoght worde

821 2902 2358 176 soo is mijne vraege ofte men die goederen tot brugge magh

826 3024 2306 189 brengen, ofte de spaense het incomen gedoogen & ofte ue

841 3133 2339 158 see mons Jan Capt denvaerts soude willen gaen

830 3262 2380 168 omden in coop te doen, middelertijt wenschte wel ue geliefte

830 3335 2260 195 naer duynckerken te laeten in formeren, wanneer die

848 3435 2309 209 goederen vercoght sullen worden, verwaghte hier over

824 3582 1582 144 ue antwoort & naer groetenisse blyv

580 3671 1320 235 londen Walt & will kent

832 3719 2311 245 I refeire you to my last of 17 cur wher I remitted

831 3880 2407 152 £340: in a bill of which the seconds are accepted

853 3956 2385 174 in handes of david de bary so procure them or the needfull

845 4093 2296 149 now have before mee yours of p ditto wee have no news

869 4131 2273 209 of the ships from london I doubt the convoy was

845 4262 2234 149 no readdy or would not come to margett road for ito

840 4373 2409 119 saile to duyn without convoy is to loose all good present

3471 169 2475 120 them Lam att aloss by having not the goods wanting

3457 217 2396 204 gett seeing you say the honth of april will be the best

3475 399 2452 130 time for buying, so buy no bayes nor kessies till you see

3462 467 2502 157 good times a then buy 100 of 30 yd, itt zeems the dutsch

3470 585 2527 142 will putt an imbarge till their fleet be out, so I doubt if soon

3477 682 2450 142 convoj will be given for hull so lett good measures betaken

3458 788 2537 146 for buying goods att leeds, yett make haste for 12 northrens to

3485 919 2430 110 be sent up to london for ostend, & where as there is avere good

3471 986 2504 133 convoj with you att present for Rott so send the 10 northrens

3469 1089 2517 138 that way, which you say to send acctt of p first, that is provide

3482 1202 2445 159 they can come with this convoy as I hope send by the same

3484 1283 2493 181 5 pack whites EE yea keep the crest for ostend for which place

3482 1396 2471 192 I hope soorn an lother convoy shall present & there with my orders

3490 1503 2409 167 compleared & that buying for clotheng you soldiess be over by

3483 1615 2448 128 this time, which is the needfull ats present from lett parti

3475 1697 2490 168 enlarly be observed that onee & for all the northrens be noted

3305 1819 2633 140 witha p of thrade were they are so to gother because wee

3486 1939 2371 142 sell must the halves & onles wee see that ss will losse

3486 2016 439 182 after wards

5396 2236 439 143 21 meirt

3271 2241 773 212 Amst geerd rover

3467 2336 2486 227 In antwort aende ue van 17 & 18 deser hpe de 2 packe

3496 2445 2384 165 over ter goude gexxpedieert volgens het seggen vande

3480 2546 2493 181 benstleyden, voorgaende donderdagh van daer syn vertrocke

3474 2673 2449 149 & deselve heden ofte morgen hier sullen arriveren tis well

3499 2794 2393 152 dat ue het pack N1 aen samuel forrin hadt gelevers

3477 2871 2384 190 ick bidde ue my tijdelijck te adviseren soo haest convoy naer

3478 2973 2468 143 ull wort verleend ofte soo wanneer de seevaert sonde

3488 3080 2400 140 verboden worden tot taldertyt toe de oorloalschepen

3470 3207 2452 116 in dae syn sulckx oock te laeten weten om mes uier naer

3498 3261 2456 158 advenant te nemen, ick wenschte wel eerst ue opinie hadde

3500 3365 2439 171 gehadt eer ick die st £300 op londen hadt afgegeven

3484 3458 2397 164 n'ingesloten seynde an geaccepteerde brief van ƒ£37:10

3498 3558 2316 163 ten laste vander laenen & fendi in Amst heden vervalle

3501 3692 2396 119 welcke weirde gelieft in te voorderen & als ue sal dunckende

3497 3752 2388 154 will op laeghst te wesen £200 op londen af te geven in

3505 3842 2463 152 2 verscheyde frieven verhopen dat de geramitteerde £140:- adde

3502 3999 2371 136 by arens van denirs sullen worden voldaen, t welck ick geirne

3481 4040 2403 167 sal verstaen, hope sy de uytterste desden valdagh niet sulle

3521 4134 2455 133 afwaghten, wat voor balt verneme geirne & naer groetenisse

3524 4255 2432 98 blijven one convoy van londen naer brugge p 7 deser van daer vertrocken

3519 4286 2384 147 kan door contrarie wint niet op schieten gelieft te laeten ussureren in

3517 4391 2357 79 tschip van magnus mason genaempt de voorsightigheyt £150:- soo
