8132 4671
946 169 2266 181 op hope dat godt het behouden sal laeten grriveren

937 259 2336 189 dien wel dat in d'assurantie cost, voor ens gene profyt en is &

952 357 2320 179 men niet van hier daer omu moet geen, de wissel van hedet

949 469 2311 150 tot 35:2 & onoosty a a¼ avance voor den tecke

2700 553 632 148 Adj 15 meert 1697

647 559 997 192 Mons Jan Bap: masson

933 630 2390 154 J'ay la vre de 11 courant avec une incluse pour don pedra garribal, adiaiart

939 722 2353 181 generael & on d'affaire de mons. nostre governeur, la quelle lettre ie vous

918 795 2371 139 renvoij si ioientte a chose, que ie ne veu pasmengagner, ni meme faire

926 900 2334 155 conneestre a ces monsieurs, que iauroit de cognossence de vre pretence

925 969 2345 153 cest un affaire que vous touche, be en la quelle ie ne vous puis pas

930 1046 2293 188 faireagince service, d'aut en moins achose que mons. le governeur

944 1135 2327 169 est a present fort smalade, & d'un mala die l'anquissente, dont il ne

907 1219 2395 165 queries la par, cest pour quoy il sera bien que vous viendres icy vous

904 1320 2306 143 mesme et parlerois a mons. pedro garribal qui vous a promis

935 1380 2366 191 de contenter mille florins nest en mon affaire de solliciter semblable

923 1500 2396 186 payement, ie suis d'opinion que sile mons. I governeur viendret de morir

923 1581 2317 168 vous auries bien de paine pour obtenir satisfaction cett pour quoy

936 1674 2375 185 le plus tost que vous sives vre pretention le millieur qu'ilsera

947 1768 2400 152 on m'adversi que ceux de mallines ont obtenu payement on ce pourit

943 1873 2373 138 addresse a eux pour scavoir par que moijen sont venu chez vous ie suis

950 1970 2389 167 pret pour vous rendre touttes services qui sont possibles en matiere

943 2034 2389 161 de negoce, le gr jespere reviver et bientoft, cependant vre pret

960 2131 2332 197 tion ne devrost, has estre dilaye. ie shuis att cntant vre remise

2937 2222 305 158 15 ditto

964 2226 1720 191 ier cautelse at eu touttes occasions jesuis

688 2362 941 156 tunhout Jan Bap: robert

953 2373 2278 202 in antwort aenden ul van 12 deser de 129 stucken tijcken die

955 2527 2351 127 ick van doen hebbe sijn als volght soo ul de selve gelieft te leveren

960 2569 2292 161 ten prijse gelijck daer is bij gevoght, soo sal ick de selve ten eersten

920 2670 2281 171 verwachten alles van ul maecksel, en soo wanner ul de selve

939 2763 2382 154 daer voor niet wilt leveren soo laet het maer citto weeten want

952 2851 2291 147 ick hier can bedient worden, contant gelt heeft oock al wat te seggen

959 2927 2379 127 en is ruijm meer als mijne ditferentie van mijn presentatio aen ul vras

963 2997 2106 157 deralven antwort citto pr. post aen dies naer groettenisse blijve

2489 3046 862 166 soo ul de voorsch: prij sen

1521 3082 781 128 15 ¼ 2 segels a ƒ8:

1552 3140 1744 148 1 2 segels  9:5 niet aenstaet soo seght

2474 3225 876 137 maer mij niet wilt dienen

1535 3255 772 171 10 groot loot „ 8:

1518 3349 897 174 30g groot soot„ 9:5

1523 3453 901 160 40 de groot loos „ 11:15

1536 3539 898 163 15 ¾5 segels„ 18:15

1540 3629 901 197 15  3 segels „ 14:15

1457 3747 472 193 129 stucken

5871 154 135 101 ƒ50 p

4973 155 789 126 Adij 18 meert 1697

3343 163 984 147 London Walter BB. Kent

5843 272 101 89 ont

3486 228 2545 191 sence mij last on the 14 inttant receaved yours of 26 past, with acc

3481 379 2458 152 of insusance abord havorth from hull sor Amstm wille is verij well,

3494 432 2501 162 hope that I shall well arrive, thij are to ioyne 2 ships more oft yarmoith

3471 534 2497 154 when you iuge de best teme to bee nothered gods shall send you patterne

3481 637 2523 126 & instuctions for I want allsorts of clotsh from leeds. seppect one pack more

3484 698 2495 171 of spanish clothes for ostend. I amongut them de light draps & affor

5149 776 197 71 meart

3475 792 2491 154 de fme pearles, I finde my order of 11 sber last there in compleated for in

3484 870 2451 126 the bale  N. 50 was one of 10ƒ in N. 51 are 2 suprafines No° 342 & 345 in

3481 966 2468 131 N2 is one & in w.3 are ƒ5 so that there is 9 pearles to the order of 14

3497 1042 2464 156 sber last & butt 2 of all them lised to the patt. w.7 de saprafine N°. 345

3477 1126 2489 136 in no comparison to N.7 do cost 15 st, so that I desire no such cloth, that

3473 1209 2477 163 come soo different in coulleur for exept thij bee exactley to N:7 or better no

3665 1282 138 70 boddij

3490 1312 2478 146 bobdey willooh upon then, beside I ordered butt 1 a 2 p. or 15 a 16  there

3497 1400 2473 155 fore send non except they bee exactey to N°7 or better, whelst I hope that

3496 1493 2553 164 voy shall procured a suffisant convoij for ostend, some say that the shipsd

3488 1561 2474 197 for rotterdam shall begh the ostendish in sicht of ostend, & them forworth

3498 1619 2436 208 envoyes for rott with woult not bee well, because de most danger is

3477 1748 2450 164 upon the coust, deare ried from dunckercken, that an other esquader is

3477 1827 2514 227 a peparinge to bee commandet bee an bart & that jtt will bee the stronge

4167 1885 155 75 1dea

3482 1900 2444 190 that is itt that , so the soner the convoij come over the better en

3498 2004 2437 195 if all thus pirates can not bes dravem awhey, wee may trade no more for

3483 2103 2417 169 wee can not demande your goods expept de nation & deavers to secured

3485 2198 2478 117 them over., theer: is arifinge itt can not hoult longe soo for de armies

3471 2274 2442 165 wants monney & very considerabels sommes musth bee remitted there bee

3473 2377 2485 152 de arrival of the lilves vliet in spaine, will cause a considerable fall

3494 2482 2481 148 soo I shall reader a low you intrest for some time them to si you displia

3444 2561 2404 111 =ied for no remises from my, what passet pleased to advise I rest

3504 2623 2262 149 inclosed  100 op Jan du maistre with a name for forma 18 ditto

5759 2666 97 97 for

3355 2610 2424 202 hull William schanson ste no du ptrez procered the peadtul for mge accompt

3489 2728 2393 150 my last lettre of de 14 courant was to drected to m. Henry metealf

3477 2807 2456 186 with order to bee deliverd to you in case hee hald desined & gived over

3492 2875 2555 174 bussene ssas m. botter wrodt to mee with now s finde confimed bee t

3473 2968 2498 153 yours of 24 past & that m. potter inployed you whith is very well

3469 3061 2504 156 the 3 bales or pacles shipped tot Amst to mij orders is to content

3483 3165 2489 143 & hope that 12 dosins & one baije m. potter sent you bij horse shall

3336 3179 2595 255 bee in time to bee shipped by this convoij for Amstm of what past

3473 3324 2503 177 there in pleased to advise asalso about the ensurance wich moust bee

3474 3385 2518 207 don bij good hable man & springe so god a convoij hope bee shall offocted

4337 3467 219 98 valen

3479 3512 2456 176 att a low rate for ½   or ½ or d woole & att oronther

3473 3594 2414 188 3 p: to a 3½ af I have  writh to m. potter of with I expect jours

3476 3708 2242 160 advise as alsoo accompt of chargel, to said you sattisfaid, I reste

3359 3717 616 163 leed Athomas poste

3482 3796 2456 192 sence mij last of 14 courant receaved yours of 2 4 past as alsoo one letter

3480 3902 2446 160 for m. schanson the same date, with bills of loadinge of 3 bales for

3473 3998 2394 157 Amstm, there under w 3 with cloth abord thomas haworth whith

3489 4066 2401 133 falled out as I feared, bee cause m. metralt ait all reddy shipped 2

3481 4164 2423 146 packes obcloth in haworth with if sould bee take beserdes tre sols

3488 4217 2427 158 soult bee a great appointement itt, moust have patiens now in hopes

3480 4314 2467 134 that N. 4 shall come in time with is convoij for Amst & that de goeds

3476 4343 2433 109 one part there of bee ensured are with you or att hull with I lave
