8200 4644
3550 206 2413 120 hune bought a month ago have don best, yott patience do formee as

3551 290 2432 155 best you cas, & loose no opportunitie of y first convoy for Holland a pack

3554 362 2033 155 if p. clothes if anney presentes before that for ostend

3530 454 2108 161 & the rest for ostend whech il the needfull att present frone,

5023 544 638 105 30: Jnll 169

3422 579 416 186 ondon Scawen

3541 568 2442 214 mons. iestoit le 10:8bre passe, que ie me donnoir l'honneur de vous escrire ma dernire

3535 711 2431 108 sur quoy ie n'ay pas en de responce ce qui m'a faiut croire, que vous n'auiley pas linclind

3529 783 2447 87 de vous engager selon mon desir, non obstant qu'il astoit vre proposetion espnticy de respondre

3523 828 2445 110 pour les remises que i'aurois faiut su1 tout changer d le temps la est passe, & aussij l'occasio

3524 924 2466 112 de profiter des bonnes somes, cepend. i'ay la sreculatien de prendre uhe partie des notes de banque

3535 970 2435 133 sion pourront profiter j'avoir del interest, ce pourquoy ie vous prie de me vouloir in fme

3526 1057 2438 103 des condition des d notes, comment & quand elles doit ent estre paycez & pour que prix vous voulez

3523 1132 2425 75 vous mettre quarand, ou estre des credete pour le capital que ie vous re mettrois ou prievois de

3454 1176 2445 118 terer surnoy belen rt vous ingerez mon advantage sur quoy attendant lhonnaur de m'

5307 1225 562 113 Adij 30 Julij 1696

3436 1219 1322 128 Londres sichard Southeloescrire Je me diray

3532 1273 2379 138 le 26 court estoit a vre grace maderniere, depuis rien de vous, ensuitte a

3530 1358 2421 180 ma promesse, ie vous remet si igunt st£ 200:- siur cossaert & noort wijck

3534 1476 2443 144 paijable en novelle mondey etcshhiant  du prochain, vous procurre le necestien

3519 1576 2451 113 en m'en donneres adviesicomne les mess. regents ont ordonnez de ne pas protesies

3510 1638 2454 128 de lettres, que les acceptant veutt  payer motie en argent et motie en nottes de

3520 1708 2389 103 banque, ie suis d'opinion, quand sacchat de marchandise, vous pourries vous

3513 1811 2398 113 servir de mainne, eest pour ie vous ay pries par ma precedente detirer sas

3518 1881 2460 167 moij st£ 2 a 300:-, cependant si vous ne pourries pas en servir pour l'accha

3502 1995 2399 122 de mes ordres vous ne tireresde pas, a chose ayant considere la faire chez vous ie

3508 2077 2389 121 ne veut pas m'engager pour le chez mon argent de la banque: i'ay bien la

3489 2158 2390 105 piculation pour engager quelque chose sur quoy ie vous pries vre advies

3511 2251 2454 107 et si vous pouves pas vous en servir de  2 a 300: a nottes tires moins

3514 2314 2388 106 memme sil ne seret quan sans livres, faisant comme pour vous memne

3503 2376 2468 150 sans vre et man preiudice, sie suis pressent sur ce point la, a chose que des autre

3496 2498 2475 110 de cette ville en sont charge de payer plusieurs parties moins que 30 et

3515 2569 2389 97 en suitte avanceront a leurs marchandise plus que moy vous est a la place

3506 2663 2429 113 fait comne pour vous manne, en attendant de vous novelle pour me reguler a

5593 2734 172 96 de

3474 2727 778 152 ledvenant, ie me diray

5535 2806 213 86 30 d

3465 2810 783 134 ondres Jan de maistre

3518 2858 2362 177 le 26 court estoit a vre grace maderniere, mand ie vous preposé de

4830 2973 182 76 vouless

3504 2990 2404 146 prendre un partie de vos frises, si vous reguler lel changes  esiedi des

3501 3087 2398 118 nottes de banque, comme mess kent & d'autres ons tirer sur leurs amijs

3496 3197 2463 108 et que ie vous envoyeray des eschantillons les quelles vous aves si iooint pour

3485 3248 2507 158 30 pieces en un packue, le quelle doiht estre un demij cotton blancg de 25 a 26m

3503 3345 2407 113 1n a goads, il faut prandre garde que les couleurs sont viss et les grieses sur

3501 3437 2447 156 lebteli vous m'aves envoijer l'annee passéé un grie de faire fer of so dull a

3495 3534 2491 114 colleur quil nest pas vendable, cest pour quoy ie vous prie encore, de m'envaye

3502 3632 2385 153 que de coulleur grifs, et par le premiere convoij pour ostend, mais si vous

3495 3761 2439 124 qne soyes pas contant avec le change au cours de nottes de banque, vout

5380 3824 218 71 trouves

3499 3825 2328 143 ie ne prandre pas de frieckes a chose que ie ne pourres pas mon compte

3471 3916 2482 162 say advies d Amst que les galles se vendent la celles d'alleme de ƒ40

3495 3983 2377 161 N45 celles de smirne de ƒ24 a 32: avec apperance de baisler encor

3494 4126 2141 123 schose quis y a deux vaisseau arrivez, qui ont porte une partie

3511 4190 2461 194 il vous faut resoudre de vous prandre a prise court il ny a vren affaire

3500 4273 2352 172 les ordres limite sont trop difficil a present en cette commission

3510 4379 2347 145 on me dit quil j'aura un vaisseau pour Amsterdam este semaine
