8187 4658
1681 894 1172 157 N 1: 2:3:4:5. arcestaenced een

1697 1013 1163 117 of ten for peisles butt the right peirle

1683 1104 1164 119 is N 7 & such or non gett them made

1682 1205 1123 137 of all prises from s to 12 a 15

1689 1269 1126 167 though 10 a 12 p. & if anney reddy

1669 1357 1198 165 to N7 send some from 7 to 10 st

1668 1450 1194 178 & a suprafijne or 2 of 15: a 16ƒt

1675 1542 967 149 butt that coullour on non

1689 1621 1160 160 N 4:5:6 in a law prise carstalrus

1669 1741 1144 143 N7 is the right coulls a dolin or 5

948 1839 72 105 8

1687 1835 926 164 a 16 pr. for sping nile do

1671 1944 1151 209 we th rujt dape tat gord

1664 2066 1180 202 good, some what lighter & redder

2794 2143 79 91 N

1689 2205 260 147 mij pas
