8015 4642
1142 160 2210 129 bidde andermael mackt daer een eijnde van en commandeert wat ul

1134 199 1697 137 gelieft op niefs. blijvende ul antwort verwachtende.

2512 278 799 171 Adij 22 sber A: 1695

861 290 975 150 brussel guilliam Walravens

1102 337 2236 185 volgens den ul van 20 deser heb ick heden op ul getrocken ƒ 300:

1123 449 2204 158 wisselgelde, te betaelen aen Mons Anthonij Rousseau welck

1116 549 2162 112 gelieft te geven, & sal daer voor ƒ 325 courant gelt crediteren

1132 606 2216 115 ick hope, dat ul nu wat beter gemoet is & int cort u meeste goet

1135 705 2207 141 sult vercocht hebben om op neuwe te mert te comen ben present

1128 802 2125 130 van alles overvloedelijck voorsien die naer groetenisse blijve.

2685 870 321 105 22, ditto

834 842 515 148 londen kent

1107 884 2212 179 seder mijnen van 15 deser geen van u geen post comen sijnde soo

1113 1051 2230 114 referere ick de selve de voorgaende en versoecke bij desen noch te coopen

1112 1130 2239 124 30 witte flanellen van 16 tot 18 penningen om een paek naer

1103 1209 2216 98 ostende ver dilure witte cortton, en laet mij hebben ten winsten

1101 1257 2245 166 12 swansseine baeijen vant groen streppen den lest ofte de broede

1096 1374 2187 119 de beste sijn de beste geen slechter als groen strepken ons convoij

1100 1449 2199 106 is gereet te vertrecken dat onder de frisetten 2 a 3 stucken sijn

1095 1558 2196 141 tot No. 14 aen de staelen dan gesonden voor de geverfde flanellen

831 1592 985 164 Amsterdam geraert Rover

2693 1643 373 126 p 22 ditto

1101 1661 2238 165 sedert mijnen van 19 deser geen van ul soo hebbe wij nich te seggen

1103 1765 2196 161 beste minder om dat ons brieven van engelandt noch terderen,

1110 1866 2225 130 versoeckende der alven allenelijck expeditie aen den ingeslotene, de wissel

1079 1957 2267 126 op londen is hier heden seer different geweest en wiert int eerst tot 28

1079 1987 2259 153 daer naer tot 28: 3 gedaen verlange naer de brieven van angelant

1083 2126 2247 129 als mede te vernemen oft ul op mijne voorige geraeden sal gevond

1097 2172 2221 156 hebben is te geven, bidde mij tijdelijck te adverteren vant convoij

1086 2241 1156 157 naer hull naer groetenisse blijve

804 2323 776 149 brussel henrij de smet

2689 2342 281 125 22 ditto

1069 2384 2204 160 niet tegenstaende dat ick van ul op mijnen laesten geen antwort

1078 2486 2224 133 heb becomen, soo hope ick echter den selven den selven ul wel sal sijn

1066 2576 2233 110 geworden hij was dato 25 Augusti, en sedert is de saecke godt lof gebetaer

1070 2687 2250 126 & hebbe ick van andere verstaen dat ul noch wel is & uwe goederen gesalve

1064 2766 2246 108 hebt 2 bij provisie uwen inganck bij den bode van den wijngaert hebt

1048 2843 2165 117 genomen, ick wensche dat den goeden godt al soo veele benedictie

1030 2887 2269 162 geliefde te geven, dat daer door het verlooren dobbel herwonnen magh

1049 3008 2269 130 worden, andere vrinden hebben mij al connen besoecken, & seggen een pack

1048 3056 2269 137 dat grove goederen meest manckeren, ick ben seer wel voorsien, ick bidde

1067 3162 2230 132 u en draght ul gelt niet op een ander, en ick sal doen al wat mogelijck

1047 3250 2264 127 is om ul bij te staen, daerom al wat gij bij een ander sout besteden

1065 3342 2256 138 laet mij van dat gelt profiteeren waerom oock merckelijck goeden coop

1064 3392 1743 154 sal geven waer op moght verlaeten terwijlen blijve

794 3454 904 146 brussel Anthonij Rousseau

2650 3471 313 135 22 ditto

1013 3501 2299 164 mons depuis ma derniere de 19 court, rien de vous, la presente seulemend

1028 3634 2289 99 pour couvert a me remise de ƒ300:- argant de change sur guillielns

1034 3680 2187 122 walravens qui payero a la presentation, de main ie vous envoijerez

1028 3767 2276 158 autant suur le p consillion qui mor donne ainei, les lettres de londres

1044 3838 2181 173 nous monquent et un veut avoir que le change haussera plus, non

1046 3918 2248 173 obstante que lon a force deia depuis 10 iours de 26:11 et, a 28:2:3:1

1044 3987 2196 146 et a la fin de la bours on manda 28:6 cepandant ie ne croj pas

1032 4042 1757 188 quin viendra de londres 28 , ie vous salue & suis
