7646 4606
2666 176 430 133 22 meirt

526 198 993 185 leyden hend hermantte

776 256 2405 180 ue brief van 14 deser heb ick ontfangen maer de 2 lakens

767 366 2244 217 syn noch niet comen, ick hope sy wel wesen sullen

791 477 2316 160 ick en twijfele niet ofte gij hebt 6 rouwe lakens van

787 552 2253 170 laureys ka becomen, laet deselve op t spoedighete

785 625 2420 235 afvollen & levert aen geeraerd vromans N22 & 23 N 26 is

783 749 2335 217 een sluyper moet op @ 2 gevolt worden, ende met N27 tot

785 832 2378 196 swert maer N24 & 25 moet blouw wesen volgens de

794 932 2309 228 staelen die ick ue seynden sal gij moet alle spoet doen

794 1016 2415 198 die mogelijck is om dat goet gereet te hebben want de

771 1116 2447 237 naeste weke salder noch 2 a 3 volgen & ick hebbe dat

798 1255 2432 202 goot hier van doen daerom schrijft my soo haest alle

779 1325 2451 227 bynaer gereet is op dat ick ue staelen seynde voor blouw

783 1426 2347 167 & ordre hoe die te verseynden, vermits ick van voornemen

814 1529 1893 177 ben eenige naer bredael te stieren blyve

618 1804 2380 260 vervolgh van den brief van Rover op 21 meirt geps

803 1938 2355 223 a 2 a 2½ te becomen is ½ onder ofte boven can niet geven soude

807 2060 2355 156 het hier wel laeten doen gelyck alreede partje op heem het laeten

814 2142 2339 146 teeckenen, maer alle ons cassuradores syn daer by geintrecseert met

834 2247 2308 131 convoij ten prijse als boven ofte soude aprix cont dogh sy comen

797 2351 2390 139 met convoij & ben daer by noch alveel geintresseert de voorschreven

821 2411 2152 137 conditien ofte het vertreck moet aenden assurador bekent syn

2689 2501 447 213 21 meirt

565 2528 709 243 Rott de Bra

824 2625 2401 199 hem geschreven de kersyen a ƒ26:5 a ƒ 26:10 daer vercoght

826 2764 2382 127 werden & dan son inclineren costy eenige te laeten nneoope

814 2825 2316 172 & wegens will calthulst t'adviseren da persoon die in

840 2897 2381 175 will Colthulst 18 packen heeft om dat te buynkercken doende

830 3018 2398 178 ben om eenige goet te laeten in coopen & dan de pas port

839 3122 1119 196 beter soude te becomen sjn

2885 3221 290 137 23d

587 3264 1592 283 Mechelen Cornelis van Aken

845 3330 2342 274 ue brieven van 18 & 21 deser ontfangen dogh dien

849 3462 2381 234 van 21 maer gisteren avont, daer is noch geen versch goet geen

860 3594 2303 198 men baeyen kerseyen & noortse lakens worden dese weecke

855 3693 2405 189 verwaght maer het spaens goet is noch niet gearriveers

841 3816 2279 179 hollantse blouwe, swerte & carmosyne syn onderwegen

865 3903 2288 182 sal dese weecke 4 stuck hebben soo ck meyne van

848 3998 2307 198 14 pƒ 5:5 & ƒ5:15 swert de blouwe & carmosyne

850 4107 2385 205 sullen volgen, soo ick overmorgen ie die ontfange gelieft

864 4204 2091 224 te adviseren morgen wat ick ue seynde sal blj

3412 162 681 125 ead betram

5003 167 957 135 23 aen in 169 t 88

3486 205 2478 203 ue aef 19 deser ntf. het canpane coleur laken van 42

3453 380 2528 158 ft: is in 1 pack voorlede wdach schopgedaen en luyt

3496 457 2487 162 ijsel aendkoy u gelost, dander is mochier

3479 588 2499 153 n oock een van de fin a 54t: mits het ander vercog

3483 655 2506 156 us ders oock geen vers goet coen, noch wel

3459 776 2518 147 nietvan ever het comen sall maer het pof

3480 904 2509 139 Mnts goet banen Re sal dese wele aencoenn, ul sent

3463 959 2524 143 hot camp.oleur fijn laken vedtrm en candaer

3482 1075 2492 128 oyt maer suaer 27½ woeten, oock aen veeendert dat

3445 1162 2471 148 aen dat edersent sult geen manier van doen goille

3447 1282 2456 129 dat oock soe met aee, want als iu faut oft

3447 1357 2536 179 selecken rekem dat ul beekent, soo iun ogt ghnoyt

3466 1466 2505 125 leght vol lakens eo  en sal het tue ue over omst

3453 1552 864 191 cost ordre bevaun

5191 1678 374 159 24 meirt

3254 1663 865 183 London R.Southell

3569 1856 2399 233 3 Sence my last of last of 17t & 11 non from you

3626 2051 2349 210 inclosed a patt which cullour is much demeinde

3605 2184 2282 258 & in all pisses of cloth takx itt insteed of N3

3478 2303 2473 258 of my order of 14 cur & lett 2 a 3 more be added of 7 p one of 8 p

3479 2435 2434 232 though one of 9 p if butt of this livelly hood for onles itt can

3473 2533 2469 196 have that blew, I ill have itt not, as also in the northrens one p

3473 2622 2436 195 or 2 of about 4:6 a 5 p will doe mee a kindenees, I hope you

3480 2719 2472 191 are forward in providinge what I ordered, because our binlanders are

3486 2833 2347 206 with you of late arrived & the ostend convoy will soon come to

3489 2952 2499 197 seth them a governo, I shall send you remises next weeck pray mind

3483 3026 2459 165 my intrest & lett mee continuall have advise from you intending

3479 3167 798 186 for more goods I rest

5522 3262 426 165 24 Meirt

3253 3260 579 218 Londen Kent

3503 3287 2469 223 sence my last of 18 cur recd yours of 5d god send the ships fron

3508 3474 2459 142 london well over & some binlanders beeng arrived with you from

3502 3557 2398 154 ostend, desire you to prepare what I ordered for them because our

3494 3659 2422 137 ostendish convoy shall soone come to seth them as to the clothes

3471 3753 2451 167 you send for peirle cullours to my order of 20 Janu N3 finde not

3487 3822 2454 163 one p & butt 2 grayes to N2 of 16 xber of which incloseda patt

3500 3917 2464 217 againe & to which I want from 7 to 10 p 3 a 4 p as ordered

3505 4038 2417 154 before & I could with the northrens bet wixt N5 a 6 were also the

3505 4141 2428 160 like blewish gray to this patt. which is good in all sorts of

3497 4236 2436 144 cloth & prises & will have no more of y peirle cullours or such as

3505 4310 2437 156 you send for that cullours bust be to the patt N3 of 20 Jan
