8166 4658
3531 161 2458 122 morgen oft sondagh eerst, soo sullen wij die goederen int cortover hebbe, doch soo hij niet t

3547 250 2445 125 langer wachten conde en vertrocken was soo brijght terstont een ander schipgereat

3530 333 2442 106 om d'andere goederen citto af te senden, en laet mij weeten wat passeert om volgens

3534 396 2453 156 te reguleeren ter wijlen blijve was N 32 over geschept het het soo en versuyn

3523 464 1548 171 nies ilt par waegen versonden soo ift oock welc.

5416 483 557 184 Adij 14 sber 1696

3460 531 1208 179 aechelen dh. gelis van Cauwenbergh

3516 594 2406 181 volgens den ul van gisteren sout het mij seer aengenaem sijn soo mons. hilma

3537 687 2437 165 de bemden gelieft te hueren, sal hun eenen ruijmen termijn en alles naer hunwel

3547 809 2427 120 bevallen toestaen en om hun te animeeren soo presenteert aen hen de naerwijde

3531 885 2403 124 tot een geringe prijs, al was het self op de genesaele huere voor niet om hen

3535 967 2443 167 daer mede t'animeeren, gelieft alles te doen als eijgenen het sal mij aengenae

3524 1080 2426 119 wesen, en gelieft in de naerweijde niet te vernegligeeren, op dat ick ten minsten

3515 1144 2447 174 dit iaer niets moete bij leggen, en willen sijde £ 23 niet geven soo mach het

3513 1244 2319 162 wat minder sijngelijck ul dat geraede vinde, waerop mij verlaetende blijve

5542 1348 86 102 d

3447 1335 625 185 bruyseaphael Coots

5454 1404 61 64 S

3515 1384 2391 141 gisteren was aen ul mijnen leesten, sedert ontfangen den ul van selve dato

3512 1520 2433 105 waermede ul geene mentie mackt van de resterende goederen, wel isser dan

3523 1571 2433 147 in 2 daegen niets gedepescheert, en al hoewel masson en paselwood aen de gront

3529 1643 2458 147 laeten, sijnder geen lichters te becomen, de witte goederen sijn hier seer noodich

3523 1741 2440 173 daerom disijeert met de resteerende packen opt spoeichste voorts te senden par

3533 1829 2448 132 bargie en soo dese pas post ul morgen tijdelijck ter hant comt soo laet mij weten

3529 1919 2397 130 hol het met de resteerende packen staet, hadde ick een pack flannellen en N. 29

3519 2025 2111 146 soonconde ick neffens een ander wat aenhouden terwijlen blijve.

5425 2065 189 150 17d.

3468 2103 784 153 gent francois herrebout

3525 2181 2445 165 It antwort aenden ul van 15 deser, ick sien Jan toebast te gemoet, hope hij

3517 2276 2470 136 heden oft morgen hier sal wesen. doet ul divoir ompeeter bogaert op te houden

3517 2362 2458 113 soo lanck het mogelijk is, tot dattes ten minsten & N 29 bij is het gene apparent

3521 2456 2485 155 heden oft morgen avent eerst bij ul sal sijn want ben daerom verlegen alsoood

3514 2550 2474 172 de packen No 21 en 22, daer is noch een pack  N1 soo het selve met peeter bogaer

3516 2654 2470 148 niet was versonden ofte conde medecomen met den selven, soo sent dat te wagen

3523 2716 2360 119 doch ick hope dat de voorschreven packen met hem noch in tijdt sullen comen

3521 2835 2452 134 leert eenen ouden tolbrief om met een nieuw opschrieft en datom ick hebbe

3515 2933 2449 148 N 32 wel ontfangen de 3 andere sijn mij van brugge adroituer gesonden dat wij

3524 3010 2414 108 dat te costelijck valt, gelieft te adviseeren hoe het gaet en wat packen ul

4870 3077 169 67 160gaert

3547 3077 2377 162 ontfanckt en versonden heeft blijve hout op soo lanck het mogelijck en N21

3540 3186 2421 140 len boort den selven gelaeden is, soo magh n. 1 te waegen niet versonden worden

3546 3239 1447 173 e naeste ofte eerste bcasie te schepe aftwachten.

5385 3279 377 165 ady 13d

3634 3333 558 172 Mess. Kent

4337 3435 141 98 th

3587 3447 123 104 2

5681 3413 211 134 dell

3549 3478 2339 210 S. Sence my last of 10: curt non from yeu, the forgett to

5100 3601 89 80 as

3535 3620 2421 141 you that y. coffie cullours of to y patt of y. 12 July should bee some

3541 3731 2415 135 what darver then y patt, though mose upoe a y. ead, I not upon

3521 3816 2449 142 yellow, further amonghst y 6 sp. clothes mentioned in y memerondu

3530 3852 2304 137 must bee attleast 15 peeces light cullours to y inclosed natty

3758 3948 278 86 of 3 suit

4991 3962 288 65 & broo

5423 3911 526 172 cndees oƒ 20 ma£

3499 3962 2307 151 ay grayes, 13 a 4 blew grayes, y. cooperrose, draps   mane uit y.

3534 4068 2402 122 M, lett one pacck of wilte cottons, bee sent p. first convoy for rotter dan

3533 4175 2372 114 though butt 6 a 8 demye o., & all packes wrapsed with white cottons att

3541 4241 2350 136 price curr I have rec. this mermingly  pack n° 32 therem finde y. ords

3526 4293 2377 179 clothes extraragant dear, & too darck, so lett then last ordered ble

3536 4390 2305 96 lighter En cullour, & long to know what ship  hull for Amst
