8200 4644
1205 198 2209 87 geen sins incommodeeren aen ul gelt waert laken dat ul mij geliefte

1216 255 2203 114 mij te supotikeeren ende te versckeren het geene ul mij schuldier

1207 341 2194 114 is gelijck ick desen winter ul hebbe geproponeert als wanneer ick en

1201 440 2191 133 geen 2 iaeren van die rente intrest soude vraegen ende op nies

1194 514 2190 116 weder anderen soo soude ul ten minste ontlast sijn van 22

1207 602 2213 155 twee iaeren voor mij niet te sorgen maer dat gelt comen t

1201 682 2120 150 imploiyeeren, ick en can niet dencken waerom ul sulckx niet

1198 778 2098 160 aenneempt, want het is ul profijtelijck en ul schande niet.

1196 894 2179 139 daer en tussen de £50:- die ick vraege en is niet veel op soo

1199 981 2164 163 groote partije en can ul de selve nu niet betaelen doet mij de

1181 1062 2219 130 vrinschap dat briefken op eenige tijdt te accepteeren en considerert

1202 1140 2107 158 eens wel wat ick presenteere en laet mij ul antwort daerover

1200 1249 2102 137 hebbe tisseherlijck dat alle engelsche goederen tegen banis off cort

1195 1342 1236 165 daer naer beter coop te wesen blijve.

2457 1365 796 184 Adij 14 Junij 1696

938 1442 892 157 mechelen de wed. betram

1213 1501 2200 118 sende ul heden par waegens de 2 geverfde flannellen die ul aen men

1202 1603 2210 106 deken wousers ter handt hadde gestelt iets tot ul dienst voorders voorvallende

3107 1678 168 134 19 di

922 1671 1182 162 Brussel de wed. Seger vander borghs

1213 1730 2188 151 volgens den ul van 8 deser heeft mons. segers gisteren hier geweeste

1211 1857 2156 104 ende hebt ick die pack lakens met het beurtschip ul toegesonden sijnde

1206 1918 2155 138 daer in 3 stucken voor ul rekeningh te betaelen £ 21 wisselgelt het

3067 1979 288 138 £63:-

1210 2007 274 148 stuck is

1208 2050 2175 185 ingesloten het factur voor mons. segers het welck versoecke hem

1201 2143 2215 153 par occasie hem gelieft te geven wegens den prijs ick conde het ander

1197 2251 2202 136 niet doen gelijck ick ul dat van te vooren hadde geslijdt dat ick dat

1206 2332 2215 130 een stuck op 30 passato mnder hadde gegeven dat wal om te toonen

1196 2418 2203 157 dat ick genegen ben ul te dienen al was het oock sonder protidt, miet

1208 2481 2207 135 in geene conseqientie wort genomen, iet anders voor vallende comenden

3073 2574 205 115 14 d.

946 2572 676 183 Bredael Lourijs ka

1205 2655 2204 129 ick hebbe ul brief van gisteren wel ontfangen, en alsoo ick niet geliet

1199 2742 2138 110 ben dit iaes eenige wollen te laeten coopen, soo can ul des tijdt

1200 2823 2045 140 geenendienst doen, oversulck wensche ick ul geluck op u rij se

3048 2907 184 123 14 d.

930 2913 729 171 Amst geraerd rover

1208 2946 2204 170 ick hebbe op 11 deser aen ul geremitteert st £300:- tot 30ƒ863

1204 3068 2215 145 ten laste Jan de la fontarne, ick hope de selve ul wel sal sijn geworden

1190 3150 2196 146 sedert geene van ul, en vermiets wij oock geen engelsche brieven

1188 3279 2197 96 en hebben, soo is de wissel derrewaerts hier niet slapper, deralven

1199 3336 2187 137 refere mij aen den voorgaende. ick hebbe op 8 verwacht wordendende

1210 3417 2150 102 moscovis vaders aen een parsoon ƒ 3200:- geteeckent te comen

1181 3497 2157 127 met convoij tot 7 p. gelijck in cAuguttus lest hier de cours wat de

1183 3540 2222 184 geassureerde hebbent het al hoogh geroepen, al oft groote haverije soude

1201 3661 2194 153 vallen, en somige geintimideert tot 11 & 12 ps hun naem te laeten

1184 3758 2172 141 uijt doen. ick hebbe so geboeden, doch willen daer naer niet lujsferen

1190 3849 2189 143 daer tegens ansmeert mij den makelaer, datter 2 cloecke convoijers

1197 3946 2194 105 naer orchangel sijn vertroecken om die schepen af te laeden, enden

1187 4030 2200 140 risico soo groot niet en is als met den winter, der alven bidde mij ul

1189 4090 2234 109 advies hier over te laeten toecomen wat ul mij raeden can hier mn

1175 4156 2166 132 best te doen over 20 jaeren hebben wij kemisse gehouden met

1187 4269 2192 126 sekeren ssack mesijn coopman costij foute van occasie ende doot

1180 4329 2216 129 mijn vaeders is die correspondentie nu geloove ick die man doof is

1202 4420 2197 82 deralven soude noch wel eens wensche te weten wat daer van

3535 205 2420 99 it oft hij noch levende ofte doot is gestorven sijnde wanner, ende in wiens

3518 270 2441 123 anden sijn sterthuiys gevallen doch dit presseert niet dut par occasie naer

3530 340 650 173 gelegenthijdt blijve.

5214 361 707 175 Adij 14 Junj 1696

3432 419 752 145 brussel Anthonij Rousseau

3528 468 2435 149 la vre dhies avec les remises sar Amborgh stiountes m est rendie apres la

3518 599 2396 130 bourse tellement quil foudra attendre luady pour les negoties a chose

3511 674 2446 151 ie feray comme pour moj memne et vous aures advis de suivre du rest

3511 747 1312 158 de contenue estant for bien ie suis

5410 834 305 122 16 ditto

3417 835 599 178 bruge raphael Coots

3440 859 2503 215 duwe van 4: 8: 14 en 15 deser ontfangen ende de medalien daer bij vermelt

3528 990 2429 129 bij de schepen van topsam hebbe geen intrest dan met die van londen seen eenige

3500 1081 2416 110 goederen te gemoet doch die waeren met brieven van 8 deser tot londen noch

3518 1125 2432 143 niet gelaeden soo dat ick naedere moet afwachten wat daer is gepasseert midde

3512 1214 2456 118 tijdt dat convoije arriveerende laet citto weten doch tis niet aengenaem dat ul

3519 1309 2444 119 seght het een slecht convoije te wesen. sal h. lavalette nu van brolle. ick bide

3505 1359 2464 131 mij te laeten weten in wat macht het convoije bestaen om mijn messuresm

3501 1428 2446 143 assurantie vervolgens te nemen het welck sonder soiet afwachtende blijve.

5451 1504 118 176 18

3424 1559 350 184 boutsenl

4074 1595 84 133 1h

3528 1621 2337 227 S. on the 18. cur was to you my last, with remisefer

3514 1750 2434 208 £250: 6 cence red. y of 29 past & 2 tum, the contents

3508 1836 2433 192 whereof I have considered, I& must have patience as it comes, & must

3504 1952 2438 208 on w holley relie on you to act for mee as for yo self, principalley

3503 2060 2428 177 on this fallinge moas het, yett I must have some goods in each con

3504 2133 2424 212 voy, as I have  writt you m. ballenger told mee kerseyes

3500 2250 2411 210 were att 54 in the north by last letters, sp. clothes 18 en a yard

3490 2366 2453 220 ballen, so I hope what you buy shall bee accordingley, & as soon as

4459 2466 207 94 mijn

3498 2513 2452 154 you iugge good, shall in order  winter provision in the north, there

3504 2570 2400 265 fore I depend on yo advise therem, butt from London I must

3496 2671 2416 267 have sp clothes, pack whites, as best you can, by each convoy, till

3509 2809 2417 221 you iudge good to buy the winter provisiony, for w. you must not

3505 2893 2419 236 delay to long, principalley white cottons, flannells, et.. now felbs tead

3519 2998 2369 246 clother, god send the convoy fram hull well to arrive, as also that

3496 3100 2412 256 for ostend from london, P is butt avery flet slight one this

3497 3319 268 129 fi

5338 3330 341 156 18 ditto

3434 3358 779 156 Amsterdam geraerd rover

3512 3402 2396 171 den uwen van 15 deser is mij aengenaem om het advies daer bij vermelt waer

3494 3512 2426 148 vore ul bedancke, volgende brieven van londen is het daer in de connercie

3518 3641 2388 84 slech gestelt en wort voor confusie gevreest, soo daer geen redres in de

3502 3693 2432 144 betaelinge en wort gestelt, ondertusschen keeren hier al eenige brieven in

3500 3840 2432 81 protest niet tegenstaende ick spicueleere dat de wissel niet sal vallen omdat men

3496 3915 2472 105 begint te trecken in guinees ofte nieuw silvere gelt te betaelen a 32 8 8 en datter

3501 3979 2457 134 eerder gelt sal gevanden worden om wisselbrieven te betaelen als mlansche schuden

3489 4063 2475 115 oversulckx laet mijn voorgaende ordre van op londen af te geven niet gecom

3500 4137 2460 135 tromandeers sijn maer volbrenght de selve als het ul sal goetduncken voor

3489 4229 2362 117 mijn intress te convenieren want het mij op 100 off 200 sthlef noot

3487 4305 2386 126 aencompt omdat ick daer altijdt gelt noodich hebbe en ter wijlen de brieven

3491 4393 2367 91 van engelandt eerder costij als hier can ul de meslures naer advenant

3494 4448 2361 84 beter nemen het blijft op 30 st al hoe wel tot die prijs meer brieven
