8096 4638
1186 157 2232 136 geene deventersche baeyen ofte blouw kersijen de leste sijn verco

1191 236 2212 162 spaense mode couleure lakens hebbe ick in groote abondantie van alse

1171 303 2241 171 =andere couleuren, soo gemeijne als seperfijne, doch geen volgen

1195 366 2209 179 ul licht grijs stael bovende ƒ6:- om staelen te senden, dat doen

1196 473 2200 170 ick noodt, maer als ul gelieft over te comen, can ul haestelijck

1194 548 2183 176 gedient sijn, oft gelieft ul staelen te senden, ende prijsen daer bij

1189 664 2215 137 gelijck het ul gelist te hebben dan sal wel het beste doen tot u diens

1210 703 343 124 dis blijve

915 721 965 184 brussel Anthony rousseau

2772 758 646 200 adij 18 Jannu. A°169

1202 814 2194 217 en responce a la chere vostre ie viendray recevoir a vostre de 169

2335 931 210 78 te temp

1194 932 2208 207 avec le remise, si iount il foute ie ne peut pas que de main, i

2918 971 482 106 dus envoye mes re

1183 1038 2162 162 vous escriray plus largement cette servent seulement pour

1185 1093 1634 176 vous adviser la reste de la vostre ie suis.

927 1154 1174 177 Rotterdam Abraham de bra

2743 1183 503 176 Adij 19 ditto

1182 1281 2123 162 den uwen van 17 deser ontfangen en sien morgen voorder

1189 1372 2150 115 te gemoet wat in de wissel op londen sal sijn gepasseert, d heer

1166 1474 2197 148 geraert rover heeft van Amsterdam ul toegesonden het pack

1174 1544 2147 161 N N. 94 en alhoewel ul daer van geen mentie maeckt.

1180 1652 2179 145 soo twijffele oft is voor leden deijnstdagh u geworden, en dat ul

1179 1722 2160 167 het selve herrewaert par eersten beurt alreede sult hebben

1167 1810 2172 163 versonden, der alven oft sulckx noch niet geschiet ware bidde

1167 1868 2130 182 terstont te effectueren, waer mede die ul sal verobligeeren

1175 1947 367 116 die blijve.

2954 2016 261 123 19 ditto

876 1994 794 150 brussel Jan Jonaert

1143 2053 2239 195 verhope ul gesonthijdt en welvaeren en wensche een geluck salie

1163 2185 2176 180 nieuwe iaer en dat godt gelieve doorsijne benedictie het

1150 2256 2109 185 verlooren te laeten erwimen, ick hebbe heden een

1161 2381 2181 149 bewijske op ul gesonden van viertich ponden wisselgelde

1164 2442 2212 194 te betaelen aen monst rousseau, het welck versoecke geliejt

1168 2523 2165 217 te vereeren hope het selve ul niet en sal incomoderen

884 2593 551 183 London Kent

2805 2661 273 171 19 d

1156 2729 2194 215 S. sence my last, of 16 cur, non from you, inclosed, remitte you

1144 2877 2218 119 £300:on fourton en ginger, of 9 xber last 2 uso of which the accept

1178 2982 2132 118 ted an to is in you handes, inclosed also a bill of s £400 att 3

1151 3037 2193 158 dayes sicht on stephen galloway for which procure the needfull

1126 3128 2208 121 butt I remitt must recommended you not to gett this bill off

1139 3230 2174 142 £400: accepted or p. butt when you de fare you shall have

1148 3324 2174 151 good spotia, for beeng att light, may be kept by some time

1140 3389 2199 195 I had itt of 29xber last, therefore or accordingly that you have

1132 3495 2132 171 good & off the new monney, I say sich on which no lo sf

1131 3580 2136 184 to be exspected, butt in ease fearable for non payem, so

1118 3676 2193 192 you may demand at the sooner, where in do as for y. self

1137 3776 2141 176 I have this day drawne on you sA £200:, 2 uso payable

1125 3887 2163 156 e m. fr. Jonatie de Labistraet, which pray honour with

1119 3992 2130 142 acceptance, whilst wee long continually for letters from Londn

1253 4080 856 156 yeasterday ex. att 23

1188 4152 2099 153 this day att 29:6 & so have drawne the bill, if I draw

1144 4260 2141 146 more, shall alow you the need full, there for do io hat

1137 4366 562 83 1 illesfarre

3415 179 663 142 aper Philippe Lurond

4997 204 936 147 Adij 19 Janu A° 1696

3403 273 945 148 Amsserdam geraerd rover

3536 363 2397 126 volgens den uwen van 16 deser sien ick het pack No. 94 over rotterdam

3539 451 2403 129 te gemoet, gelijck ick ul op den selven dato heb geschreven was hier tot 30

3546 524 2391 158 op londen getroecken, sanderdagh tot 29: 6 sedert met het arriveeren

3522 613 2382 163 van de brieven heeft men gisteren tot 288 brieven gepresenteert

3549 691 2382 172 ende heden int begin van de beurs isser tot 29st iets genomen, doc

3528 790 2416 141 int eijnde heb ick 29 t 6 gecregen voor £200:- waerop tot die prijs

3545 879 2401 175 veel gelt uijtquam en niemant meer trecken wilde en twijffele ofte ick

3525 960 2411 173 soude 2 a 3 e meer gecregen hebben dan hielde het dan weder op 30 st

3545 1038 2398 200 ende de beurs langer gedieert weete niet oft het niet daer toe soude geco

5866 1098 48 54 E

3543 1101 2407 193 hebben, nu verlange hoe het costij sal gaen, en hoe mijne remise onde

3535 1197 2400 188 de 29 costij in te trecken vinde niet geraeden naer mij speculatie soo sa

3536 1280 2413 184 het met de naeste engelsche brieven monteeren principaelijck soo sij de

3529 1391 2397 202 onse van 2 & 5 deser beantworden, ende dat acte vant lagerhuys

3512 1495 2422 151 over het munt wesen door het hooger is geapprobeert bidde daer is mij

3445 1553 2448 169 ineaengelegen ofte ul de brieve intreckt ofte niet, deralven doet als voor

3523 1630 2384 166 eijgen soo lief aen te sien als in te trecken tot meerder veranderinge

3527 1754 2363 166 waer op mij verlaete verwactende advoies wat passeert die blijve.

3385 1760 957 194 brussel wed: vanderborght

5460 1866 193 139 19 d.

3507 1899 2433 199 ick wensche ul en familie een geluck salich meuwe iaer en bidde godts

3508 2003 2423 201 dat hij u het verloren dobbel believe te gebenedijnen, ick hebbe prese

3505 2088 2337 193 veel versche goederen gecregen, sal blije sijn, soo ick ul voor het

3523 2179 2368 226 aencomende sesoien can dienst doen, ben van alles avondantelijk

3516 2243 2422 242 voorsien heb heden een bewijs gesonden aen rousseau, comt het ul

3503 2360 2444 225 gelegen en iets voor mij te geven sal mij aengenaem sijn soo

3522 2504 2421 202 niet doet naer u bevallen, en commandeert in alle occasie die blijve

3381 2523 822 169 brussel francois Jacobs

5428 2626 211 164 19 d.

3512 2666 2430 175 naer wensch van een geluck salich nieuwe iaer diene dese dat advies

3493 2747 2449 234 dat ick met het open water veele versche goederen soo van hollan

3498 2843 2447 232 als brugge hebt ontfangen, van alle sortementen soo ul iets te cort

3504 2943 2443 260 compt bidde mij liberlijck te commanderen sal al doen wat mogelijck

3500 3022 2385 232 tot u dienst voorders hebbe heden op ul getroecken een hondert

3503 3130 2426 221 ponden vlaems op een uso te betaelen Aen Anthonij rousseau

3500 3231 2355 234 het gene versoecke gelieft te verheeren het sij met acceptatie ofte

3494 3298 2455 313 contante betalinge naer u beste gelegenthijdt en sal verobligeren die

3367 3334 1130 213 brussel francois vanden heck

5344 3521 198 113 19 de

3487 3517 2427 220 naer wenschim van een geluck salich nieuwe iaer dient desen om

3507 3594 2399 249 ul te laeten weten dat ick heden op ul hebbe getrocken £25:2-:-

3494 3681 2349 271 wisselgelde het welcke versoecke gelieft te voldoen aen monsr

3483 3759 2442 296 Anthonij rousseau waerop mij verlaete want hebbe presentveel

3499 3884 2076 241 gest van doen, iets tot ul dienst commandeert die blijve

3362 3901 931 200 brussel Anthonj rousseau

5374 4056 200 127 19d

3482 4048 2409 214 la mienne d'hier vous accusa embref la reception la vostre du 16

3492 4154 2442 220 cur pour inlargir il faut que ie me referre a la mienne de 14 ditto

3469 4203 2411 287 pour le salde de nostre compte, selons le quelle, il vous vient

3478 4313 2174 198 £143:5:9 en non pas £143:9:3 reson pour moy
