8180 4658
817 135 938 117 brussel guill Waliavens

2473 149 779 138 Adj 11 Januarij 1697

1060 187 2127 164 in antwort aen den ul van 8 deser wense ul voor eerst een

1049 324 2283 105 geluck salich newe iaer met noch veele naervolgende ick hebbe ul

1050 399 2247 138 gecrediteert voor de ƒ500 betaelt aen mons. Rousseau, gelijck ul

1049 461 2289 158 esien can bij de medegaende reeekenige courant bij de welcke ul mij

1051 551 2146 159 noch scheeldich blijft ƒ 182: 140 die ul gelieft te betaelen

1058 634 2199 164 aen mons. Anth. rousseau als wanneer ick ul sal senden

1066 727 2227 144 soo danige quitantie als ul begeert, maer voor refactie ben

1060 808 2190 145 ick niet gesint een dieyt te geven, sijnde seer verwondert over

1049 889 2261 151 ul maniere van schrijven en sulckx betaemt een coopman

1054 1019 2214 113 niet ofte bekent dat gij geen verstant van de negotie en hebt

1050 1082 2237 151 gij hebt van de leste partij 7 lakens behouden, dat gij die

2320 1161 53 63 ild

1039 1188 2304 159 presentelijck tot londen coopen, gij sout die daer ter plaette

1046 1251 2279 185 niet crijgen daer ick die hebbe gegeven ick hebbe present bij mij

1063 1358 2308 123 een groote partije spaense & andere lakens samen ingecocht

1050 1453 2237 179 met de leste die gij hebt gehadt maer die moeten nu 8 p

1051 1554 2251 156 dierder costen als die ick ul hebbe gesonden, en wilt gsj

1059 1657 2208 138 seggen te verliesen op goederen die de wissel maer op 33

1050 1720 2081 197 gereeckent is en daer se nu 38ƒ gaet, ick en can ul niet

1059 1814 2242 172 antworden sonder gram worden, ick soude wel 1 pattacon

1048 1910 2097 152 voor elck laken ten besten gegeven hebben om die

1059 1999 2223 159 wederom te hebben, waert dat te niet hadden open geweest

1061 2146 2205 115 want ick ick hebbe al meer gewonnen aen die gij wederom

1052 2207 2234 181 gesonden hebt, maer als het goet open is geweest witt het

1053 2301 2251 150 niemant beken, voorleden iaer gafich ƒ700: voor £100:-

1068 2382 2034 206 stet tot londen en nu costen de selle t 100: ƒ1180:

1059 2482 2328 136 considereert dat en dan salt gij vin den dat ick schade hebbe gedoen

1071 2545 2200 153 ende de lakens van 17 gber & 18 sber wel 20 p. e8 onder de

1059 2656 2160 158 meert hebbe gegeven, al hoe wel ick wijnich danck hebbe gij

1065 2747 2331 144 behoorde te winnen op deer ƒ5000 ten mmsten 300 pasta com

1060 2827 2326 167 en dan sult gij noch beter coop geven als een ander en niemaij

1055 2926 2168 146 in de werckt sal voor ul doen dat ick hebbe gedaen en

1069 3024 2184 121 wilt gij dat niet considereeren en dunckt het ul niet

1040 3118 2258 153 dat het ul voordeel is met mij te handelen soo handelt

1055 3198 2286 171 met een ander, want ick het anders niet doen can nochte

1071 3311 2190 128 ben ick oock sulcx niet gesient voor een ander te doen

1060 3408 2283 152 schade schijdt vrintschap en men negotieert om profijst dat ick

1071 3503 2224 149 voor dese partije niets reeekene dies komt het corten niet te pas

1103 3577 1623 93 in dan Jan bbrussel betaelen de wissel a 37:8:

812 3545 887 187 brussel Antoni rousseau

2932 3602 153 91 11

1056 3617 2321 159 le 9 courant estoit a vre grace maderniere postant les 2 lettres

1052 3715 2255 149 par vous accepte paye avec quitances, depuis reccu la vre du

1055 3806 2302 142 mes me date avec les trois remises y mentione pour lelquelles

1056 3869 2261 176 ie procurer les necessaires, le S. schap ayant accepte delles de

1050 3974 2323 139 12 a 88½ l'un e l'aittre let sera passe en compte noveu

1063 4105 2293 109 mand ils seront receu vous asent debité pour ƒ500:- courant

1065 4179 2290 124 receu de S. Walravens 2 la ctarge du quelle si iount N182:-

1058 4244 2333 153 et puisque que vous ave les etreur y meatione. ie vous cnvoy

1067 4313 2274 125 11 jount ungnotice, qu la remise sur ma Elvalost porte en comp

1059 4379 1919 104 comme aussi les c lettres paye et a vous renvoyes

3579 75 2442 170 te   e

3549 183 2388 144 courant & vous debité pour £35:2:9, ou le ƒ500 de Sr. Walrarvens

3554 314 2351 128 doit suivre vous priant de noter touts, en conformite et madviser

3548 420 2485 115 vre approbation, ie ne pouve pas faire autrement, a chose que vous

3550 458 2363 152 ares inseres sur le date de 31 xber ies remises courantes ie suis

5188 553 808 168 Adij 16 Januarij 1697

3440 560 894 176 brugge raphael Coots

3544 645 2429 192 ick hebbe ul brieven van 4: 6 & 11 deser op sijnen tijde ontfongen bij

3548 783 2473 141 den lesten hadde de bargie al 2 daegen gevaeren doch om de swachhijdt

3547 871 2476 129 vande scheepen hadde ul voor eerst niet derven senden, nu geloove ick

3543 973 2404 134 dat de bargie sedert niet meer heeft gevaeren & vreese dat wij een longe

3550 1042 2429 190 winter hebben sullen, mijn eenige achter dencken is ofte de fransendaer

3545 1166 2435 161 door occasie machten van een bomberderinge ofte andere interprisen

3542 1279 2414 137 tot ons nadeel dat mijne goederen dan doch wel mogen bewaert sijn,

3555 1352 2471 148 het gene al is dat ick hebt te recommanderen en im cas van eenievreese

3565 1439 2455 126 sent dan alles wat mogelijck is gelijck best doenelijck, anders soo sal ick het

3527 1548 2483 133 op en waeter afwachten. een engels man hadde ul geseght dat het schip

3543 1635 2470 124 de sueces schipper Jan hough van dublin tot ostende was ick wense dat

3535 1696 2383 136 het waer was can ick daerover geen declaratie informatie crijgen al

3546 1798 2274 134 sulckx sekerlijck wetende gelieft te adviseeren ter wijlen blijve.

3548 1879 2390 155 bij occasie van open waeter oft andersins te versenden de packen voor

3539 1971 1105 164 eerst A N° 34 „ 41 „ 52 & 53

5471 2006 239 180 17 d.

3430 2054 717 140 Amst geraert rover

3540 2155 2487 141 fotte van occasie den ul van 3 deser niet eerder beantwort, middele tijdt

3514 2232 2494 152 hebbe mijn reeekeninge courant met ul d'accort gesloten, sende de wisselop

3540 2313 2407 138 londen present hier a 36:8  kop costij ½ a 7 schade voor den geven

3542 2361 2472 163 des niet tegenstaende soo naedert den tijdt dat mijn incoop voor de senten

3531 2455 2489 151 in engelant moet geschieden waer toe ten minsten £ 2000: ost tet noodigh

3503 2565 2477 160 hebbe, ende meer waert lakende wisselsoo hoogh niet was, dus gelieft te

3522 2659 2509 127 adviseeren hoe het costij gaet, & wat de franse & andere pistolen & duaten

3533 2730 2444 129 weert sijn, als mede de guineel, omdat ick een goede partije bij mij hebbe

3544 2813 2411 139 en op d'een manier ofte d'ander gelt naer engelant remitteere moete

3535 2899 2420 149 tot mijn leet wesen hebbe ick ul gesien onder de crediteuren van

3532 3015 2479 136 Jan verschuylen voor eene goede somme, al hoe wel ick bij den selve

3538 3099 2381 148 geen sict ben geintresseert tis mij leet dat ick van die correspondentie

3542 3181 2396 118 geen kennisse gehadt hebbe want geloove dat ul op mijn advies dat

3531 3251 2486 121 haest soude gestaekt hebben, dat il hu te laet godt wel het in een ander

3528 3317 2473 164 voorsien en ul daer in gedulden, want vreese daer niet veel comen sal

3523 3430 2455 126 ick was al over langen tijdt gewaerschout hem te meijden. het convoij

3517 3501 2497 136 dat voor den voorst naer hull wat vertrocken, is dat met de coopvaer

3501 3593 2520 164 dije scheepen gearriveert: of us het noch tot hell ul antwort sien tegemoc

3434 3649 912 150 brusssel Antoni tousseau

5698 3693 211 95 17d

3529 3694 2443 213 le 1s courant estoit a vre grace maderniere depuis receu la vre du 12

3522 3812 2434 157 ditto pour le solde de compte compte noveu de cette annee, ie vous

3473 3926 2438 117 ay debité pour £35: 2:9 selon la notice a vous envoye £11:

3529 4015 2466 139 iaij bien besoing de largenta londres mais le cours courant mett due

3528 4086 2436 162 pas estant a 36: 8 89t si iount vous aves 2 assingnation conme au piece de

3525 4197 2419 85 cette l'iun acherge de S. govaert ververs. l'aiutre sier hendrick de smet le

3538 4227 2479 132 qmelle ce doibte quil payera ie suis sus henrij de smet £40:-:- de change

3518 4335 2501 98 sur govaers ververs £114:2:8p s vre que la lettre de  133¼ a 88 sur

3521 4386 2492 125 dittos boemans mest pas bien indorse, ie voye le renvoij poir avoir l'indorsegent:
