8180 4617
979 160 2391 201 £30:- ont Crisco vant schip de hope ap cherman Cieter fr van Juri narte

1204 278 2181 130 tot claymuyden gearriv den nico van legmuyden tot Amsterdam

1196 350 2195 132 de premis a a 7 p , en vernat dese voy nartye reassuran vies

1197 419 2186 204 hijn soo moete de pouce hel bondege laeten onstellen ende

1201 505 2145 187 evoegen dat in cas van verlies, en schaede den gereassureerden

1191 600 2199 202 niet sal gehouden sijn een ege pampieren ofte bewep venock cere

1193 688 2177 182 voonen dan desen, wecie alleen en den a ssuraden naer het

1216 794 1760 188 a bandonnem. datelijck contant sal betaelen

2750 891 596 169 26 april 1696

930 898 939 195 brussel Anthonij rousseau

1180 998 2135 189 Mons. Jay la chere vre de 21: courant par la quelle ie vois que

1194 1129 2144 142 mons: walravens vous a paije £50:-:- cyionet ie vous

1200 1204 2155 183 remet encore la memme some sur le memne walravens

1178 1281 2119 175 selon son ordre, il vous plaira de procurer le payement

1185 1385 2079 139 et m'en crediter en suitte, vre traitte de 21 court ne mest

1160 1462 2141 154 pas encore presente, i'aij prie la resolution de faire u ne

1198 1555 2088 150 voyage de 4 sept maines et partiray mardij prochan, si

1209 1626 2146 135 ie vous puis rendre service ie vous prie de me commander

1193 1705 2176 137 auparavant, a cause qu'en mon absence on a fairarien ie suis

942 1771 874 177 brussel guilt walravens

2882 1795 282 122 26 d

1155 1849 2217 195 ick hebbe op 23 deser aen ul largo geschreven ende ick hope dat

1182 2002 2166 142 gij daer over volcomentlijck sult voldaen sijn gelijck ick oock

1177 2049 2167 171 wachte te verstaen sedert ul brief van 24 d ontfangen

1195 2175 2188 117 waermede gij mij ordoneert wederom ƒ 300 wisselgelt te trecken

1195 2250 2173 127 het welck dan heden volgens ul ordre hebbe gedaen te betaelen

1196 2327 2120 183 aen mons: Anthonij rousseau soo goede betaelinge sullen

1197 2408 2202 196 mij altijdt doen doen het gene gij begeert en mij verobligeeren

1198 2555 2172 114 al soo goeden coop te dienen als immers mogelijck is blijve

927 2610 793 163 Cortijck de wed. Caussee

2900 2642 310 116 27 ditto

1204 2671 2157 142 ul brief van 26 deser hebbe ick gisteren ontfangen ende den selven

1199 2770 2118 154 aen mons. van heurck overgelevert die ul daer op heden heeft

1181 2864 2123 179 geantwoort ende de tijcken toegesonden, waervoore met hem

1174 2960 2198 178 gelieft rekeninge te houden, ter wijlen ick ul brief van ƒ400:-

1194 3097 2146 140 ten laste albert maijou in rijssel heden hebt vergotieert tot 10¾

1183 3142 2139 170 verlies, sal mons. van heurck daer uijt betaelen de tijcken 20

1177 3274 2130 137 passato ul toegesonden, met dandere sal hij met ul rekeningh

1203 3346 2179 116 houden, als boven, iets anders voorvallende gelieft te comnanderen

927 3378 903 160 mechelen dh. Couwenbergh

2944 3442 322 105 27 ditto

1186 3438 2198 217 sedert dat ick het geluck hebbe gehadt bij ul te welen op 16 deser hebbe

1173 3556 2217 174 in een gedurige constestatie geweest met mijn selven over mijne

1173 3671 2226 137 onversichtige conduitten ten regarde van mijne bemden tot heppn

1168 3738 2140 158 gem, dat ick soo licht verdelijck soude afstandt doen vant gene noodt

1176 3846 2166 144 gedacht hebbe te willen vercoopen hebbe van dagh tot dagh gewacht

1178 3947 2209 129 mijn voorgenomen rijse te beginnen en daeromme hebbe ul geet

1174 4025 2224 130 pampieren oft voordere instructie over conditie van vercoop toegesonden

1194 4105 2185 129 sal aenstaende dijnstdagh met godts gratie vertrecken, ende naer

1172 4177 2163 127 alle apparentie wel 4 wesen uijt blijven ende mijnder retour

1184 4251 1807 168 ul largo schrijven ter wijlen naer groetenisse blijve.

5026 171 957 140 Adij 28 april Ao° 1696 1t

3393 168 647 171 stende bruno Mons

3529 226 2428 103 in antwort aen den uwen van 25 deser voor d'oncosten op de 2 packen

3538 340 2401 118 tijcken bedragende ƒ 55:11 wisselgelt hebbe ick dheer Coots gecreditteert der

3531 390 2323 157 salven gelieft hem daer vooren te debiteeren, ende alsoo andere vrinden

3532 530 2454 143 schrijven dat het convoije schip de coninge gearriveert wat, claer soude maecken

3518 587 2300 179 om ten eersten naer londen te vertrecken soo gelieft geen tijdt te

3531 725 2370 118 versuijmen int aflaeden van de 2 voorschrijve packen op dat ick den

3520 790 2344 181 eygennaer tijdelijck de cognossementen can toesenden: ul gelieve de

3515 900 2448 146 vraght opt nauste te bedingen om dat sulck van mijnen principaelen

3513 1017 2445 151 mij wel expresselijck is bevoelen, want anders de schippers op preten

3507 1071 2339 171 van vraght ordrnair sijn somtijdt al wat onredelijck, daerom ben

3519 1178 2445 133 gewoon die packen hier adroituer te laeden en de vraght te bedingen, doch

3529 1283 2428 129 alsoo dhr Coots mij voorstels dat hij die tijck packen beter costij conden

3538 1388 2422 99 aflaeden ende in de vraght op londen soude profiteeren en voor 12,10 en

3515 1443 2372 126 ondertusschen voor 8st stf het stuck bedinge soo hope ul het soo

3532 1548 2438 132 sult comen effectueeren, aslaeden in de beste scheepen doende als vooreyg

3523 1641 2419 166 adviseert Dh Coots al ofte de scheepen naer londen op 26 deser wel soude

3519 1747 2283 132 sijn vertrocken, wat gepasseert is verwachte te verstaen en blijve.

3431 1754 642 163 brugge raphael Coots

5447 1832 306 131 28 ditto

3430 1861 2525 162 in antwort aen duwe van 18 en 27 deser hebbe een brief van s. brung

3515 1998 2455 165 mons van 25 ditto, waerbij hij de packen tijcken noch niet heeft afgele

3515 2049 2454 198 reden, ende geen mentie mackt van t convoije op londen, en al hoewel

3525 2138 2435 224 heden van hem geen brief en hebbe, soo hope niet dat hij intaflaeden

3509 2233 2427 194 sal versuijmt hebben, ingesloten mijn antwort, die naer lecture gelieft

3524 2343 2405 157 te sluyten, en toete senden mij belastende in reekeninge voor de ƒ55:11

3516 2459 2424 183 wisselgelde voor oncosten op de voorschreven 2 packen, den voorschre

3493 2500 2464 202 ven mons creditteerende sal het convoije maer van 1 schip bestaen, men

3513 2626 2423 184 wil hier onder 4 p. niet assureren, verwachte aen den voet deser vermelt

3509 2731 2433 155 ende apparent noch meer als doch de engelsche brieven manquerenons

3517 2798 2305 187 ten arrivemente soo laet de pack N. 13:14 op het alderspoedichste

3514 2871 2423 195 errewaerts comen, dandere te schepe adroituer thomas alhin heeft een

3505 2970 2400 191 sijn casken met 5 silvere medaelie en Jan haselwood een hoet voor

3510 3119 2432 158 mijn gebruijck voor deen en d'andere dragh particuliere sorge want ick hebbe

3498 3200 2422 195 voorgenomen voor 4 weeken uijt de stadt te gaen, doch hadde geerneal

3504 3319 2433 191 voorens ul Antwort om te weeten van hoe veel desensive schepen het

3501 3384 2014 203 convoije sal bestaen om dat de francen te sterck cruijsen

3555 3506 2261 164 Pschipper Thomas alkin  10 met 28 geverfde flanellen 1 wit cotton

3557 3637 2012 95 Jan Haselwood  „ 11 met ½ roode laken 1 cotton

3553 3672 621 132 P Joos de pauw

4310 3681 1470 160 12 met 5 witte pack laken 1 wet coston

3557 3798 2355 133 P paulus tetaert „ 13 met 12 gemengelde spaense lakens 1 cotton

3540 3868 2397 131 P francois de grieck „ 14 met 9 gemengelde spaense laken ende 1 wit

4483 3964 1466 131 packen en een wet cotton tot fer dilvere

3527 3958 622 155 Jan Haselwood

4271 4038 1684 142 & eenen swerten beverhoet in een casse en 1 as

4350 4080 508 84 mets. 12 brillen

3533 4079 684 149 Thomas askin

4358 4107 1390 174 silvere medalien iede in een casse
