7629 4603
2277 154 659 140 a7 meert 1695 Antw

545 200 615 137 Amst Geenard Rover

741 203 2408 240 alsoo feden den ul van 3 deser, het doyens weder, voor goet gaets, soo hope see dese weeke open tenter

756 342 2387 217 sal woorden, ende dat ul mijne ordren sal connen naet comin, ter wijlen ingesloten ul remitteere

746 373 2499 271 £30  ten laste lverae Burgert, & seyst, 't welck icq lanck hebbe bewaert, op sope van

768 537 2416 221 eenige advance, ende alsoo sulckx, met lucken wilt, ben genootsaeckt ul 't selve toe te seynden

754 628 2404 192 met nogh £140- In britf van 22 Jan  usp, door nicolas rorts, ten laste prederich ant

761 703 2342 202 Muller tot Brustel, die accepteert, ten puyse van Arint van Deurs In Amtt, overmelcke

751 835 2428 209 partije, alsoo ick de uyterste satssen. niet hebbe, wersiste wel mij de rintscher dedet, goee

762 909 2404 216 des. areus van dean n dese weeke een te sprecken, ende seggen een brief van de voors

764 1006 2397 243 versoonen addies bij gem te sebben, ul age gelaetende, aloft die in een dagh 2 a 3 quan

765 1100 2437 232 te ervallet, om van sem te vernemen, ofte die betaelinge volgen pal, & sijn opinne over dit

756 1210 2448 193 warcq, mits, dusdange brieen, meer maek voorvallen, Icq hebbe nogh N500- die te deser

756 1363 2347 173 vervallen, ende soo de wissel, soo blijft, moet ick mede, ul, die toeseynden, sijnde van

760 1389 2442 194 voor nemen 't selve op londen te laeten afgeemen, niet ul del oreden taet, als voor desen

754 1504 2442 208 ter  gelieft bij groven £100 a £150 op londen, voor mijne aeccp te geeenen, soo a 311

774 1611 2432 186 te becomen, ½ onder oft bous can niet maecken volgens ul advis In antwoor deser

767 1684 2420 228 sal mij voor de rest regoleeert, & soo wanneer scg naest cominde donderdagh ul den

778 1820 2398 173 voors brief van £500- niet en seynt sonde, soo sal sulckx loden sonden fantue

770 1895 2441 248 geschreden, mits niet langer recken mage, der salen bidde daer op te doen leeren

777 2011 2450 228 d Ingeslotene voort ganck geeen, & wat passeert adviseert 't welck te gemedt

770 2180 503 142 sijnde blijve

2752 2194 263 150 9d

528 2208 1145 273 Londen Wall & Will Kent

802 2326 2326 265 sence my last of 3 curt recd yours of 15 past an other

791 2446 2451 171 convoy arrived again att ostend with soediers & no neercheyd

806 2580 2302 142 men god send them all well as also from hull, butt

801 2608 2394 236 feare wee shall have no goods from either part thefore

794 2768 2380 160 caster, if this commetimez lett mee have the E E yeallow

802 2850 2418 141 marcks att prise cur, that is in case I can have them by the

775 2916 2430 195 first convoy for ostend, by which I exspect all I ordered

811 3003 2329 185 onles. a pack of sNan clother for Rott if they depart

804 3124 2373 161 sooner, as for the clothes I complain of before I see them

793 3219 2426 197 are of the cullours I say peirle cullours all you send beenge

804 3344 2396 131 upoon the red & must nnon the blew & oules they be so are

784 3424 2446 181 mot vendable here, & therefore will have no otherwise the

799 3504 2341 181 white grayes wrist of my. my last must beto the

808 3614 2425 150 inclosed patt, praij add 3 mochs in dustsh stoplysten black

804 3704 2395 168 with the lists sodhen one of abant 5p oux of 5 p6&

806 3811 2397 184 & one of about 6 p lett them bee packt by some of the

821 3890 2375 184 span cls thes or by some of the rede of which I have

809 3992 2319 198 no mention by yours, yett I thiucke you have not

827 4080 2330 213 forgett, my order for red cloth if so itt must be 2 a 3

834 4174 2261 221 of £10: 2 of £11:7 a £11:10 en as you will seer in

826 4246 2392 228 my formars n straction which pray examen inclose

3449 159 2482 165 £205 un Jne pillerdon procure the needshule

3480 239 1271 169 & advise what passes I rest

5334 266 423 201 1 meirt

3243 322 588 217 rugge de crith

3461 384 2521 234 feden dat ick gest aen u heb ges hab ick occasie gevonden

3469 524 2466 196 pn te treakn ƒ 476„3½ cans gelt te betalen 2 a 3 d

3463 618 2533 210 sicht aen d'erdre va Jaquie prien die wllversoch

3473 740 2294 187 i9 elest te vercen en ste we hebt teversien

3459 827 2522 171 off corten sal ue allyt tot content er gaedn. hepe de

3470 940 2517 180 n mij sal conmadeen venige vande laken die

3464 1016 2513 217 9 tot stulen heb gesonden sal al doe wat mogelijk is e

3472 1133 2530 176 mijns ueoock volck e onderhouden en daer door goede

3473 1247 1209 170 e le geve elye

5471 1332 310 180 10 d

3274 1328 1170 323 Roiff Abrahamde Bras

3483 1479 2441 229 by den ue van 6 deser geirne verstaen het arrivement van te onvoy

3471 1549 2493 250 & schepen van hul & dat sij om de beste berginge tegens het ys te

3486 1658 2515 229 vlaerdinge waeren ingeloopen, godt wiltse bewaeren, & verhope niet

3475 1754 2424 227 waer te wesen tgene inde deynsdaghse sontst gaset staet alofe 6

3484 1882 2466 172 vande selve op de benegnen vast laeten, voor my is noch gelaeden

3489 1931 2499 213 volgens de 2 medegaende cognossementen aen boort william Colhult

3487 2061 2427 219 2 packen TC N2 inhoudende & teverclaeren 10 noortse lakns die te

3468 2141 2487 169 verclaeren voor 32½ gemengelgelde de zyn lakens ieder van a 18 &

3485 2264 2482 170 2 witte baeyen tsamen weirt ƒ 1150:- N4. inhoudende 32 ½ witte

3490 2363 2389 184 baeyen van a 65, weirt ƒ 700:- den inhout van N73 aen soort

3483 2455 2477 214 thomas seaman is ue bekent bestaende van 7 noortse lakns om vervol

3481 2538 2450 246 =gens de betalinge vande vraght te reguleren, behalven mijnen eyge

3470 2641 2510 184 risico op de voors schepen hebbe noch geteekent op die van raphael

3482 2761 2514 146 sontheren, will sunt & Josua wilkinson, deshalven bidde my norge

3492 2840 2480 192 te adviseren ofte deselve alle salvo syn, twelck ue particulierlyn

3486 2962 1840 166 recommandere & expeditie aender ingesloten bly

5388 3008 297 148 10d

3274 3063 1153 172 London Wall: & will kent

3498 3137 2441 206 sence my last 7 curt rec yours of 19 past with bills of loa

3508 3229 2468 186 =dinge of N2 & 4 aboard will Colthusst From hull for Rott

3485 3321 2403 174 which convoy & 80 saile are arrived in the mase butt they

3491 3428 2460 166 write that 6 of them should be stranded, I hope non off the

3480 3527 2463 169 vessels with woollen manofact vrijes, I take notice, that you

3490 3636 2423 194 had no convoy yet for ostend, which I hope you have by

3503 3734 2391 176 this time, you say to have an other pack of spand clothes

3486 3860 2422 142 readdf for said convoy & you make not one word mention

3503 3910 2464 227 off the reds, pack white flannels & principally the nor=

3519 3984 2414 182 threns so longe sence ordered, which is not well, yett I

3489 4075 2473 177 suppose all shall come to gether & exspect your advice there of

3493 4174 1915 187 to take my measures accordingley whilst I rest
