8193 4699
2781 175 632 139 adij 11 xber 1696

842 183 1011 167 valeneunnes louis die bloid

1113 238 2312 161 en responce a la vre du 6 courant le rest de vos marchandises sont

1093 331 2216 137 achemine dandij dernier dans une ballotte IDB N2 addrese a

1110 441 2186 120 an de lacrois a dermonde pour renvoijer a mons. mattijs winant

1097 510 2312 176 a Ath pour suivre vre ordre in contient uistement les 4 parties

1106 606 2278 143 mentione dans les quatres incluses factures lesquelles iay paije

1116 713 2219 148 en suitte a les quitances sur iacque facture ainsi que nostre

1105 843 2160 139 partie est adviste par emsemble ie soiet que le bon dieu

1115 965 2208 105 fait bien arrive chez vous et que vous trouvant tout avre

1113 1015 2272 115 contentement puisse gaginer aimains la motie, les fraises portent

1111 1096 2142 179 un peux plus que iey vous a paije debite, ce qu'il vous plaira

1109 1181 1585 158 consideres a la premiese occasion ie suus

3090 1272 209 132 11 d.

838 1257 1177 177 Mechelen Cornelis van Aken

1117 1308 2253 183 ick hebbe op 9 deses van den bode eaciou ƒ600:- ontfangen

1132 1435 1006 73 naer luyt de nestantie hem gegeven

1122 1485 2247 102 en ul brief van 5 ditto en is mij maer gisteren beandicht

1100 1536 2108 144 waer bij gesien ul chachten over d'engelsc rattienen ofte

1103 1658 2185 116 drogetten soo ul die noemt, ick hebbe over de 50 stucken

1095 1703 2263 158 van die sorten sedert vercocht en niemant die naer mentie

1125 1803 2263 136 af mackt nochtans sijn die meest in dese stadt verteert even

1126 1877 2053 146 wel ick en begeere niet dat ul rot goet soude betaelen

1132 1963 2176 185 veel mnder om mijnent wel afgesneert te worden want

1106 2080 2220 108 ick hebbe het voor goet geefgoet ontfangen doch ick dencke

1128 2165 2194 161 dat het soo graet niet en is als ul wel roept ick hebbe hier

1115 2259 2272 135 noch eenige stucken oversehoet en die heden gaen examineeren

1122 2370 2259 123 vroide de selve alles gesont & sterck engelijck sulcken goet

1134 2416 2136 188 sijn moet onse convoijen sijn godt lof gearriveert soo

1129 2511 2179 189 van Londen als vanden noorden daer is goets genoch

1143 2643 2161 114 medegecomen baeijen kersijen p. alle de goederen sijn

1125 2715 2285 162 tot brugge kersijen lakens & alderandere goederen gearrivert

3055 2804 220 143 11d

877 2773 1089 159 brussel Anthoni rousseau

1126 2864 2250 170 depais maderniere de 8 courant rien de vous auiordhuy on

1139 3025 2297 131 me presenta les 2 lettres a vre charge un de £217:11:

1151 3118 2216 112 et £94:18:5 les quelles iay paye et vous aves si iount

1150 3199 2241 152 les quitances, les deux remises de la menne valeur et pour

1153 3303 2265 112 les paijer ne lont pas indorser a moy ce pour quoy il les revoy

1140 3409 2142 116 pour avoir les in dossement vous ptiant de les envoyer

1151 3493 2086 145 sans parte de tempt pour n'avoir point de sabus. ie suis

896 3553 1103 149 Gent francois kersebout

3034 3546 300 175 12d

1147 3669 2260 152 bij den ul van 9 deser gesien dat den cassier van den comis

1143 3756 2211 165 d'overlooot ul heeft belost mijne gesondene quitantie int

1142 3832 2209 161 cort te betaele soo dat icck verwachte sulckx voor kersemis

1143 3940 2263 108 sal geschieden waer de handt gelieft aen te houden sonder

1135 4045 2206 157 hem iets daer voor te geven oam dat sij beloofde als hij

1132 4133 2152 159 de leste betaelde dat sij stegen kersenve het iaer 1698

2320 4212 405 88 sij veroligegrd

1152 4219 2251 166 souden voldoen sonder nochtens dot sij verabligeert sijn

1146 4305 2191 137 die partije in antwerpen te betaelen soo doet alsvoren

1175 4376 1951 111 onder oncosten voor kerstemisse salt ontfangen

3554 170 2460 119 het convoij van londen is tot ostende gearriveert & ick hope dat die

3539 285 2404 101 van brugge hun beste sallen doen voorlerstenisse eenige goederen

3544 338 2434 133 te expedieren te meer omdat men toe water voordhant heeft

3534 429 2480 178 daerom draght sorge datter scheepen geroet sijn die buyten gaetsliggen

3551 535 2362 117 & spoedich afcomen & macht alle desieschen die mogelijck is, ick

3538 614 2501 175 verwachte 19 packen waer van sent te wagen & No. 38: 41 ofte

3538 725 2437 120 47 & N.51 en soo dandere packen bij ul arriveeren soo laet N 42

3531 779 2437 193 46 & 49 boven int schip gelaeden worden om die te comen uijtlichte

3546 913 2377 140 in cas den voorte ons verraste waerover particuliere sorge gelieft

3529 981 2463 174 tedraegen als mede voor N. 54 want soo de goederen souden bevro

3527 1127 2464 107 =en worden dan soude ick die packen te waegen laeten comen en

3549 1186 2475 150 soude het dan veel moeyte wesen soo die niet gereet laegen geefte

3533 1272 1806 164 goede expeditie aen die naer groetenise blijve

5268 1301 731 211 Adij 12 xber 1696

3465 1343 878 178 brussel wed: vanderborgh

3553 1429 2418 181 het goet voorleden sondagh aen ul vercocht hebt ick heden p beursschip

3545 1562 2468 167 ul toegesonden verhope ul tot contentement wel sult ontfangen ingest

3524 1654 2484 147 aen de facture bedragende ƒ 1290:3½ courant gelt ons convoij van londen

3542 1735 2502 180 is godt lof wel gearriveert, soo sullen wij int cort van alle sorten

3533 1847 2421 155 van goederen genoch voor sien sijn ten waere dat door betrorresende

3543 1918 2485 207 weder onder wegen wiert op gehouden wat passeert sal ick ul laeten

3547 1993 2378 201 weten mons. rousseau sal dese weecke bij al comen metmipn

3552 2130 2428 179 bewijsken te betaelen het gene ul sal te pas comen sonder dat

3543 2198 1353 165 ick daer voorder over sal schrijven

3463 2270 895 164 brussel christiaen Segers

5618 2273 251 165 12 d.

3536 2366 2472 230 ingesloten het facturcken van het geperst laken voorheden sondagh

3528 2485 2408 194 aen ul vercocht bedraght ƒ48:14½ tis int pack van ul schoon

3537 2602 2467 174 moeder het convoij is goot lof van londen gearriveert was het

3531 2642 2474 201 goet nu hier soo soude ick van alles genochsaem voorsien sijn

3527 2768 2436 180 soo het hier arriveert sal het ul laeten weten mons rousseau

3532 2836 2399 240 sal dese weele bij ul comen met mijn bewijlken van ƒ 300:-

3469 2925 2044 215 wisselgelde het gene aen hem gelieft te betaelen

3467 3029 963 179 brussel govaert ververs

5522 3058 277 170 12d.

3536 3179 2444 187 in ontwordt aenden ul van 9deser het convoij van londen is

3531 3259 2405 218 godt lof gearriveert comen wij het goet voor het vrisende weder

3523 3359 2439 187 hier erijgen soo sal ick een over groote partije verse goederen hebbend

3547 3430 2451 199 hebbende mijn leven soo veel goot seffen bij een niet hadt daer sijnveel

3542 3533 2395 187 fijn geperste laken sonder gelijck ul stael is degene voorgaende weeck

3517 3665 2494 209 gearriveert sijn sijn al vernocht dan ick hebbe noch 20 stucken seer schoon

3525 3751 2448 185 kersijen bij mij gemerckt N.F met noch eenige baejen can ick ul dienst

3524 3820 2472 237 doen commandeert liberlijck, wegens de ƒ3: van Aman neskens hebt

3533 3955 2438 207 ick ondersoegh 1693 :22 ugusti hebt ick een parfije goet aen ul vercocht

3539 4058 2464 193 & 18 sber volgende ul een reeekeninge gesonden van oncosten van 12 stuck

3525 4176 2406 158 verven & droogen dat ick door neckens dede doen en ter wijlen ick hem

3531 4234 2461 164 als dan imployeerde soo heeft ul hem oock geinloyeert voor 2 bruege

3527 4313 2436 80 6 engels baeijen, en ter wijlen ul die van een ander gehadt heeft soo quam h mij daer

3553 4383 1775 78 van sprecken ick lijde sigde selve ul soude toesenden en die oncosten

3563 4410 2420 91 als dan voldaen voor het fene ick hem hebbe amnsseer naer ik als ondensch hebbe
