7924 4587
2562 150 780 133 adij 15 augusti A: 1695

761 163 1026 170 amsterdam geraert Rovers

1012 216 2329 173 Mons in antwort aen den uwen van 12 deser hebt seer wel gedaen op lond

1049 322 2278 137 niet te hebben geeffectueert, want met brieven van daer van 3 passato

1051 399 2290 166 9 deser compt de wissel op 27 8 herrewaert gevallen, soo dat uwe mij

1055 483 2262 116 oordeels wel sal doen noch een post at te wachten om te sien het

1043 563 2297 128 het sich governeeren sal, want hebbe daer bij geen haeste en miet

1044 635 2313 155 heden hier h: dagh is kan ick u geen remise senden, wij liggen present

1033 722 2307 148 op eenen seer slechten post, soo het casteel van namen in wij nit

1049 817 2274 124 daegen niet overgoet, soo veele een volle ruine voor alle oose

1053 897 2245 141 sleden, de bombarderingh van brussel duert noch welcke weethijdt

1053 985 2219 138 onbeschrijftelijck is mant godt wilt ons voorder bewaeren geeft

1040 1076 2304 144 de ingesloote voortganck en sult verobligeeren die naer groeten

2521 1140 272 157 25 ditto

773 1152 843 151 londen Jan de maister

1023 1222 2281 172 Mons: in antwort aen duwe van 23 en 30 passato het convoij van

1053 1335 2187 131 londen is wel gearriveert tot ostende, maer ick en wete niet

1067 1445 2229 119 hoe ende wanneer ick kan de goederen krijgen, ick wenste wel noch

1064 1523 2248 116 bij u waeren want soo lanck als het casteel van namen noch niet

1059 1596 2104 99 over en is, bevinden wij ons geexponcert van een barbarisse

1047 1691 2252 120 vin dicatie van de trancen, daer om meughde niet meer afarderen

1057 1741 2268 128 daer en tusschen sal ick sorge dragen voor het u gelijck voort mijn

1040 1828 2258 117 maer ick en sal u geen remise senden ten sij het goet salve is

1060 1924 2261 129 van 21 courant moet betaelen de trato van 200: t a 29:28

1057 2006 2187 134 en ick soude u nu connen remitteren minder als 27, siet wat

1909 2060 435 80 gecocht het loet

1043 2080 2216 145 schade voor u, gij hebt voor u £9:15 en mijn swaeger heeft

1054 2153 1843 118 int selve convoije tot f 8:10, en tien a £3:5

2582 2239 295 131 15 ditto

759 2243 892 186 mechelen Cauwenbergh

1042 2296 2239 174 ick heb op 4 deser aen u lest geschreven sedert van u niet vernomen

1054 2411 2266 110 soo uwe sedert van frances noch geen satisfactie, en hebt becomen weese

1054 2480 2159 146 dat ick door het dillaeeren daer in seer sal beschadicht worden

1043 2555 2294 133 want de saecke laet sich een slecht aensien tot onde bederft daerom

1054 2634 2220 130 bidde ick u andermael salveert mij op het spoedichste van frances

1054 2737 2175 136 soo wel van dit iaer als voorgaende, ten besten u moegelijck is

1057 2789 2235 129 als mede volgens mijn voorgaende versoeck over het huijs a bekent

1063 2877 2086 123 biddende cito te willen antworden op dat wete wat passeert

2610 2948 320 146 16 ditto

769 2959 939 153 gent francois herrebout

1000 3038 2339 168 Mons ick hebbe aen u.l differente briven geschreven, daer en tusschen

1043 3143 2178 140 soo worden wij meer ende meer verleghen, hoe ons goet van

1057 3211 2268 115 brugge te becomen, ende wij comen u niet genoch e recomanderen

1054 3290 2271 115 alle voorsichtichijdt in te spannendie moegelijck is, daer sullen

1053 3379 2290 154 eenige packen voor mij per bargie comen, waer van u de nombe

1044 3480 2294 111 heb geschreven, sendt mij die dan te waegen voorts, al waertsaek

1061 3541 2270 123 dat de waght dierder waere, dan gij moet seer voorsichtich sijn

1058 3640 2278 122 van niets te laeten voorts gaen, soo haest glieden vernempt

1049 3715 2294 126 dat de francen gent naerderen ofte in landt soude sijn oft comen

1044 3785 2216 138 men seght dat tot gent de waters worden op gehouden, een

1059 3875 2287 134 is dat soo 2 connen dan de schepen van brugh noch door comen

1064 3953 2258 174 daer en majh geen goet te water afcomen sonder behoorlijcke

1049 4047 2252 144 france paspoort, en oft het noodt dede, soo moet gij de schepen

1037 4136 2306 122 ende de goederen naer het sal van gent senden om daerlangh herrep

1055 4216 2277 100 te doen comen ofte te laeten sigge tot dat men siet waer de

1067 4308 2246 130 laecken henen wilt want de genevaie opine is, dat de francen

3504 171 2477 135 van brussel naer gent int landt van waes sullen comen, daerom wilt

3505 239 2445 149 doch goede sorge draegen, en geen costen spaeren om ons goet te versckeren

3499 335 2491 137 het sal ul alles ten danck worden gerambourseert en u meijte genoch

3474 395 2512 157 saem betaet, biddende oock promt te willen sijn in advies te willen geven

3521 457 1646 169 principaelijck u antwort hier over die blijve

5185 505 667 187 26 augusti A: 16

3326 548 872 217 brugge Raphael Coots

3506 590 2476 200 gisteren was aen u mijnen lesten sedert den uwe van 14 en 15 ontfangen

3384 703 2606 150 waerop uwe moet seggen dat wij present de perijckelen te groot oordeelen

3513 788 2465 132 om eenige goederen van brugge herrewaert te laeten comen want des

3523 895 2470 123 francen sijn nu van brussel vertrocken naer alapperentie naer u gewwese

3499 932 2477 147 al waer men seght geene oft wijnige desensie en is, hebben sij brussel

3486 1011 2509 119 geraineert in presentie van een geheel leger wat sullen sij niet connen

3511 1103 2474 151 doen met gent oft brugge, daerom wij heden malcanderen hebben gespro

3473 1171 2486 174 =ecken ende goet gedacht te ordoneeren, dat alle de schippers naer ostende

3481 1272 2502 132 souden keeren tot dat men den uijtslagh van dese saecke sien en dat me

3481 1350 2490 143 in hun volcomen satiffactie sal geven, want niemant is verlegen

3521 1432 2473 159 om sijn goet maer het salvo te bewaeren, de schepen naer stuijs

3509 1519 2487 163 vlaenderen te sende weesk het water te ondeep is. oft het mij gebeurd

3519 1624 2461 116 dat die van gent ofte brugge ons disseijn opponneerde heiert een schip

3515 1693 2467 137 oft voor die van antwerpen int particur ier en laet onse goederen

3503 1761 2422 138 te samen en laet die onder ostende, ofte stuijs ligge want mijn

3501 1832 2432 189 reden heeft soo wel het nemen van brugese als het bombarderen te

3511 1962 2425 113 or vreese, hier is geen cost oft moeijt te spaeren oft een csijn niet

3511 2007 2435 113 aen te sien om den aldersekersten wegh te kiesen, het best van al

3508 2093 2480 146 waere dat de schippers naer ostende wilden keeren waer toe u ingesloten

3507 2163 2464 160 ordre kan helpen u.l daer van kan bedienen, ter wijlen ter waegen

3513 2308 2370 97 perijckel is absoluet geen goet ter waegen te senden, maer wel pet

3512 2332 2387 164 bargie op gent doch niet boven een laken pack seffens en dat als uwe

3499 2368 2480 227 sal oordeelen wijnich oft geen perijckel te wesen want tis nu soo dat

3496 2501 2458 151 voor op niet veel te doen sal sijn daer om liever een geheele maent

3494 2595 2493 151 wel gelegen als een huere qualijck gevaeren, en gemerck dat wij eensibee

3485 2687 2381 128 sijn van de confusie van brussel, soo laethet op lest niet aencomen

3511 2801 2213 93 der alven verlaeten wij geheel op u goede dtrectie ende blijve.

5569 2861 245 143 16d

3345 2891 1511 153 aende d Engelse schip van londen sot brugge

3520 3016 2356 131 & in the name of the interessed in the goods on your boarde shipped in

3503 3072 2005 155 london bj r waet & will kent desire you to follow order

3520 3162 2397 186 I beenge concerned inseverall goods on your boards shipped at

3524 3277 2380 139 london by nr waer & will kent have discoursed all that have goods of

3503 3368 2435 144 lard gentelman & wee finde our selfs startled in this consimeture of

3510 3484 2387 119 time & feare that bridges might be bombed or taken by the french

3488 3559 2423 126 & wheras in such a occasion our goods as well as your vessels are expoted

3498 3633 2445 111 to accrtain loss desire you to follow there in the order of S raphacl

3494 3741 2361 112 cors & & for my part shall vere willing fowling pay all charge

3521 3811 2370 143 you shal be had, our advise beinge for you to returne os ostend in

3503 3919 2451 125 time for this horrj will be over as soon as the castel of namur shall

3501 4007 2290 113 betalen which wee hope in fow dayes, there fore pray speare no

3490 4113 2413 123 paiato sate our goods & pour ships in exspectation of your per

3509 4156 2364 147 formance wee thinck not our goods safe att bridges theresire will have

3485 4272 371 134 nolanded
