7587 4617
1018 443 1121 189 Leyden gernt voornans

2646 466 472 201 a Jan 95

1010 586 2248 226 in antwort aen uliden van 28 passato leste drije blauwe

1014 723 2271 179 lakens sijn tamelijck goet van coleur maer d'merchelijck beter

973 791 2307 167 voor sijn geelt als dander men siet hier veler den sijnsten

978 940 2379 144 van draet vast ende wel georoven algoe ne. blauv: niet

983 997 2277 147 het alderdichste tegen het opengaende wate soude ick wel

979 1130 2299 163 2 a 3 diergelijcke bliouwe gegeeren van 2 a 6 suys wit tot

975 1230 2342 113 a 16 met en hoppele crieuse roode cat mesyr vant ontrent

942 1307 2318 171 den selven prijs doorulide occasie hett soodam gereet te

947 1385 2361 178 maken soo kan iciden mij stalen daer van seren ende soo

966 1480 2213 195 het londen geschiden soude ick wel stalen begee uyt die

970 1644 2312 139 lakens als sij noch wit sijn tot mijnder sicuat dodt wat

946 1686 2098 178 moegelijck is tot mijn voordel en het salt is alen

966 1799 926 158 brussel christiaen deegers

2897 1852 408 146 3 Januays

942 1890 2351 165 ick wenscheahden ende ue geele famisie een geluck sagh niuwe

930 2035 2272 146 laer ende veele volgende vol contentement ende bendictie

930 2140 2389 108 alsoo geliden een licf hebben is van franj houleuren en dat ick

928 2210 2391 176 tegen den vasten geerne wat nieuws ende traeijts soude ue bieden

931 2310 2250 192 soo bidde ick iu sentaen mij in antwort deser eenige gede

921 2419 2399 172 levendige stalen gelijck u liden wel soude begeeren nelt die

931 2497 2392 167 en sal vervolgens eenige doen hoopen die dan ten arrivinente

919 2621 2405 166 aen iu liden oock sal presenteren middelrere tijt iets tot in dinst

912 2710 1591 110 voorvallende gelieft te commanderen

914 2765 921 172 mechelen houenberge

2807 2779 520 177 6 ½Janua 95

908 2902 2446 161 mijn heer naer dat ick daen ien van 30 september lest leden hadden

894 2992 2451 172 ontfangen hebbe ick differen te mael divoeren gedaen bij der rent

891 3062 2450 212 geldere die het buijs ue bekent aen mijn schonsuster hebt verbonden

859 3172 2383 216 om niet allen te weten hoe het staet met de casse ƒa000

883 3307 2464 138 maer om te hebben de orngenele pappiren het gene tot noch

877 3397 2443 146 toe niet hebbe honnen gestectueren omdat sij swanger sijnde

887 3500 2433 138 dagelijckx het hinderbedt verwacht ende naer mechelen niet

886 3592 2451 187 hest derven gaen al waersij seght de pampieren bij gare nieste

867 3701 2499 131 berusten die toch terse is voor haer leven van de clst van den

869 3802 2491 154 pant echter dat sij wel wet dat die belastinge daer is gewest

868 3882 2453 126 maer dat de selve al over tijt is geheweten sets door die aen

854 3966 2379 136 haer dien pant heft naergelaten soo dese vrouve uijt het

857 4053 2423 173 craem komt sal niet ophouden tot dat ick hier het nodigh

859 4166 2435 127 besoorght hebbe ende costs door uwe goede assitentie verschert

867 4240 2367 172 ben terwijlen die wel doen sal van issucost port pennigen

883 4318 733 86 niet te sprekerte

1930 4327 516 108 d9 £r 118¼
