7979 4577
1149 177 2245 120 butt the though 10 a 12 p by them selfs, I see ex is risen with

1148 255 2217 117 you, which as long as s you neet not to remitt, butt if you

1140 325 2170 135 finde inclineinge to sall, then doe as desired by my last wlich is

1162 377 1096 140 thee needfull att present from

2761 449 505 158 6 octor 1695

889 465 845 163 londen dit Maistye

2769 539 305 152 6 octob

887 543 1221 217 Rotterdam Abraham De Bra

1151 681 2201 109 van londen, verwachte per schipper maison 1 mandt no 87 daer in 5

1133 727 2247 95 witte pack laecken 1 witte baeij aen te geven & te verclaren ƒ 500: ingest

1142 816 2213 105 daer van het connossement, hope het selve voor nu gearriveert het welck

1143 880 2225 137 gelieft te adviseren voor het selve sorge te dragen & aen den ingeslote

1141 932 1071 165 voortsganck te geven die blijve.

869 1023 1072 223 geijden hendrick herremanie

1138 1061 2216 181 ick heb u brief van 33 passato wel ontfangen als mede de drapde

1133 1172 2237 145 dammes & het ander pack met 1 carmosijn &12 swerte lacken het wet

1135 1286 2223 108 camosijn schoon & goet van couleur is, ka sal u een drap de bes

1121 1350 2130 172 senden dat moet oock sulcken couleur wesen, al was het noch

1142 1447 2224 128 braijnder, soo ick verwachte het gene gij gereet hebt met alle spoet

1120 1511 2255 178 soo n 38 bequaem ware tot carmosijn, soo laet het oock car motij

1125 1579 2241 144 verven, & soo het tot cormosijn niet bequaem is soo laet het

1116 1659 2195 187 blouw verven het alderbruijnste & schoonste couleur dat men

1131 1755 2222 145 verst ioletende, soeckt ergere in een winckel het sehoonste bruijn

1131 1844 2120 155 blouw het gene gij cont becomen om een stael te hebben

1122 1938 2213 134 & doet het voven van de beste verver al sout gij ƒ15 a 16

1123 2042 2225 114 oft meer voor verven moeten besteden want ter sicij een blouw

1122 2080 2246 177 soo en brujn is soo is het niet vercoopelijck, 2 die blouwe die

1112 2169 2188 159 gij mij voor desen gesonden hebt doogen niet, schrijft mij wat

1110 2259 2207 159 goet dat gij wederom ontfangen hebt het wel op u brijder, en

1116 2361 2197 153 poussen mogen niet minder sijn als dese laeste, verwachtende te

1120 2437 662 150 verstaen die blijve.

2807 2459 301 140 6 ditto

837 2517 1025 171 Brussel Anthonij Rousseau

1080 2560 2256 168 Mons in antwort a les vostre de 23 passato pn & 4 courant les

1114 2667 2216 116 iour de sim mechel ie toy aussen je suist bien aise qui vous est briendre

1130 2739 2226 126 toy ie vous et quil mons walravens & ansillion ont paye iaisatie

1108 2794 2216 143 vostre tronte a mons goris il est sauseu si que vous un marcke de

1097 2866 2263 145 mon chalen. vos lettres de £169:13:4 sur Jan du maistres in londrn

1103 2977 2232 121 monte te fatales acose que celes d'angleterre de nui venu ont este a

1125 3042 2180 110 27:9 a 10 et on a fait icy a ƒ37:4 et non obstante quil soit alle

1105 3111 2235 138 a londns a 28:4 on a confinuel a hier detiner a 27: 4 que auiorduy

1106 3193 2241 125 on a fait a 27:5: 6 ie ne toy gaij mais si trompe que cette ane acamll

1101 3279 2229 168 messures a les changes sur londres, non obstante si vous avez d

1100 3374 2241 121 a 250, en 1 a 2 lettres ie vous donneray ƒ 27:6 mais il me les foudres

2013 3441 1264 112 devant  bours a cose capres de lettres

1087 3454 529 135 tans alour sage

1101 3504 2189 162 d' lettres d'hollande les main a soir ont sepeut servir a la bous pour

1092 3596 2259 128 faites remises tout en plus achose que ie refusui aduy a 27:6 attendn

1090 3680 703 105 vostre response aous dhay

1104 3689 1172 150 vervolgh van den brief van kent

820 3719 245 178 londen

1096 3796 2247 128 wij hebben eenen expressen van aotterdam gekregen dat daer de brieven

1096 3868 2183 121 van engelant van 20 en 30 passato was gearriveert en de wissel

1082 3954 2024 116 tot ƒƒ29:11 was afgecomen is het soo, soo remitteert mij niet

900 4023 1108 161 Amsterdam geraert Rover

1093 4056 2234 189 mons in antwort aen den uwen van 29 passato wegens de afgegeveene

1087 4168 2256 142 t£ 240:- ick verlaete mij soo geheelijck daer in op uwe conduitie

1088 4283 2205 115 dat het segen mijn gemoet was daer iets over de repliceren, dan naer

1092 4357 2208 125 mijne spiculatie dich mij uwe daer in een volcomen missluck, om dat

3524 182 2458 95 met brieven van londen die uwe voor ons hadde, en waeraen ick gedraghde

3548 236 2398 124 daer bij u goede expedientie de wissel op antwerpen maer a 27:9 a 10 afquciit

3545 314 2431 144 en dien volgens wiert hier vallende gegeven en is tot 27: 4 sedert gedaen, nu heeft

3537 397 2382 131 men heden hier eenen expressen van Rotterdam becomen, dat daer brieven

3521 501 2385 123 van 20: 30 waeren, ende daermede de wissel op 29:11 gesprongen, waerop

3530 568 2339 136 heden al hoe wel voor de bours tot t 27:5 tot 28 geen brieven meer

3538 614 2394 165 overbleven, soo ben ick seer int verlangen hoe het costisich morgen sal

3518 718 2466 137 governeren, biddende het selve mij te laeten weten beneffens uwe spiculatie

3536 780 2450 176 al soo men hier bij voght dat dese veranderinge remerckcabel is, dat die gesch

3501 875 2320 149 het ten arrivemente vant Goiet dat derrewaerts was gesonden blijve.

5220 950 615 124 de tober A 1695

3364 968 814 161 geil wouter van de wijer

3521 1013 2457 157 ick heb u brief ontfangen, ende de vier endertich guldens voor een wil kersije

3525 1129 2445 125 ick hebbe overal gesonden en niemant, en wilt mij daer voor een stuckgeven

3520 1181 2454 166 alsoo sij voort minst ƒ 26 begeeren, ende de mijne staen noch gesloten

3536 1265 2247 148 en soude ick om een sstuck geen open doen oock hebbe ick heden de

3513 1368 2457 124 geverfde toft twintich stuijvers del vercocht, soo dat gij ten minsten noch

3515 1435 1964 181 2 guldent moet senden seer ick u can gerieven blijve.

5286 1510 293 135 7 ditto

3352 1532 850 198 nerhout de weduwe pusijs

3518 1597 2456 210 ick heb u brief ontfangen, & de 40 pattacons in spetie, en volgens

3529 1701 2400 158 u begeeven sende ick a 24 vant ros en grijs ieder a 12 ick ben

3523 1794 2440 173 verwondert dat gij dat goet soo lanck laett liggen ick hebbe vertgoet

3507 1886 2361 197 genoch en hoe langer gij wacht hoe minder en hoe dierder het

3523 1974 1548 185 selve sal wesen naer groetenisse blijve

3352 2093 644 136 gent Mons matton

5358 2114 119 101 itto

3523 2122 2454 173 alsoo Jan lambertij op 5 deser aen mijn heeft voldaen het gene aen mij schulde

3517 2223 2430 136 is volgens mijne quitantie hem toegesonden sonder preiuditie van costen aen

3511 2365 2441 97 uwe te voldoen, hebbe ick met eenen belooft ul te ordoneeren dien volgens op te

3516 2420 2435 100 houden, biddende deralven hem geen voordere coeten worde aengedaen, en soo ick

3510 2485 2374 119 iets den wegens schuldich ben mij het selve te laeten weten op dat ick ul ojck

3506 2532 2432 183 betaelen bedanckende ul voor den dienst hier in gedaen, blijve naer grotenisse

3333 2620 1031 156 mechelen jouff de weduwe betram

5207 2639 247 107 8 ditto

3498 2663 2411 156 ick hebbe volgens uwe ordre van 5 deser al de drij lakens ul toegesonden, k

3494 2810 2355 101 niet twijffelende, oft heb de selve ontfangen in uwan brief en was geen stael

3503 2855 2447 122 oversulken wete ick niet wat laken gij mijndt oversulckx heeft ul het stael noch

3504 2951 2450 127 gelieft het mij te laeten weten sal doen al wat mogelijck is om ul te dienen

3498 2974 846 157 die naer grotenisse blijve

5134 3007 150 141 8d

3325 3076 728 143 brussel Mons Wilravens

3508 3079 2361 189 ick heb ick brief van 6 deser ontfangen, ende heden u paeck gemerckt S.W

3508 3204 2424 156 aen u gesonden op den tolbrief van bengert van de clooster, godt laet het welarri

3480 3270 2118 162 veeren isser iets ander tot u dienst gelieft te comanderen die blijve

3332 3390 650 130 brussel francois Jacobs

5125 3370 253 125 8 ditto

3485 3398 2457 148 maer dat ul op 14 sber laest aen ul 10 witte baeijen hadde gesonden volgens mijn

5517 3524 363 64 rop 20 ditto„

3494 3539 2447 126 advies met facture heeft ul bereijder neekens noch voor ul gehaelt eenen iosches

3484 3624 2378 93 ter baij van a 52. a 21 st: bedraght ƒ54:12 courant gelt waer voor mij

3507 3701 2354 115 gelieft te crediteeren, en oft het anders taere daer van kennisse te geven, iets

3481 3727 2022 146 handers tot u dinst voorvallende gelieft te commandere die blijve.

3332 3782 721 144 brussel hendrick de smet

5161 3830 247 112 8 ditto

3505 3834 2414 165 ick hebbe met leet wesen den ul van 24 passato gelesen, dan wat salmen doen, daer

3507 3994 2412 110 is niet beter als sich te vervoegen naer den wille godts, en met een particulier

3494 4060 2415 117 coragie sulcken slagen verdragen, met een vast betrouwe dat godt in een ander sal

3490 4160 2387 117 voorsien, alle de vrinden van brussel hebben over geweest, ende hunne affectie

3501 4207 2354 112 getoont soo in coopen van andere goederen, als geven van gelt, en daer en is

3494 4279 2370 116 nietmant geweest oft hebben het but voldaen ofte ten deele, ende het nieuwe

3493 4330 2412 143 gecreditteert off, nu ul partije is wat te groot, en diensvolge en verwachte het
