8057 4584
937 114 1092 133 brussel Anthonij Rousseau

2439 138 887 131 Adij 24 xber A. 1695

1193 217 2233 140 en response a les cheres vostre de 198 23 courant ie suis

1205 292 2208 152 bien aise que le s: rijssels Artssens & smet paijeront a la fin

1178 366 2250 150 court ie spere qui tiendront leurs paroles puisque ie procure ne

1177 455 2251 133 cessaire pour vostre remise de st £100: ser a  28: sier dat

1184 541 2216 121 busshop dont le payement est tindubitable. vous mobliex de

1209 618 2201 145 prendre l'information desiderer. les s:. gansgeser a este a

1191 648 2223 179 brussel chez vestre peruguier et y sont parler de mapeniy

1188 773 2180 146 il doute que ie chez veux sont trop briene, cependent il

1194 809 2123 158 peut sre suivre le chantillion et faire le millieur

1201 946 2178 140 possible. laffaire vous estant recommandee comne pour

1195 1012 1267 134 vous menne, ie vous jacuts

2790 1028 507 153 Adij 26 ditto

932 1065 775 160 brugge raphael Coots

1195 1164 2213 142 op 21 deser heb aen u gesonden de noodige certificatien sedert van

1187 1258 2236 160 ul niet vernomen nu sullen de wateren haest toe sijn ende ge

1184 1351 2203 148 goederen ten sij par waegen te becomen liven dobbelaer is nu costij

1177 1401 2223 171 ick wensche mijn pack N2 met hem conde comen versoecke daer

1186 1512 2213 138 toe alle moogelijcke dievoore gedaen mogen worden miets voor

1177 1600 2233 158 sijn van goede france paspoort om dat sonder paspoort niet magh

1181 1682 2223 153 geresikeert worden waer voor particuliere sorge gelieft te drag

1199 1747 2216 137 het sij het selve adroituer errewaert oft op gent gesonden worden

1174 1831 2240 135 nu alle andere goederen costij moeten blijven soude mij duncken de

1195 1922 2217 170 het sicht te becomen is een packen particulier te depischeren: blijve

943 1956 889 178 brussel Cristiaen Segers

3023 2031 330 98 26 ditto

1181 2006 2217 224 ick hebbe voorleden saterdagh s bargere andermael aengesproct

1177 2123 2182 153 die noch wergert den brief te betaelen segge van ul noch

1178 2218 2231 159 geen schrijven te hebben ende noch niet tot brussel geweest het

1188 2286 2225 178 naer brussel gaen can hij noch lanck uijtstellen, daerom soo

3024 2400 85 73 mij

1176 2366 2225 171 het ul gelieft schrijft hem daerover en ordoneert wat ick doen

1178 2461 814 149 oft laeten sal blijve.

2960 2509 335 116 26 ditto

921 2545 952 173 Amsterdam geraert rover

1177 2581 2175 186 volgens den mijnen van 22 deser sien ick mijn rekeninge

1183 2694 2172 113 courd te gemoet ick verst aen dat costij a ƒƒ 27:- op londen is

1173 2798 2228 125 gedaen bidde voor mij 200 oft £300- derrewaerts af te geven

1178 2896 2231 132 tot prijs court oft het gebeurde met het aencoomen van de eerste brien

1190 2983 2215 148 eenige veranderingh waeren, den im cas van eenige montermse

1185 3065 2210 129 soo geeft vierhondert ponden en treckt de weerde op mij parcite

1172 3123 2225 150 om dat wij met de h daegen niet conen remitteeren, e venwel

1179 3176 2203 136 soo ick aenstaende donderdagh brieven tot contentement can becomen

1181 3295 2210 128 sal ick ul die remitteeren, ul staende delcredre als voor desen sijn

1172 3325 2184 144 mijn versoeck dat die ordre mach op nieuwe reekeninge comen

1187 3398 2195 159 om dat ick mijn roecken present sluijten, den ingesloten gelieft voort

1167 3488 2188 169 ganck te geven. wensche uwe een vrolijcke kerstijdt en blijve

929 3542 981 187 leijden hendrick herremanse

2869 3593 394 136 26 ditto

1178 3618 2225 193 in antwort aen den uwen van 23 deser gij stelt u rekeninge hoget

1174 3729 2213 142 als die ick in sulio lest hebt betaelt voor eerst ƒ 2:2 op ilder

1184 3854 2182 130 stuck laken van berijden en soo voorts waervan wij sullen

1167 3886 2167 159 sprecken in het op betaelen, gij moet mij oock goet doen het

1159 3995 2215 135 rabatte van 8 ten hondert vande ververs het gene in dee

1175 4089 2224 156 dersich guldens bedracht want andere oncosten sijn op verne

1170 4136 2190 171 soo veel niet, gij belast mij voor stuijver 50 van ieder

1176 4210 2211 187 stuck van porssen, en ick hebbe u noodt meer als 30 stuif

1166 4326 2198 130 oock noodt meer vromans betaelt het sij eet oft coude porsse

3539 174 2467 129 en men geeft ic hier ooc noodt meer gij mogh u niet laeten bedrgg

3551 252 2404 147 daer om minageert als wat doenelijck is. men sal nu besloten

3547 345 2345 107 water hebben, en daer mede en can ick geen goot meer tuys crijgen soo

3535 404 2444 148 moet gij dat niet verhaesten de beste gelegenthijdt waernem en om alles

3524 471 2467 214 wel te doen, het drap de berri mach niet lichter wesen als het stael

3532 577 2349 125 maer wel brunder als sout gij een stuijver oft twee noch meer

3546 696 2375 150 besteden, sendt mij een stael van N. 43 soo haest het blouw is

3542 801 2430 132 want soo het niet breijn genoch is, en vialettende can het mij niet

3527 886 2460 142 dienen het antwort van mijnh soan verhijden is geen advacate

3525 925 2436 169 treck: wrt gaet hem aen oft ick het gelt hier stelle ofte niet, d' ordre

3530 1021 2437 169 is daer van sijn principael daerom vraght hem oft dat hij volgens

3547 1144 2391 138 die ordre en u quitantie wilt betaelen oft niet en niet willende

3534 1221 2425 203 mach hij dat laeten want ick mijn gelt hier niet geven sal voor

3537 1337 2453 210 hij het eerst aen ul heeft betaelt, en soo ben ick met d heer schenaern

3535 1473 2420 132 over een gecomen het gene aen hem soo moght segge soo dh Awo

3411 1501 1949 190 wilt bethaelen al was tƒ 500 a 600, geeft hem gent. en antwoorten

3414 1587 473 151 inson Mess. Kent

5215 1588 638 126 adij 26: xber 1695

4046 1598 246 126 l th

3540 1664 2403 155 S. sence my last of 22: cur. no post come, ainter beginne, &all waters will be soone

3525 1779 2427 92 froren, so wee have not so exspect anney convoyes from yo partes. you have my

3544 1874 2413 147 orden for Cents provision, for which you shall be att c casire so provide, whilst

3552 1967 2410 149 desire yo spiculation here trade will go, because some wise men will make quee

3546 2055 2402 124 beleame, that ex. will certainley tise, & all goods fall much, you beengupon

3540 2121 2405 125 the nlace shall be best so take measures, & buy accordingley, for by the goods

3534 2224 2390 133 order must be 12: a 15 swanskins white bayes, 3 a 4 vorais off shede pert

3527 2337 2406 115 culloius that are to be had, 3: a 4 mockes of 5 so 6 p a 6: 6ayd. all packes

3533 2446 2403 108 drapped with white cottons 30 white flannells to be died as I shall direct,

3530 2472 2400 170 10 a 15 pack whries EE yallow marckx with 5 p. of the EE green marck or

3520 2594 2443 148 thelike of about £33: a 34: the 5p. yett rather the reenmarck, all these goods

3510 2660 2444 186 forsring, so nray do in all as for yo self, for if the settling of the muns:

3518 2757 2412 193 or coim will cause great alterations boath en ex. & good, soloere as well 60

3411 2854 2521 175 sett still, as to venter to much yett, I say once againe you beeng apon

3519 2962 2389 141 the place do as for yo self, intrem advise yo opinion, I have ordered att

3503 3048 2445 191 Amstm so give for london: S. Henty furnese nretends ex will nse conside

3541 3136 1354 173 table, I long to heave from you p rest

3402 3203 980 184 Amsterdam Geraert rover

5226 3228 546 157 adij 29 ditto

3515 3311 2444 192 op 26 deser hebbe ick uwe vesocht ste£ 300 voor mij op londen te

3520 3463 2413 123 geven tot prijs courant en in cas met het arriveeren van d'hengelicke

3516 3515 2453 155 brieven van eenige monteringe ste£ 400 geven soude. ick en tww

3514 3599 2494 114 offele niet, ofte de brieven sijn dijnstdagh naer de bors te laetgecomene

3525 3711 2438 116 ende dat die van londen alteratie mide wissel sullen hebben gemackt

3524 3770 2434 160 miets sij ons te kennen geven gelijck bij d' Amsterdamse gasette staet

3492 3851 2472 174 vermelt, ende dat insalibelijck de wissel eenen merckelijck en sprond

3514 3938 2439 185 doen sal, waerop die vande banck alhier alle prijsen op londen hebb

3509 4056 2388 122 gegeven van t 27:8 tot ƒ29: 6 ende en sijn geen treckers meer

3513 4102 2338 160 gevonden, doch dat sal sich naerden cours van costij moeten

3515 4179 2418 129 erstellen, ick hebbe hier ontrent de £800:-:- tot 28:12 uso voor

3514 4310 2409 123 heden dijnstdagh gedaen ende heden den morgen st£ 500:-:-

3529 4375 2340 100 tot  29:- op 3 a 4 daegen sicht, waeronder een brief van
