8137 4567
3553 153 2405 85 courant, cependent cela me rend icy sans argent et ayent paye vos traitted

3554 226 2385 134 il ma fallu refiner, celles de  £ 150:- comme ie fait 22 passe a

3545 309 2438 136 2usances en faveur de mess. kent pour la valeur de monnoselle la faire

3545 402 2467 138 ascanio huberti a 28 t7 non obstante on a fait a 28:5 a 6 on est icj un

3557 487 2364 130 glan oppinion que le change bassera soule 271 et que toute le reddres que

3560 576 2443 128 le parlement pourroit faire en la monnye ne prandra pas l'offeet a longtemps

3552 656 2350 116 a chose quil y manque trop de largent de tout cottes, et principalement de

3555 716 2436 152 remises pour larmee vous ne souftre pas en cette traitte et vous aures emple

3548 832 2412 167 gyjer  mois sans intrest on a fait a Amst a 28  3 a 4 ie ne pas vous advise

3557 926 2363 117 cette traitte lundy a chose quil a parsonne l'envoijera pas que auiordhuy en

3541 1035 2382 146 les eschante, si vous aures besoing de largent ie vous en fournire a governo

5370 1115 225 87 pono

3464 1086 923 167 andres walter 7 will kent

5078 1116 878 152 Adij P meert A° 1696

3550 1164 2395 185 depuis maderniere de 23 passie receu la vostre de 11 ditto et les pacq S N8:9

3560 1293 2380 163 les ss yone marq non pas la qualites ordinaire les estent plus gros raison

3540 1345 2395 189 pour quoy ie vous priez de labvx d'avoir soin des millieur les gries non pas

3543 1479 2370 110 le couleur bl sur le bleau, comme iay demande, si souves et un gris sence le

3536 1532 2372 162 couleur la ne pas vendable, les peirles est passable siount une memoire pour

3550 1644 2366 146 quelque outre draps esperent que vous trouveres ces couleurs pour les

3536 1739 2393 162 prieces mientioné pour estre envoije par premier convoije pour ostende N2

3540 1801 2402 186 estant a pure drap cullour est le millieur de cet t ee couleur le plus, lien

3540 1932 2363 146 differente de l'autre et afuitant quelque novelle superfine sil ce presente

3542 2021 2415 116 si ioiunt st £150:- a la cherge du Jan de maistre vous priant de ne pas dire

3535 2105 2370 149 quil soit pour mon compte la valeur de mamosel hubersi estant pro forma

3523 2212 2424 110 encore  £100: sur pierre bograndt procure le necessaire en me donnent advies

3515 2281 2481 160 dece quil ce passent de mobligere, nous avons lettres de londres de 14 ui martord

3520 2388 2377 136 qus le parlement travaillent pour reguler los et que le change pour a bier

3535 2480 2416 140 ofter le temps donnera le clarissement mais il a trop l'argent besoing icy pour

3538 2513 1671 193 carme cependant vostre opinion me sera aggriable.

5324 2610 149 138 d

3521 2634 457 158 tterdam rover

3509 2682 2425 190 op 27 passato hebbe ick uwe geremiteert f 501: 17:6 ten hendrick meulenaer

3527 2840 2372 153 ende versocht voor mij 3 a 400 st— op londen te geven a prise courant

3535 2911 2462 175 nu vreese ick dat die ordre voorleeden dijnstdagh niet tijdelijck op de beurssal sijn

3534 3024 2413 130 geweest en dat brieven van londen van  het gelijck wij hebben gehadt en

3532 3114 2410 126 par aventieer nadere sullen de cours seer doen monteeren omdat van daer

3522 3214 2355 121 wort geschreven dat het parlement de cours van het gout soude reduceeren

3526 3284 2445 173 waer op de guinees alreede op 27 st waeren gevallen, men heeft daer op giste

3522 3384 2415 128 ven van 28: 6 tot 29:6 getrocken heden geen gevers omdatt daer voor noch

3526 3487 2398 124 geen brieven waeren, soo hope voor mij wat godts sult hebben geestectueert

3537 3558 2404 134 en bij monteeringe soo noch niet gedaen hebt een wijnich niet aen te sien

3526 3631 2416 170 doen als voor eijgen waer van het succes morgen et overmorgen verlange te

3514 3723 2450 131 verstaen bij den van 27 ditto vinde in de billiesten van de lotterije bij provi

3516 3793 2450 170 sin te veel nieten godt betert soo doende sal ick haest uijt bart geslogen sijn

3525 3913 2444 195 echter hope de volgende billietten iets favorabel sal voorcomen versoeke

3518 3972 1318 182 aen de ingeslote promte expeditie
