<?xml version="1.0" encoding="UTF-8"?>
<alto xmlns:xsi="http://www.w3.org/2001/XMLSchema-instance"
      xmlns="http://www.loc.gov/standards/alto/ns-v4#"
      xmlns:page="http://schema.primaresearch.org/PAGE/gts/pagecontent/2013-07-15"
      xsi:schemaLocation="http://www.loc.gov/standards/alto/ns-v4# https://www.loc.gov/standards/alto/v4/alto.xsd">
   <Description>
      <MeasurementUnit>pixel</MeasurementUnit>
      <OCRProcessing ID="IdOcr">
         <ocrProcessingStep>
            <processingDateTime>2022-02-04T12:21:39.899+01:00</processingDateTime>
            <processingSoftware>
               <softwareCreator>READ COOP</softwareCreator>
               <softwareName>Transkribus</softwareName>
            </processingSoftware>
         </ocrProcessingStep>
      </OCRProcessing>
   </Description>
   <Layout>
      <Page ID="Page1" PHYSICAL_IMG_NR="1" HEIGHT="4706" WIDTH="8070">
         <TopMargin HEIGHT="0" WIDTH="8070" VPOS="0" HPOS="0"/>
         <LeftMargin HEIGHT="4706" WIDTH="0" VPOS="0" HPOS="0"/>
         <RightMargin HEIGHT="4706" WIDTH="0" VPOS="0" HPOS="8070"/>
         <BottomMargin HEIGHT="0" WIDTH="8070" VPOS="4706" HPOS="0"/>
         <PrintSpace HEIGHT="4706" WIDTH="8070" VPOS="0" HPOS="0">
            <TextBlock ID="region_1643620300628_2113"
                       HEIGHT="4301"
                       WIDTH="2707"
                       VPOS="164"
                       HPOS="576">
               <Shape>
                  <Polygon POINTS="576,164 3283,164 3283,4465 576,4465"/>
               </Shape>
               <TextLine ID="region_1643620300628_2113l1"
                         BASELINE="2346,220 2382,220 2418,220 2454,218 2490,218 2527,216 2563,216 2599,214 2635,214 2671,213 2708,212 2744,212 2780,212 2816,212 2852,212 2889,213 2925,214 2961,215 2997,217 3033,219 3070,222"
                         HEIGHT="90"
                         WIDTH="755"
                         VPOS="170"
                         HPOS="2331">
                  <String ID="string_region_1643620300628_2113l1"
                          HEIGHT="90"
                          WIDTH="755"
                          VPOS="170"
                          HPOS="2331"
                          CONTENT="Aay 15 maij 1687"/>
               </TextLine>
               <TextLine ID="region_1643620300628_2113l2"
                         BASELINE="586,270 628,268 671,266 713,266 756,264 799,264 841,263 884,262 926,261 969,260 1012,260 1054,259 1097,258 1139,258 1182,258 1225,258 1267,258 1310,258 1352,258 1395,258 1438,258"
                         HEIGHT="128"
                         WIDTH="884"
                         VPOS="186"
                         HPOS="570">
                  <String ID="string_region_1643620300628_2113l2"
                          HEIGHT="128"
                          WIDTH="884"
                          VPOS="186"
                          HPOS="570"
                          CONTENT="nameer la veuve Lurond"/>
               </TextLine>
               <TextLine ID="region_1643620300628_2113l3"
                         BASELINE="842,338 961,336 1081,333 1200,330 1320,326 1439,322 1559,316 1678,312 1798,307 1917,302 2037,298 2156,294 2276,290 2395,288 2515,286 2634,284 2754,284 2873,284 2993,288 3112,290 3232,296"
                         HEIGHT="144"
                         WIDTH="2421"
                         VPOS="210"
                         HPOS="826">
                  <String ID="string_region_1643620300628_2113l3"
                          HEIGHT="144"
                          WIDTH="2421"
                          VPOS="210"
                          HPOS="826"
                          CONTENT="iay lhonneur de la chere vre de 19 court &amp; en suitte ie vous ay envoije"/>
               </TextLine>
               <TextLine ID="region_1643620300628_2113l4"
                         BASELINE="844,424 964,420 1084,418 1204,415 1324,412 1444,407 1564,404 1684,399 1804,396 1924,392 2044,388 2164,386 2284,382 2404,380 2524,378 2644,378 2764,376 2884,378 3004,378 3124,380 3244,384"
                         HEIGHT="162"
                         WIDTH="2434"
                         VPOS="287"
                         HPOS="826">
                  <String ID="string_region_1643620300628_2113l4"
                          HEIGHT="162"
                          WIDTH="2434"
                          VPOS="287"
                          HPOS="826"
                          CONTENT="auiordhuy par engelbert dieu donne en drap de pacq blanchy, estant"/>
               </TextLine>
               <TextLine ID="region_1643620300628_2113l5"
                         BASELINE="822,524 944,518 1066,512 1188,506 1311,502 1433,498 1555,494 1678,492 1800,490 1922,488 2045,488 2167,486 2289,486 2411,488 2534,488 2656,490 2778,490 2901,492 3023,494 3145,496 3268,498"
                         HEIGHT="117"
                         WIDTH="2475"
                         VPOS="419"
                         HPOS="807">
                  <String ID="string_region_1643620300628_2113l5"
                          HEIGHT="117"
                          WIDTH="2475"
                          VPOS="419"
                          HPOS="807"
                          CONTENT="de la mellieure sorte E5 jaune marque fort bien conditione vous etta"/>
               </TextLine>
               <TextLine ID="region_1643620300628_2113l6"
                         BASELINE="826,612 948,606 1070,602 1192,598 1314,594 1436,591 1558,588 1680,586 1802,584 1924,582 2047,582 2169,580 2291,580 2413,580 2535,580 2657,580 2779,580 2901,582 3023,582 3145,584 3268,584"
                         HEIGHT="149"
                         WIDTH="2475"
                         VPOS="508"
                         HPOS="809">
                  <String ID="string_region_1643620300628_2113l6"
                          HEIGHT="149"
                          WIDTH="2475"
                          VPOS="508"
                          HPOS="809"
                          CONTENT="debite pour le dit drap £23:10 argent de change, ie ne doute pas"/>
               </TextLine>
               <TextLine ID="region_1643620300628_2113l7"
                         BASELINE="848,702 966,696 1085,690 1203,686 1322,682 1440,678 1559,674 1677,670 1796,668 1914,666 2033,664 2151,662 2270,660 2388,660 2507,658 2625,658 2744,658 2862,658 2981,658 3099,658 3218,660"
                         HEIGHT="132"
                         WIDTH="2402"
                         VPOS="584"
                         HPOS="833">
                  <String ID="string_region_1643620300628_2113l7"
                          HEIGHT="132"
                          WIDTH="2402"
                          VPOS="584"
                          HPOS="833"
                          CONTENT="mais quil serat a vre contentement, jo nay pas dautre a present"/>
               </TextLine>
               <TextLine ID="region_1643620300628_2113l8"
                         BASELINE="846,786 961,780 1077,773 1192,768 1308,763 1424,759 1539,756 1655,753 1770,750 1886,748 2002,746 2117,744 2233,744 2348,742 2464,740 2580,740 2695,738 2811,736 2926,735 3042,733 3158,730"
                         HEIGHT="130"
                         WIDTH="2343"
                         VPOS="665"
                         HPOS="830">
                  <String ID="string_region_1643620300628_2113l8"
                          HEIGHT="130"
                          WIDTH="2343"
                          VPOS="665"
                          HPOS="830"
                          CONTENT="mais ie viens de recevois dix pieces p. my d'autre marchandises "/>
               </TextLine>
               <TextLine ID="region_1643620300628_2113l9"
                         BASELINE="848,864 967,858 1086,852 1205,848 1324,844 1444,841 1563,838 1682,834 1801,832 1920,831 2040,830 2159,828 2278,828 2397,826 2516,826 2636,824 2755,824 2874,824 2993,822 3112,822 3232,820"
                         HEIGHT="136"
                         WIDTH="2417"
                         VPOS="744"
                         HPOS="831">
                  <String ID="string_region_1643620300628_2113l9"
                          HEIGHT="136"
                          WIDTH="2417"
                          VPOS="744"
                          HPOS="831"
                          CONTENT="novellement arriveer, dont ie feray prepares quelqu unes, pour les"/>
               </TextLine>
               <TextLine ID="region_1643620300628_2113l10"
                         BASELINE="852,952 969,943 1087,937 1205,930 1323,926 1441,922 1559,919 1677,916 1795,914 1913,914 2031,912 2148,912 2266,912 2384,912 2502,912 2620,912 2738,912 2856,912 2974,912 3092,912 3210,910"
                         HEIGHT="149"
                         WIDTH="2389"
                         VPOS="831"
                         HPOS="836">
                  <String ID="string_region_1643620300628_2113l10"
                          HEIGHT="149"
                          WIDTH="2389"
                          VPOS="831"
                          HPOS="836"
                          CONTENT="avoirpresses dans 14 iours on trois semaines ou ie vous pous"/>
               </TextLine>
               <TextLine ID="region_1643620300628_2113l11"
                         BASELINE="842,1038 959,1029 1076,1020 1194,1012 1311,1008 1429,1002 1546,998 1663,996 1781,994 1898,992 2016,992 2133,992 2250,992 2368,992 2485,994 2603,994 2720,996 2837,996 2955,998 3072,998 3190,1000"
                         HEIGHT="169"
                         WIDTH="2380"
                         VPOS="907"
                         HPOS="827">
                  <String ID="string_region_1643620300628_2113l11"
                          HEIGHT="169"
                          WIDTH="2380"
                          VPOS="907"
                          HPOS="827"
                          CONTENT="rendre service, ie vous prie de me commandes, car ie vous assiere"/>
               </TextLine>
               <TextLine ID="region_1643620300628_2113l12"
                         BASELINE="858,1122 976,1112 1095,1104 1213,1096 1332,1090 1450,1085 1569,1081 1687,1078 1806,1076 1924,1076 2043,1076 2161,1076 2280,1076 2398,1076 2517,1078 2635,1080 2754,1082 2872,1084 2991,1084 3109,1086 3228,1088"
                         HEIGHT="183"
                         WIDTH="2401"
                         VPOS="981"
                         HPOS="841">
                  <String ID="string_region_1643620300628_2113l12"
                          HEIGHT="183"
                          WIDTH="2401"
                          VPOS="981"
                          HPOS="841"
                          CONTENT="que ie feray tout mon possible pour vous serrvis a contentement"/>
               </TextLine>
               <TextLine ID="region_1643620300628_2113l13"
                         BASELINE="2806,1170 2831,1170 2857,1172 2883,1172 2909,1172 2934,1174 2960,1174 2986,1174 3012,1174 3037,1174 3063,1174 3089,1174 3115,1172 3140,1172 3166,1172 3192,1171 3218,1170"
                         HEIGHT="128"
                         WIDTH="445"
                         VPOS="1088"
                         HPOS="2789">
                  <String ID="string_region_1643620300628_2113l13"
                          HEIGHT="128"
                          WIDTH="445"
                          VPOS="1088"
                          HPOS="2789"
                          CONTENT="Adij 27 ditto"/>
               </TextLine>
               <TextLine ID="region_1643620300628_2113l14"
                         BASELINE="600,1212 655,1207 711,1205 767,1202 823,1199 879,1195 935,1192 991,1190 1047,1186 1103,1184 1159,1182 1214,1180 1270,1178 1326,1176 1382,1174 1438,1172 1494,1170 1550,1170 1606,1168 1662,1168 1718,1168"
                         HEIGHT="186"
                         WIDTH="1152"
                         VPOS="1061"
                         HPOS="581">
                  <String ID="string_region_1643620300628_2113l14"
                          HEIGHT="186"
                          WIDTH="1152"
                          VPOS="1061"
                          HPOS="581"
                          CONTENT="Londonwalter  William, Kent"/>
               </TextLine>
               <TextLine ID="region_1643620300628_2113l15"
                         BASELINE="860,1260 979,1255 1098,1251 1217,1246 1336,1244 1455,1241 1574,1238 1693,1236 1812,1234 1931,1232 2050,1232 2169,1230 2288,1230 2407,1232 2526,1232 2645,1234 2764,1236 2883,1238 3002,1240 3121,1244 3240,1248"
                         HEIGHT="133"
                         WIDTH="2410"
                         VPOS="1163"
                         HPOS="844">
                  <String ID="string_region_1643620300628_2113l15"
                          HEIGHT="133"
                          WIDTH="2410"
                          VPOS="1163"
                          HPOS="844"
                          CONTENT="sence mij last of 20t cour receaved yours of 7 ditto with accompt &amp; patt"/>
               </TextLine>
               <TextLine ID="region_1643620300628_2113l16"
                         BASELINE="850,1334 970,1332 1090,1330 1210,1326 1330,1324 1450,1322 1570,1320 1690,1317 1810,1315 1930,1314 2051,1312 2171,1310 2291,1310 2411,1310 2531,1310 2651,1312 2771,1314 2891,1316 3011,1320 3131,1324 3252,1330"
                         HEIGHT="157"
                         WIDTH="2432"
                         VPOS="1243"
                         HPOS="835">
                  <String ID="string_region_1643620300628_2113l16"
                          HEIGHT="157"
                          WIDTH="2432"
                          VPOS="1243"
                          HPOS="835"
                          CONTENT="of one bale N. 10 whith I desire bee keept by you as well as the othersips"/>
               </TextLine>
               <TextLine ID="region_1643620300628_2113l17"
                         BASELINE="834,1434 956,1430 1078,1428 1200,1424 1322,1421 1444,1418 1566,1414 1688,1410 1810,1408 1932,1404 2054,1402 2176,1400 2298,1398 2420,1398 2542,1398 2664,1398 2786,1398 2908,1400 3030,1404 3152,1408 3274,1412"
                         HEIGHT="176"
                         WIDTH="2472"
                         VPOS="1304"
                         HPOS="818">
                  <String ID="string_region_1643620300628_2113l17"
                          HEIGHT="176"
                          WIDTH="2472"
                          VPOS="1304"
                          HPOS="818"
                          CONTENT="clof if opportunitie of convoij presents to ships accordinley in y neme"/>
               </TextLine>
               <TextLine ID="region_1643620300628_2113l18"
                         BASELINE="818,1506 940,1506 1063,1506 1185,1504 1308,1502 1431,1500 1553,1500 1676,1498 1798,1496 1921,1494 2044,1492 2166,1490 2289,1488 2411,1488 2534,1486 2657,1486 2779,1486 2902,1487 3024,1488 3147,1490 3270,1492"
                         HEIGHT="140"
                         WIDTH="2485"
                         VPOS="1398"
                         HPOS="801">
                  <String ID="string_region_1643620300628_2113l18"
                          HEIGHT="140"
                          WIDTH="2485"
                          VPOS="1398"
                          HPOS="801"
                          CONTENT="randiem is mensioned &amp; that absval that the spa. clothes maij bee shipe"/>
               </TextLine>
               <TextLine ID="region_1643620300628_2113l19"
                         BASELINE="846,1588 967,1582 1088,1578 1209,1573 1330,1570 1452,1568 1573,1566 1694,1564 1815,1562 1936,1562 2058,1562 2179,1562 2300,1562 2421,1562 2542,1563 2664,1564 2785,1564 2906,1566 3027,1566 3148,1568 3270,1568"
                         HEIGHT="148"
                         WIDTH="2457"
                         VPOS="1476"
                         HPOS="830">
                  <String ID="string_region_1643620300628_2113l19"
                          HEIGHT="148"
                          WIDTH="2457"
                          VPOS="1476"
                          HPOS="830"
                          CONTENT="the last s sayd  that you desi gnet for ostend, &amp; that the bills of loadinge"/>
               </TextLine>
               <TextLine ID="region_1643620300628_2113l20"
                         BASELINE="864,1668 982,1662 1101,1656 1219,1653 1338,1649 1457,1646 1575,1644 1694,1642 1812,1642 1931,1640 2050,1640 2168,1642 2287,1642 2405,1644 2524,1646 2643,1648 2761,1650 2880,1654 2998,1656 3117,1660 3236,1664"
                         HEIGHT="132"
                         WIDTH="2401"
                         VPOS="1576"
                         HPOS="849">
                  <String ID="string_region_1643620300628_2113l20"
                          HEIGHT="132"
                          WIDTH="2401"
                          VPOS="1576"
                          HPOS="849"
                          CONTENT="for the clotthes bee maijde for ostend, because S will take the mout att"/>
               </TextLine>
               <TextLine ID="region_1643620300628_2113l21"
                         BASELINE="830,1752 952,1746 1074,1742 1196,1737 1318,1734 1440,1730 1562,1728 1684,1726 1806,1724 1928,1724 2051,1724 2173,1724 2295,1724 2417,1726 2539,1728 2661,1730 2783,1734 2905,1738 3027,1742 3149,1748 3272,1752"
                         HEIGHT="122"
                         WIDTH="2471"
                         VPOS="1663"
                         HPOS="815">
                  <String ID="string_region_1643620300628_2113l21"
                          HEIGHT="122"
                          WIDTH="2471"
                          VPOS="1663"
                          HPOS="815"
                          CONTENT="ostend, the rest consigned to bruges, s finde that I have not the coulleur"/>
               </TextLine>
               <TextLine ID="region_1643620300628_2113l22"
                         BASELINE="838,1834 957,1828 1077,1824 1197,1820 1317,1815 1437,1812 1557,1809 1677,1806 1797,1805 1917,1804 2037,1802 2156,1802 2276,1802 2396,1804 2516,1804 2636,1806 2756,1808 2876,1810 2996,1812 3116,1816 3236,1820"
                         HEIGHT="148"
                         WIDTH="2429"
                         VPOS="1705"
                         HPOS="822">
                  <String ID="string_region_1643620300628_2113l22"
                          HEIGHT="148"
                          WIDTH="2429"
                          VPOS="1705"
                          HPOS="822"
                          CONTENT="that are hee demand for skansel non of the last 3 bales butt the"/>
               </TextLine>
               <TextLine ID="region_1643620300628_2113l23"
                         BASELINE="856,1916 977,1911 1098,1906 1219,1900 1341,1897 1462,1894 1583,1890 1705,1888 1826,1886 1947,1884 2069,1884 2190,1882 2311,1882 2432,1882 2554,1882 2675,1884 2796,1884 2918,1886 3039,1886 3160,1888 3282,1890"
                         HEIGHT="109"
                         WIDTH="2457"
                         VPOS="1809"
                         HPOS="839">
                  <String ID="string_region_1643620300628_2113l23"
                          HEIGHT="109"
                          WIDTH="2457"
                          VPOS="1809"
                          HPOS="839"
                          CONTENT="draps, so that I desire you to assorted the rest of my orders the sp: clot"/>
               </TextLine>
               <TextLine ID="region_1643620300628_2113l24"
                         BASELINE="850,2022 971,2012 1093,2002 1214,1994 1336,1986 1457,1981 1579,1974 1700,1970 1822,1966 1943,1962 2065,1960 2186,1958 2308,1958 2429,1958 2551,1958 2672,1958 2794,1960 2915,1962 3037,1964 3158,1967 3280,1970"
                         HEIGHT="161"
                         WIDTH="2462"
                         VPOS="1902"
                         HPOS="832">
                  <String ID="string_region_1643620300628_2113l24"
                          HEIGHT="161"
                          WIDTH="2462"
                          VPOS="1902"
                          HPOS="832"
                          CONTENT="5 draps some what more then ⅓ cosfi coullours to the pattr. 11„ 13 „ 14:16:1813"/>
               </TextLine>
               <TextLine ID="region_1643620300628_2113l25"
                         BASELINE="874,2114 992,2103 1111,2094 1230,2086 1349,2079 1468,2074 1587,2068 1706,2064 1825,2060 1944,2058 2063,2056 2181,2054 2300,2054 2419,2054 2538,2054 2657,2056 2776,2058 2895,2060 3014,2064 3133,2068 3252,2072"
                         HEIGHT="159"
                         WIDTH="2410"
                         VPOS="1965"
                         HPOS="858">
                  <String ID="string_region_1643620300628_2113l25"
                          HEIGHT="159"
                          WIDTH="2410"
                          VPOS="1965"
                          HPOS="858"
                          CONTENT="&amp; such like as you shall iudge best: &amp; the rest couperouse to wo 21 &amp;7"/>
               </TextLine>
               <TextLine ID="region_1643620300628_2113l26"
                         BASELINE="858,2182 978,2175 1099,2168 1220,2162 1340,2158 1461,2154 1582,2150 1702,2148 1823,2145 1944,2144 2065,2142 2185,2142 2306,2142 2427,2144 2547,2145 2668,2148 2789,2150 2909,2153 3030,2157 3151,2160 3272,2166"
                         HEIGHT="171"
                         WIDTH="2444"
                         VPOS="2072"
                         HPOS="844">
                  <String ID="string_region_1643620300628_2113l26"
                          HEIGHT="171"
                          WIDTH="2444"
                          VPOS="2072"
                          HPOS="844"
                          CONTENT="for the rest is to broun, forthes wout have you send mee 12 a 14 spa cle"/>
               </TextLine>
               <TextLine ID="region_1643620300628_2113l27"
                         BASELINE="868,2262 987,2254 1106,2247 1226,2242 1345,2237 1465,2233 1584,2230 1703,2226 1823,2224 1942,2222 2062,2222 2181,2222 2300,2222 2420,2222 2539,2222 2659,2224 2778,2226 2897,2228 3017,2230 3136,2232 3256,2236"
                         HEIGHT="113"
                         WIDTH="2420"
                         VPOS="2136"
                         HPOS="851">
                  <String ID="string_region_1643620300628_2113l27"
                          HEIGHT="113"
                          WIDTH="2420"
                          VPOS="2136"
                          HPOS="851"
                          CONTENT="of the niewest coullours, that are to bee hath in prijses from 10 to 1219"/>
               </TextLine>
               <TextLine ID="region_1643620300628_2113l28"
                         BASELINE="858,2336 977,2332 1097,2328 1217,2324 1336,2321 1456,2318 1576,2315 1695,2312 1815,2310 1935,2308 2055,2306 2174,2306 2294,2304 2414,2304 2533,2304 2653,2304 2773,2304 2892,2304 3012,2306 3132,2308 3252,2310"
                         HEIGHT="117"
                         WIDTH="2426"
                         VPOS="2250"
                         HPOS="841">
                  <String ID="string_region_1643620300628_2113l28"
                          HEIGHT="117"
                          WIDTH="2426"
                          VPOS="2250"
                          HPOS="841"
                          CONTENT="all broad folded in the mainer, as you sent them to mot bipeerboms"/>
               </TextLine>
               <TextLine ID="region_1643620300628_2113l29"
                         BASELINE="846,2410 967,2405 1088,2400 1209,2396 1331,2394 1452,2392 1573,2389 1695,2388 1816,2386 1937,2386 2059,2384 2180,2384 2301,2384 2422,2384 2544,2384 2665,2386 2786,2386 2908,2386 3029,2386 3150,2388 3272,2388"
                         HEIGHT="121"
                         WIDTH="2459"
                         VPOS="2317"
                         HPOS="829">
                  <String ID="string_region_1643620300628_2113l29"
                          HEIGHT="121"
                          WIDTH="2459"
                          VPOS="2317"
                          HPOS="829"
                          CONTENT="for these I can send you no patternes for I know not what niew coulls"/>
               </TextLine>
               <TextLine ID="region_1643620300628_2113l30"
                         BASELINE="846,2484 967,2478 1089,2474 1211,2472 1333,2468 1455,2468 1577,2466 1699,2466 1821,2466 1943,2466 2065,2466 2186,2466 2308,2466 2430,2468 2552,2468 2674,2468 2796,2468 2918,2468 3040,2468 3162,2466 3284,2464"
                         HEIGHT="90"
                         WIDTH="2468"
                         VPOS="2412"
                         HPOS="830">
                  <String ID="string_region_1643620300628_2113l30"
                          HEIGHT="90"
                          WIDTH="2468"
                          VPOS="2412"
                          HPOS="830"
                          CONTENT="there bee a mought you &amp; other here are beefore mee in nieuw coulleurs"/>
               </TextLine>
               <TextLine ID="region_1643620300628_2113l31"
                         BASELINE="860,2568 979,2562 1099,2556 1218,2552 1338,2548 1457,2546 1577,2544 1696,2544 1816,2542 1935,2542 2055,2544 2174,2544 2294,2544 2413,2546 2533,2548 2652,2548 2772,2550 2891,2550 3011,2550 3130,2552 3250,2550"
                         HEIGHT="119"
                         WIDTH="2423"
                         VPOS="2473"
                         HPOS="843">
                  <String ID="string_region_1643620300628_2113l31"
                          HEIGHT="119"
                          WIDTH="2423"
                          VPOS="2473"
                          HPOS="843"
                          CONTENT="do I say that the costi draps bl copperoose sell best so amonght these"/>
               </TextLine>
               <TextLine ID="region_1643620300628_2113l32"
                         BASELINE="860,2658 978,2650 1096,2644 1215,2638 1333,2634 1452,2630 1570,2626 1688,2624 1807,2622 1925,2622 2044,2620 2162,2620 2280,2622 2399,2622 2517,2624 2636,2626 2754,2627 2872,2630 2991,2632 3109,2634 3228,2636"
                         HEIGHT="140"
                         WIDTH="2401"
                         VPOS="2544"
                         HPOS="844">
                  <String ID="string_region_1643620300628_2113l32"
                          HEIGHT="140"
                          WIDTH="2401"
                          VPOS="2544"
                          HPOS="844"
                          CONTENT="12 of 14 p. maij bee some light &amp; other to the patt send you &amp; to"/>
               </TextLine>
               <TextLine ID="region_1643620300628_2113l33"
                         BASELINE="856,2730 973,2724 1091,2720 1208,2715 1326,2712 1444,2710 1561,2706 1679,2704 1796,2704 1914,2702 2032,2702 2149,2702 2267,2702 2384,2702 2502,2702 2620,2704 2737,2704 2855,2706 2972,2708 3090,2708 3208,2710"
                         HEIGHT="132"
                         WIDTH="2386"
                         VPOS="2613"
                         HPOS="839">
                  <String ID="string_region_1643620300628_2113l33"
                          HEIGHT="132"
                          WIDTH="2386"
                          VPOS="2613"
                          HPOS="839"
                          CONTENT="the 2 patt. sent the 20 court sent some couffi coulleurs &amp; the shall"/>
               </TextLine>
               <TextLine ID="region_1643620300628_2113l34"
                         BASELINE="870,2826 990,2818 1110,2813 1230,2808 1350,2803 1470,2799 1590,2796 1710,2793 1830,2791 1950,2790 2070,2788 2190,2788 2310,2788 2430,2790 2550,2790 2670,2792 2790,2794 2910,2798 3030,2800 3150,2804 3270,2808"
                         HEIGHT="120"
                         WIDTH="2432"
                         VPOS="2714"
                         HPOS="855">
                  <String ID="string_region_1643620300628_2113l34"
                          HEIGHT="120"
                          WIDTH="2432"
                          VPOS="2714"
                          HPOS="855"
                          CONTENT="is you iudge best, for sam no more wise sooy enough to assort wy"/>
               </TextLine>
               <TextLine ID="region_1643620300628_2113l35"
                         BASELINE="878,2902 997,2895 1117,2890 1236,2886 1356,2882 1475,2878 1595,2875 1714,2872 1834,2870 1953,2868 2073,2868 2192,2868 2312,2868 2431,2868 2551,2870 2670,2872 2790,2876 2909,2878 3029,2883 3148,2888 3268,2894"
                         HEIGHT="100"
                         WIDTH="2419"
                         VPOS="2829"
                         HPOS="864">
                  <String ID="string_region_1643620300628_2113l35"
                          HEIGHT="100"
                          WIDTH="2419"
                          VPOS="2829"
                          HPOS="864"
                          CONTENT="warchose in coutt, orthers provaile mee therefore pray douw avhatiy"/>
               </TextLine>
               <TextLine ID="region_1643620300628_2113l36"
                         BASELINE="866,3006 982,3002 1099,2997 1216,2992 1333,2988 1450,2982 1567,2977 1684,2972 1801,2968 1918,2964 2035,2960 2151,2956 2268,2954 2385,2952 2502,2952 2619,2952 2736,2954 2853,2958 2970,2962 3087,2967 3204,2976"
                         HEIGHT="199"
                         WIDTH="2372"
                         VPOS="2863"
                         HPOS="849">
                  <String ID="string_region_1643620300628_2113l36"
                          HEIGHT="199"
                          WIDTH="2372"
                          VPOS="2863"
                          HPOS="849"
                          CONTENT="passible to assorte mee of gods coulleurs &amp; sent netmore peirle"/>
               </TextLine>
               <TextLine ID="region_1643620300628_2113l37"
                         BASELINE="866,3084 986,3082 1106,3078 1226,3074 1346,3070 1466,3065 1586,3060 1706,3056 1826,3051 1946,3046 2067,3044 2187,3040 2307,3038 2427,3036 2547,3036 2667,3038 2787,3040 2907,3045 3027,3050 3147,3059 3268,3068"
                         HEIGHT="147"
                         WIDTH="2436"
                         VPOS="2944"
                         HPOS="849">
                  <String ID="string_region_1643620300628_2113l37"
                          HEIGHT="147"
                          WIDTH="2436"
                          VPOS="2944"
                          HPOS="849"
                          CONTENT="coulleurs or grayes. as to flannels I sappose that doose of 18 ½ a 19"/>
               </TextLine>
               <TextLine ID="region_1643620300628_2113l38"
                         BASELINE="858,3170 977,3164 1096,3160 1215,3154 1334,3149 1453,3144 1572,3139 1691,3135 1810,3130 1929,3127 2048,3124 2167,3121 2286,3120 2405,3118 2524,3118 2643,3118 2762,3120 2881,3122 3000,3126 3119,3131 3238,3136"
                         HEIGHT="187"
                         WIDTH="2414"
                         VPOS="3033"
                         HPOS="841">
                  <String ID="string_region_1643620300628_2113l38"
                          HEIGHT="187"
                          WIDTH="2414"
                          VPOS="3033"
                          HPOS="841"
                          CONTENT="pense bee must the cheapes goods consideringe the goodnes butt wee "/>
               </TextLine>
               <TextLine ID="region_1643620300628_2113l39"
                         BASELINE="880,3248 999,3242 1119,3238 1239,3232 1359,3228 1479,3224 1598,3221 1718,3217 1838,3214 1958,3212 2078,3210 2197,3208 2317,3206 2437,3206 2557,3206 2677,3206 2796,3206 2916,3208 3036,3209 3156,3212 3276,3214"
                         HEIGHT="130"
                         WIDTH="2429"
                         VPOS="3120"
                         HPOS="863">
                  <String ID="string_region_1643620300628_2113l39"
                          HEIGHT="130"
                          WIDTH="2429"
                          VPOS="3120"
                          HPOS="863"
                          CONTENT="moust have sucht as wee can geve best ships, there fore if possible"/>
               </TextLine>
               <TextLine ID="region_1643620300628_2113l40"
                         BASELINE="894,3332 1012,3329 1131,3325 1250,3321 1368,3318 1487,3314 1606,3310 1724,3308 1843,3306 1962,3302 2081,3300 2199,3298 2318,3298 2437,3296 2555,3296 2674,3296 2793,3296 2911,3296 3030,3297 3149,3298 3268,3300"
                         HEIGHT="139"
                         WIDTH="2405"
                         VPOS="3200"
                         HPOS="879">
                  <String ID="string_region_1643620300628_2113l40"
                          HEIGHT="139"
                          WIDTH="2405"
                          VPOS="3200"
                          HPOS="879"
                          CONTENT="leet mij derrection inflannels bee observed &amp; no great matter if som"/>
               </TextLine>
               <TextLine ID="region_1643620300628_2113l41"
                         BASELINE="874,3420 993,3415 1112,3410 1231,3406 1350,3402 1469,3398 1588,3394 1707,3391 1826,3388 1945,3386 2065,3384 2184,3384 2303,3382 2422,3382 2541,3382 2660,3384 2779,3386 2898,3387 3017,3390 3136,3393 3256,3396"
                         HEIGHT="142"
                         WIDTH="2414"
                         VPOS="3295"
                         HPOS="858">
                  <String ID="string_region_1643620300628_2113l41"
                          HEIGHT="142"
                          WIDTH="2414"
                          VPOS="3295"
                          HPOS="858"
                          CONTENT="of 18¼ a 19 e2 bee by, beside the ortheret flannels let 20 ps beedayed"/>
               </TextLine>
               <TextLine ID="region_1643620300628_2113l42"
                         BASELINE="886,3506 1005,3500 1124,3494 1243,3488 1362,3484 1481,3480 1600,3475 1719,3472 1838,3468 1957,3466 2077,3464 2196,3464 2315,3462 2434,3462 2553,3462 2672,3464 2791,3466 2910,3468 3029,3470 3148,3474 3268,3478"
                         HEIGHT="155"
                         WIDTH="2414"
                         VPOS="3373"
                         HPOS="871">
                  <String ID="string_region_1643620300628_2113l42"
                          HEIGHT="155"
                          WIDTH="2414"
                          VPOS="3373"
                          HPOS="871"
                          CONTENT="12 couffe coulleurs to severall patt. one some what lighter &amp; other some"/>
               </TextLine>
               <TextLine ID="region_1643620300628_2113l43"
                         BASELINE="892,3592 1010,3584 1129,3577 1247,3572 1366,3566 1485,3562 1603,3558 1722,3554 1840,3552 1959,3550 2078,3548 2196,3546 2315,3546 2433,3546 2552,3546 2671,3546 2789,3546 2908,3548 3026,3550 3145,3550 3264,3552"
                         HEIGHT="135"
                         WIDTH="2402"
                         VPOS="3468"
                         HPOS="877">
                  <String ID="string_region_1643620300628_2113l43"
                          HEIGHT="135"
                          WIDTH="2402"
                          VPOS="3468"
                          HPOS="877"
                          CONTENT="what darker te feve al you shalliudge bost &amp; the rest apon drap coullou"/>
               </TextLine>
               <TextLine ID="region_1643620300628_2113l44"
                         BASELINE="876,3672 993,3666 1111,3660 1228,3654 1346,3648 1464,3644 1581,3640 1699,3635 1816,3632 1934,3628 2052,3626 2169,3624 2287,3622 2404,3622 2522,3622 2640,3622 2757,3622 2875,3624 2992,3626 3110,3628 3228,3632"
                         HEIGHT="165"
                         WIDTH="2383"
                         VPOS="3542"
                         HPOS="860">
                  <String ID="string_region_1643620300628_2113l44"
                          HEIGHT="165"
                          WIDTH="2383"
                          VPOS="3542"
                          HPOS="860"
                          CONTENT="&amp; such niew coullours is you shall send mee lest good care bee take"/>
               </TextLine>
               <TextLine ID="region_1643620300628_2113l45"
                         BASELINE="874,3754 994,3746 1114,3739 1234,3733 1355,3728 1475,3724 1595,3720 1716,3716 1836,3714 1956,3712 2077,3710 2197,3708 2317,3708 2437,3708 2558,3708 2678,3710 2798,3710 2919,3712 3039,3714 3159,3718 3280,3720"
                         HEIGHT="145"
                         WIDTH="2437"
                         VPOS="3628"
                         HPOS="857">
                  <String ID="string_region_1643620300628_2113l45"
                          HEIGHT="145"
                          WIDTH="2437"
                          VPOS="3628"
                          HPOS="857"
                          CONTENT="that theij bee no burnes in the prest these 20 p. maij bee packed assij"/>
               </TextLine>
               <TextLine ID="region_1643620300628_2113l46"
                         BASELINE="860,3830 979,3826 1099,3822 1218,3819 1338,3814 1458,3810 1577,3807 1697,3804 1816,3800 1936,3798 2056,3796 2175,3794 2295,3794 2414,3794 2534,3794 2654,3796 2773,3800 2893,3803 3012,3808 3132,3814 3252,3822"
                         HEIGHT="125"
                         WIDTH="2423"
                         VPOS="3717"
                         HPOS="845">
                  <String ID="string_region_1643620300628_2113l46"
                          HEIGHT="125"
                          WIDTH="2423"
                          VPOS="3717"
                          HPOS="845"
                          CONTENT="der or bj soce other gods af you shall iugo beste the time of niew"/>
               </TextLine>
               <TextLine ID="region_1643620300628_2113l47"
                         BASELINE="890,3910 1009,3906 1129,3902 1249,3898 1368,3895 1488,3892 1608,3888 1727,3886 1847,3883 1967,3881 2087,3880 2206,3878 2326,3876 2446,3876 2565,3876 2685,3876 2805,3876 2924,3876 3044,3878 3164,3880 3284,3882"
                         HEIGHT="138"
                         WIDTH="2425"
                         VPOS="3798"
                         HPOS="873">
                  <String ID="string_region_1643620300628_2113l47"
                          HEIGHT="138"
                          WIDTH="2425"
                          VPOS="3798"
                          HPOS="873"
                          CONTENT="woll come on, will that not cause goods to fall 3 praij doo for mee all"/>
               </TextLine>
               <TextLine ID="region_1643620300628_2113l48"
                         BASELINE="882,3994 1001,3988 1121,3984 1241,3978 1360,3972 1480,3968 1600,3964 1719,3960 1839,3956 1959,3953 2079,3950 2198,3948 2318,3948 2438,3948 2557,3948 2677,3950 2797,3952 2916,3957 3036,3962 3156,3969 3276,3976"
                         HEIGHT="186"
                         WIDTH="2426"
                         VPOS="3864"
                         HPOS="867">
                  <String ID="string_region_1643620300628_2113l48"
                          HEIGHT="186"
                          WIDTH="2426"
                          VPOS="3864"
                          HPOS="867"
                          CONTENT="what you can for I have no boddy that bayes for mee butt you iihere otte"/>
               </TextLine>
               <TextLine ID="region_1643620300628_2113l49"
                         BASELINE="894,4072 1013,4066 1132,4060 1251,4056 1370,4050 1489,4046 1608,4041 1727,4038 1846,4034 1965,4032 2085,4030 2204,4028 2323,4028 2442,4028 2561,4030 2680,4032 2799,4036 2918,4040 3037,4046 3156,4052 3276,4060"
                         HEIGHT="150"
                         WIDTH="2414"
                         VPOS="3939"
                         HPOS="879">
                  <String ID="string_region_1643620300628_2113l49"
                          HEIGHT="150"
                          WIDTH="2414"
                          VPOS="3939"
                          HPOS="879"
                          CONTENT="are served bij 2 a 3 ditferents, because you have to mourt to do, as they"/>
               </TextLine>
               <TextLine ID="region_1643620300628_2113l50"
                         BASELINE="886,4150 1005,4148 1124,4145 1243,4142 1363,4138 1482,4132 1601,4128 1721,4122 1840,4118 1959,4114 2079,4110 2198,4106 2317,4104 2436,4104 2556,4104 2675,4105 2794,4109 2914,4114 3033,4121 3152,4130 3272,4142"
                         HEIGHT="125"
                         WIDTH="2418"
                         VPOS="4041"
                         HPOS="871">
                  <String ID="string_region_1643620300628_2113l50"
                          HEIGHT="125"
                          WIDTH="2418"
                          VPOS="4041"
                          HPOS="871"
                          CONTENT="say, so that you, can &amp; compleated all my orders itt expect you will complie"/>
               </TextLine>
               <TextLine ID="region_1643620300628_2113l51"
                         BASELINE="882,4232 998,4230 1115,4226 1232,4222 1349,4218 1466,4212 1582,4208 1699,4204 1816,4199 1933,4195 2050,4192 2166,4188 2283,4185 2400,4184 2517,4182 2634,4182 2750,4184 2867,4186 2984,4190 3101,4194 3218,4202"
                         HEIGHT="181"
                         WIDTH="2369"
                         VPOS="4108"
                         HPOS="866">
                  <String ID="string_region_1643620300628_2113l51"
                          HEIGHT="181"
                          WIDTH="2369"
                          VPOS="4108"
                          HPOS="866"
                          CONTENT="mine &amp;'actt as best you can givinge advise of what passes you shall"/>
               </TextLine>
               <TextLine ID="region_1643620300628_2113l52"
                         BASELINE="892,4322 919,4322 946,4322 974,4322 1001,4322 1029,4323 1056,4327 1084,4330"
                         HEIGHT="149"
                         WIDTH="227"
                         VPOS="4234"
                         HPOS="874">
                  <String ID="string_region_1643620300628_2113l52"
                          HEIGHT="149"
                          WIDTH="227"
                          VPOS="4234"
                          HPOS="874"
                          CONTENT="oblige"/>
               </TextLine>
               <TextLine ID="region_1643620300628_2113l53"
                         BASELINE="1756,4424 1820,4420 1885,4417 1950,4413 2015,4410 2080,4407 2145,4404 2210,4401 2275,4398 2340,4396 2405,4393 2469,4391 2534,4390 2599,4388 2664,4388 2729,4386 2794,4386 2859,4388 2924,4389 2989,4391 3054,4394"
                         HEIGHT="220"
                         WIDTH="1331"
                         VPOS="4259"
                         HPOS="1738">
                  <String ID="string_region_1643620300628_2113l53"
                          HEIGHT="220"
                          WIDTH="1331"
                          VPOS="4259"
                          HPOS="1738"
                          CONTENT="this for a good coffee coull. jtt there"/>
               </TextLine>
            </TextBlock>
            <TextBlock ID="region_1643620336692_2128"
                       HEIGHT="831"
                       WIDTH="2356"
                       VPOS="3573"
                       HPOS="3329">
               <Shape>
                  <Polygon POINTS="3329,3573 5685,3573 5685,4404 3329,4404"/>
               </Shape>
               <TextLine ID="region_1643620336692_2128l1"
                         BASELINE="3832,3580 3923,3580 4014,3581 4106,3582 4197,3584 4289,3586 4380,3588 4471,3590 4563,3592 4654,3596 4746,3598 4837,3600 4928,3604 5020,3606 5111,3608 5203,3610 5294,3612 5385,3613 5477,3614 5568,3614 5660,3614"
                         HEIGHT="178"
                         WIDTH="1860"
                         VPOS="3469"
                         HPOS="3816">
                  <String ID="string_region_1643620336692_2128l1"
                          HEIGHT="178"
                          WIDTH="1860"
                          VPOS="3469"
                          HPOS="3816"
                          CONTENT="hcost de bero sinen tijde wel ant rannon on :tto 3"/>
               </TextLine>
               <TextLine ID="region_1643620336692_2128l2"
                         BASELINE="3368,3720 3477,3720 3586,3718 3695,3718 3805,3716 3914,3716 4023,3714 4133,3714 4242,3712 4351,3712 4461,3712 4570,3712 4679,3712 4788,3712 4898,3714 5007,3714 5116,3716 5226,3720 5335,3722 5444,3726 5554,3732"
                         HEIGHT="151"
                         WIDTH="2217"
                         VPOS="3609"
                         HPOS="3353">
                  <String ID="string_region_1643620336692_2128l2"
                          HEIGHT="151"
                          WIDTH="2217"
                          VPOS="3609"
                          HPOS="3353"
                          CONTENT="het pack n°10 ½ met 13 gemengelde couleure laeckens in de wolle geverft"/>
               </TextLine>
               <TextLine ID="region_1643620336692_2128l3"
                         BASELINE="3930,3824 4017,3820 4105,3816 4192,3812 4280,3810 4368,3808 4455,3806 4543,3804 4630,3804 4718,3802 4806,3804 4893,3804 4981,3804 5068,3806 5156,3806 5244,3808 5331,3810 5419,3812 5506,3814 5594,3816 5682,3818"
                         HEIGHT="143"
                         WIDTH="1785"
                         VPOS="3725"
                         HPOS="3914">
                  <String ID="string_region_1643620336692_2128l3"
                          HEIGHT="143"
                          WIDTH="1785"
                          VPOS="3725"
                          HPOS="3914"
                          CONTENT="op de spaense maniere gemaeckt ieder van C 45 met 2 friz"/>
               </TextLine>
               <TextLine ID="region_1643620336692_2128l4"
                         BASELINE="3934,3910 4015,3908 4097,3906 4179,3902 4261,3902 4343,3900 4425,3900 4507,3900 4589,3900 4671,3900 4753,3900 4834,3902 4916,3902 4998,3904 5080,3904 5162,3906 5244,3906 5326,3908 5408,3908 5490,3910 5572,3910"
                         HEIGHT="167"
                         WIDTH="1668"
                         VPOS="3801"
                         HPOS="3919">
                  <String ID="string_region_1643620336692_2128l4"
                          HEIGHT="167"
                          WIDTH="1668"
                          VPOS="3801"
                          HPOS="3919"
                          CONTENT="setten oft cottons het stuck van a 40 weerdt ƒ 1725:-"/>
               </TextLine>
               <TextLine ID="region_1643620336692_2128l5"
                         BASELINE="3692,4042 3790,4032 3888,4025 3986,4019 4084,4014 4182,4010 4280,4006 4378,4004 4476,4004 4574,4002 4673,4002 4771,4002 4869,4004 4967,4004 5065,4006 5163,4008 5261,4009 5359,4010 5457,4012 5555,4014 5654,4014"
                         HEIGHT="187"
                         WIDTH="1993"
                         VPOS="3906"
                         HPOS="3677">
                  <String ID="string_region_1643620336692_2128l5"
                          HEIGHT="187"
                          WIDTH="1993"
                          VPOS="3906"
                          HPOS="3677"
                          CONTENT="n°12, met 5 witte packlaeckens, het stack van a 38 met 2"/>
               </TextLine>
               <TextLine ID="region_1643620336692_2128l6"
                         BASELINE="3968,4126 4053,4124 4138,4122 4223,4120 4308,4118 4393,4116 4478,4116 4563,4116 4648,4114 4733,4114 4819,4114 4904,4116 4989,4116 5074,4116 5159,4118 5244,4118 5329,4118 5414,4120 5499,4120 5584,4120 5670,4122"
                         HEIGHT="144"
                         WIDTH="1732"
                         VPOS="4022"
                         HPOS="3953">
                  <String ID="string_region_1643620336692_2128l6"
                          HEIGHT="144"
                          WIDTH="1732"
                          VPOS="4022"
                          HPOS="3953"
                          CONTENT="witte folsetten oft cettens van a 40 ceer weerdt ƒ 340:-"/>
               </TextLine>
               <TextLine ID="region_1643620336692_2128l7"
                         BASELINE="4370,4246 4398,4245 4426,4243 4454,4239 4482,4235 4510,4234 4538,4238"
                         HEIGHT="139"
                         WIDTH="204"
                         VPOS="4137"
                         HPOS="4348">
                  <String ID="string_region_1643620336692_2128l7"
                          HEIGHT="139"
                          WIDTH="204"
                          VPOS="4137"
                          HPOS="4348"
                          CONTENT="d"/>
               </TextLine>
            </TextBlock>
         </PrintSpace>
      </Page>
   </Layout>
</alto>
