7933 4593
2617 149 643 121 adij 6 Julij A 1695

729 132 904 174 brugge Raphael Coots

1018 195 2275 177 voorschreven copijen en van mijnen lesten die uwe en vor de

1012 276 2261 204 29 passato niet beantwort u trato hebbe betaelt en waght advies opt

1025 351 1860 190 voorschreven mijne messures te nemen blijve

2708 463 104 152 6

723 455 916 199 Brussel eralvavers

1043 565 2047 201 In anw: an ue van gist. hebaenu heden

1008 636 2144 227 Peturtscip een pack gesone DW n handend £6

1017 771 2226 195 Sr lakens 6 flameln eenen baj in gevolge d

1014 906 2222 170 mede aende facun ldragende ƒ1799:15 coran

989 974 2274 246 tis tegen mijn opim dat ick de flanellen laten

1001 1104 2213 209 & 14 ft: & soo sij ul daer va niet aenblat

976 1215 2265 203 fentse eenste bentscip wederom want die

997 1351 2247 174 boort gele owsent in engelant veel meer

1005 1404 2214 203 e ville niet aemdine diergelijke a 16 st

990 1532 2258 172 de de te leveren, en als het piestte convoij noch

985 1636 2293 164 eens sal conmen dan sult gij sien dat merkelijck

991 1723 2201 207 diffrenti het sal sijn, ende de spaense lakens

979 1865 2271 177 k 105 a naer soo goeden coop met sult

942 1942 2188 203 ecamen. alle onte nonseande soo bayen

993 2059 2260 205 carsyen als laken sijn heden hier geent. ul

998 2169 844 179 tet ie dene

2787 2217 312 213 7 July

727 2295 860 165 londen Jan du maistre

992 2358 2307 187 ie viende recevoir tout ala fois les vres de s1 14 & 21 passe la premien

995 2506 2206 130 avec le cognossement de soo y de gros ploms charge dans le vaisseau

980 2569 2269 145 de peere blanchaert pour cette place, comme aussi de 7 bloege d'estain

981 2649 2238 130 dans la mes me navire. le bon dieu laisse bien arriver, aussi bien

988 2742 2214 173 que les sugnes que vous envoyerez, mais pour dechuyle ce n'est pas

975 2829 2266 191 profitable de l'envoijer pendant la chaleur, pour dad soy d'ardait

1000 2945 2208 122 a 14  a londies ne trouveroit pas bon compte pour de soye d'ardaste

965 3001 2216 189 quand elle est bonne se vendroit a present p icy, ie ne vous puis

973 3096 2295 186 pas servir ende drapperies en nul sorte, car c'est ma negoce pour mon

957 3198 2301 169 ompte & ie ne serve personne en cette affaire en commission ainsi que

979 3303 2216 113 ie vous demand excuse que ie ne veu pas recevoir de vous aneulnes en

967 3357 2282 179 commission, i'ay vindu vre conny woil a philips notelair payable

975 3435 2222 152 a 5 a 6 mois a ƒ3:19 argent de change pas d'autres. nont volu

973 3540 2200 137 donner plus que ƒ3:12 a cause que cette merchandise se vend en

977 3683 2294 98 hollande a present dE 3:5 uss qu a ƒ 3:10, & ceux qui ont argent

967 3741 2221 115 contant en demandend. de la, tellement quil vous faut pasdenter

1456 3774 1807 114 n'envoyer plus cosrmy wooll p vous ne pourvez pas veuyre comms

698 3811 2567 154 enholland avee le tompd: ie nevoy pas d'apparonce que le mess de la banque

964 3891 2279 171 pourront faire hansser le change dans quelque temp, cependant

961 3988 2222 136 il travaillent pour cette effect: vous tirez sur may  £200:c

981 4078 2256 154 29: 2 t payable a heurque I sae senior henrique & comp, ie les

954 4201 2297 115 ay accepte, cependant ce n'est pas selon ma preposition que vous

981 4274 2314 131 disposerez de la morte du valeur des merchandises que vous pienvoyere

3508 173 2403 131 apres leur arriverement a cette coste vous priant de ne faire pas

3508 287 2297 91 autrement, quand le convoy arrive a bruges la merchandise vient

3477 335 2383 136 ordinairement icy 14 iours apres, pour vendre a bruges, ie ne scay pas

3483 411 2373 152 ce quion fait, vous pourriez prendre la preuve, mais la negoce en ces

3479 516 2440 181 quartien n'est pas si precipite, mais quil peut attendre le  temp de

3496 588 667 161 venir de bruges & icy

3492 639 2368 168 5 car ie n'accept pas des lettres pour person estant tousiours proveu du

3490 755 2460 154 fond pour servir mes amis de remises ce qu'il est bien plus avant agient

5428 965 465 185 7 July 95

3335 996 890 185 inden Richard Southell

3493 1088 2446 203 S my last to you was 27 past, with a remise of  £200:- on Abrah

3494 1205 2405 150 nathan, which I hope reached your hands, now have before mee yours

3502 1272 2434 201 of 14 past, where by take notice that you have butt small hope to effect

3489 1375 2384 176 my order for span clothes, because they are scarcie as well as deare, so

3503 1460 2426 208 lett them rest, & buy non, as advised you, the Amst convoij from hull

3488 1582 2415 168 is arrived with my pack N4, & that for Rott with N6, & seeng

3477 1653 2394 219 I have no letters from you sence, though 2 ports arrived, so I feare my

3489 1772 2438 188 other pack of bayes is leffont, if so must lie there for the first convoij

3480 1841 2394 220 for holland, you have shipped 5 pack whites EE yeallow marh for

5143 1953 117 66 Cost

3497 1966 2376 199 Rott which is well, you have credit for the among, & hope you

3482 2050 2425 190 shall send 5 more p first for ostend as well as the cottons & flannels,

3481 2156 2405 171 no more of the latter then you finde to content, I fhall leave the

3483 2251 2438 154 kersies a side till they come to a better prise, which is the needfull att

3498 2353 2393 170 present in easpectation to heare from you what further passes rest

3497 2387 2465 229 you have sent swansheus bayes att 95 & 105 ƒ Jcan tot sall them becomise hen

3601 2544 1376 152 grenon demander above 66 a 70 s

5427 2547 157 136 7

3344 2566 406 175 meden Anw

3487 2643 2311 187 on the 27 past remitted you £200:- on david & raphael penso

3479 2767 2439 178 inclosed £150:- on will vega procure the needfull, now have before

3478 2859 2324 166 mee your of 11:14 & 18 past the convoij from hull is arrived att

3458 2945 2420 188 Rott with my pack N45: I am sorry N52 come to lase for that

3468 3073 2465 179 convoy, so must sye att hull till first convoy for holland, lutt

3480 3156 2420 188 you have not sine my yett patt of N45, nedther of N 52 so that

3469 3261 2412 163 I doe not know, what cullour they be, therefore send them

3470 3409 2412 112 vere first & buy non of 3 p 6 en that are not fit for my turne

5160 3427 346 93 Litgle de Kens

3481 3472 2419 128 so leave them, & davide that order of 20 past in 12  of 4  clothe

3466 3530 2394 175 & 12 of 5 p clothes in each pack & lett boath be sent to hull, where

3463 3676 2437 147 I doe much wonder you have not send the 50 longe ketsies so longe

3484 3744 2401 182 sence ordered & if you wheld you might have sended mee them att

3492 3820 2438 172 5 a 46 p as well as the two other packs & in case their dearmess comes

3475 3914 2449 177 for want of water to be milled, so would have you desist till they

3489 4008 2362 187 come under of about 50 p att furtherst, I have accompts of

3481 4106 2429 184 N. 74: 75: 76:77 all which nay well I wish a convoy presen

3494 4199 2378 187 =ted for ostend, & if onley thene  whould come then ship one pack

3464 4294 2397 162 more aboard of eack, for you may renter for mee s£200:- in
