8090 4577
796 126 775 153 londen walter kent

2463 141 826 133 Adij 27 sber A 1695

1056 223 2286 126 S: on the 20: court: remitted you £104:19:6 en on Jamuel blewith sen

1013 317 2255 104 no post come, so have butt litt le to witte & reserre you to mij

1044 392 2295 127 forman. whiest inclosed £100: on Joan hillendon due5 gber 26 en

1039 488 2287 162 0 procur the needfull, as also for £225: on david becceler & con

1060 575 2280 153 & if theent with you abore 28 st remitt in answer here of 3 a ƒ 1

1069 669 2241 121 att 2 a 3 ulo becaus wee are of opinion cas wilt not not rise &

1072 735 2221 153 that  shall beabb to remist cheaper then these cost mee whith is

1067 820 2220 169 thee herd full att present from thesea is full l frenci capers

1070 888 2196 200 2 asslame for england & holland to teeso great lossel, whith

2748 1007 205 150 29 d

1060 1023 792 151 peaseley then campreent

790 1103 712 141 bredael laurijs ka

1076 1094 2251 214 ick scht ul met floris in tien stuijvers peningen ƒ 97:10, daer bij

1049 1219 2287 149 wat monsta ƒ 2:10 maeckt ƒ100:, en twintich du catons

1043 1298 2237 193 tot stuijvers 64 is samen ƒ 164: de tienstuyvers peningen

1045 1433 2225 126 die gij niet en cont uytgeven sent mij die wederom want

1045 1516 2249 126 ick can nu geen stuijvers meer becomen, maeckt dat mijn

1071 1603 2245 141 wol int cort verwerckt, en mijn rekeninge gereet het welcke

1064 1675 746 164 verwachte en blijve

2833 1740 216 147 29 d

791 1752 905 201 brugge Raphael Coots

1057 1818 2225 158 in antwort aen duwe van 21 & 23 deser fis wel dat ul het

1057 1951 2213 111 pack tijcken N3 heb gelaeden int schip van peeter blanckaert

1039 2009 2292 108 dan verwondere mij dat ul de vraght niet hebt bedongen, waerore

1039 2084 2186 124 dan in engelandt ordineir inreijelijck ontffaet, als iacob van

1044 2197 2195 99 herentale laest hier is geweest heb ick in sijn ƒ par sijn schip

1056 2294 2179 104 een partije coor naer londen gesonden, tis waer dat hij mij

1034 2347 2232 167 seijde met een ander schip naer roaen te sallen vertrecken

1046 2447 2262 122 en dat naer londen gedestineert was het sijn oock is ofte dat,

1057 2561 2213 147 nu op sijn knechte naem ofte op den naem van iemant

1042 2622 2247 135 anders is wenschte wel te weten op dat die oorden in het

1046 2721 2167 129 ongereet niet en raecken daer om bidde gelieft iacob van

1042 2798 2286 175 herentals daer over eens aen te sprecken, onse schepen van

1055 2925 2234 120 londen sijn den 18 deser naer gravesande vertrocken, en hebben

1052 2980 2268 168 sedert geen wint gehadt om over te comen, ick ben geintresseert

1039 3103 2296 131 als aenden vaet deser, waer van 1N 90: 91: en 92 ten arrivem

1040 3151 2284 177 op het spoedichste naer gent par bargie moeten gesonden word

1043 3258 2240 137 en de rest naer heste gelegenthijdt, wij hebben in de hollandtsche

1041 3336 2231 170 gaseste gelesen dat vier hierssche copers met france comissie

1052 3432 2177 148 een schip met stuck goederen en packen van de rivier van

1051 3551 2217 136 londen heeft afgehaelt ende dat duijnckercken op gebrocht, ick

1027 3607 2259 123 hope het geen van d'onse is, wat uwe des wegens weet en

1041 3724 2274 147 voorders comt voorde vallen gelieft mij promt te adviser

1048 3833 2141 116 het welck wachte ende blijve bidde den ingesloten van

1057 3914 2177 114 st £ 250:- a 28: 2 en ten laste Jan Roussel te laeten

1062 3974 1100 129 accepteeren, en te rugge senden

1200 3987 2097 165 Jan twijman  N88 met 8 witte cottons, 4 swanskins baeijen

1183 4113 1862 116 PB: de raes  „89 met 5 witte pack lakens 1 baeijs

1175 4209 2011 117 B Jan marlou „90 met 12 gemengelde ep: lakens 1 baeij

1764 4240 1555 155 „ 93 met 24 gemengelde fris etten 1 wit cott

1185 4275 426 135 ditto

1184 4358 2130 104 P Jan poppe „ 91 met 8 gemengelde spaense lakens 1 wit cot

3649 63 1705 187 enedene e e eae den

3655 171 2268 192 Aen boort Samuel hawkins 15 vaeten toebackx blaederen onvrij van

3646 275 1479 162 tol adroituer van costi over te staen & sent

5129 313 673 150 adij 29 october 1695

3335 312 720 153 brussel Antonij Rousseau

3503 397 2378 146 mons. i'ay la cher ure du 27 courant y iorut la remise de £ 380 a 92

3513 527 2434 140 sur van bavegem de gand paijable che cort puck en cette ville, ie procures

3495 603 2447 131 le necessaire et vous series credite, puisque ie suis en cesperance que vous

3504 653 2439 193 obtiendres quelque chose de mons de smet et attendant le succes ie me

3487 784 162 101 dire

5161 808 646 209 C 28 dto 169577

3366 856 649 207 Jan Jame uilliot

3696 996 115 76 olle

3473 958 2392 209 Ick seynden ul p wagens ord. toegesonden een paeqken gemercke A.B., om daer mede

3471 1096 2388 173 te volgen d'ord. van me and. Rabeau van Dornick, den insout is,  inlantsehe

3471 1216 2442 185 gevorfde laeckens, & ½ eng gemengelde laeckens, & 106- castoen lijnwaet, weerh

3461 1334 2468 152 £8-  om £8- 14, tjte: het noodige, gelieft te besorgen & de oncosten op jn reasen

5332 1516 281 144 6 29 d.

3367 1479 653 193 Brussel Franci Jacops

3473 1659 2375 138 versope ul goede, suyt comste, volgens ul mondelinge ord. van gesteren, hebbe ick heden

3470 1723 2430 186 rourtschip ul toe gesonden, een pacqen gemerckt T.PB. daer jn, de 21 flanellen

3837 1831 300 90 in conen bore

3483 1849 2374 147 aen ul vercoght volgens mede gaende facture, bed. cos gelt.. ƒ1103:62-

3478 1929 2400 191 waer voor mij, gelieft te ere ende jn andere voorvallende ve. leberlijck Jan

3453 2026 2372 194 Ick sal tegens 't eijnde van de naeste maent van eernige gelt disponcern

3325 2271 736 207 bugge Raphael Coots

3497 2358 2409 224 int antwort aen den uwen van 21 passato de 2 packen coorden die ick

3488 2484 2367 165 hier aen Jacob van herentals hebbe overgeleveert moeten tot londen

3473 2579 2397 202 geaddesseert worden Aen walter en willem kent bidde daer voor

3466 2655 2456 230 sorge te dragen dat de selve niet int ongereet en geraeken. godt sende

3481 2731 2453 241 ons londen vaerders behouden over, waer naer seer wort verlanckt

3467 2813 2436 280 haet de gemengelde stisetten verclaert worden als voor desers, want mij

3470 2940 2475 222 lust geen rusie, de prihcipaelste reden van dit schrijven is, dat Andries de bugh

3471 3027 2420 237 van costi 21 passato hier was ende om ƒ 400:- goet van mij heeft

3463 3099 2420 239 gecocht ap crediet van sijn moeder tot fgent, en nu om biet hij noch p

3470 3198 2408 236 stucken lackens, die over de ƒ600: bedragen, en alsoo hij voor de eerste

3473 3302 2455 248 partije sijn moeder tot geht voor borge heeft gestelt om dat ick hem

3468 3390 2460 235 niet en kende, soo bidde citissime mij te antworden, en u opiniu te

3464 3509 2474 243 laeten weten oft ick met gerusthijdt met die vrint magh handelen

3476 3615 2449 212 hij presenteert de weerde op 5 uso te accepteeren, waerover u antwor

3474 3680 780 154 te gemoet sien & blijve

5527 3775 276 115 2 gber

3328 3753 822 154 Brussel Anthony Rousseau

3485 3821 2363 142 la vre de 31 passé m'est fort agreable m'advisant d'avoir receu £50

3482 3932 2351 118 de mons de smet i'espere que le bondieu luy assistera pour continner

3490 3977 2302 162 payer tout, n'avez vous rien luy proposez, pour facdliter a le

3492 4068 2292 124 discharge de moy 3 un mot p occasion puis que cy comt ie vous

3476 4150 2281 117 envoy 4 autres assignations, com ƒ325 cont sur walravens

3481 4209 2307 177 ƒ 325: sur segen ƒ300 de change sur van Elsen et ƒ 180 sur

3473 4302 2381 151 jssels le premier payere a le presentation, et ie suis fort eurieux a
