8493 4602
1612 190 2425 134 loose mij assortiment & sale besides 3 itt comes now above £1100: -

1607 294 2383 141 lost, by that damd Rott convoy & your ill menagement & my ware

1619 330 2385 202 house unassorted, & have you neglected the 10 northrens that was ordered

1613 434 2291 223 for london, so shall be in a poore condition, I have acctt & patt

1627 521 2395 195 N 60 aboard John poppe all the light cullours are not well, & what

1613 624 2442 247 you send for peirle, I must tell you again are not to the patt sent beeng

1634 700 2389 260 upon thered insteed of blew, therefore send no more of them & proceed

1643 803 2419 203 buying the white & silver grayes mockes & rest of my orders to be shipt

1640 942 2444 176 when opportunitie shall present, & lett in the nord be bought 36 northrens

1660 1011 2374 191 clothes to the inclosed patt & instructions 12 thereof to be sent up to

1651 1082 2417 207 london for ostend the rest for hull for the first convoij for Amst

1659 1232 2345 183 order also 40 white bayes from 37 a 38 p to 44 a 45 most

1657 1305 2389 210 about 40 p, 20 baeyes of about 60 p, 10 of 48 a 50 p & 10

1655 1425 2391 214 of 40: to be 2 packes & 30 white kersies 30 yd butt for them no

1650 1518 2386 223 great haste in hope of a falling in aprill next, when the great

1674 1650 2386 164 hurrey shall be past, as also for the bayes, butt cloth I must

1659 1713 2460 193 have & the packs assorted with of 6 of 5 p clothes & 6 of 4 p clothe

1662 1861 2401 187 of each some grayes & modish that the assortiment bee of all what

1660 1923 2430 162 where in loose no time, the ships from london tarrij longe god send them

1654 2023 2354 162 safe inclosed £100:  on wild coaper & £200:- in 2 bills on david

1663 2111 2345 204 becceler & comp, procure the needfull & advise what passes I whilst I rest

3520 2215 412 139 14 meirt

1662 2250 340 158 Rover

1676 2276 2424 212 d'ue van 10 & 11 deser ontfangen & mits het dogend weder nu so verwaghte

1673 2385 2360 182 de hulle packen haest hier, biddende toch geen tyt versuyms worde tsal

2261 2522 58 61 Els

1680 2473 2337 180 my aengenaem sijn dat de geremitteerde £140:- betaelt sijn, hebbe ue

1671 2588 2376 143 voor de geremitteerde £300  a 31:8½ en gecrediteert, tis een laege

1671 2675 2422 141 wissel & can niet bedencken, dat dat soo blijft vallen, & soude my weland=

1689 2747 2380 150 =meren meerdere partije te geven, te meen om dat men hier a 1 ¼ noch meer

1691 2839 2350 143 brieven als gelt vint, derhalven verneme geirne ue opinie, & advies als

1683 2930 2329 153 mede ofte een convoj naer hull staet te vertrecken, ick hebbe by het

1687 3002 2342 184 laeste gearriveerde, tot Rott weder schaede geleden in tship van cwrset

1491 3104 88 115 d

1706 3097 2302 198 Colthnnst door een franse caper genomen & nu in 3 reysen bj die

1681 3205 2365 170 malheureuse rotterdansse byde £1100 s4 quyt geworden naer groetenise

1668 3347 221 139 blijv

1450 3411 994 152 Londen Richard Southell

1695 3433 2372 203 sence my last of 3 cur non from you, I hope that hath reached

1703 3589 2409 172 your hands in time to send the kersies, therely ordered with this exspected

1684 3662 2401 177 convoy for ostend, now I intend further to trye your buying in the

1684 3739 2385 168 nord incloth though the kersies & bayes last send bee yett in Amst & if

1714 3812 2307 182 this commission those proure well & that I finde your mans buying

1698 3934 2351 140 dressing & well, you may exspect larger orders as also for london

1713 3992 2335 183 where plase to buy a pack of span clothes according to the inclosed

1705 4101 2415 191 patt & instructions to be send mee p first convoy for ostend, lett mee

1709 4197 2400 162 have subtantiall clothes good spinning & above alle a vaide s happy

1702 4251 2368 212 & thrad bare goods & dull lost, for you know a loveley  give a

1732 4359 2211 161 good eye in sale, lett the northrens to be send up by land to
