8200 4733
1283 197 2074 157 Dan rotterdam op Antwerpen Adij 18 gber A° 1696

1083 279 1270 168 int schip van de wed. due 2 packen

1104 335 1717 179 N 35 met 5 witte pack lakens onder de ƒ90:-

1446 444 1362 153 1 wit cotton oft frisaert onderd „30:

1120 534 2226 229 N 36 met 20 witte flannellen 6 witte baeijen & 1 wit cotton

1454 677 1862 151 oft frisaert samen 27 stucken door een onder de ƒ30:-

1107 737 1432 207 int schip van Jan pauwels 2 packen

1116 850 2257 189 N39 met met 12 ordinaire gemengelde ond couleure lakens

1441 957 464 130 onder de £

1468 960 1263 222 een wit frisaert onder de ƒ30:-

1142 1095 2148 204 N 40 met 12 witte frisaeden ofte cotton 6 daer van te

1456 1195 1837 195 overclaren onder de ƒ 30:- & 6 onder de ƒ40:-

2956 1302 252 110 19 d

848 1280 889 204 bruggeraphael rots

1130 1340 2212 169 in antwort aen dunie van 9 & 16 deser bedancke ul voor

1116 1467 2219 165 ul promt advies ter wijlen ick hope dat het convoijschip

1110 1576 2251 133 de S francis met 26 stucken bij de rest vant convoij sol

1096 1627 2257 184 geraecken, & sal het selve dan noch niet te fussitant sijn

1106 1748 2277 153 godt wille behouden retour geven waer naer seer verlange

1120 1843 2185 124 omdat den tijdt van vercoop meest gepasseert is. en door

1111 1961 2213 117 het lanck tardement ons groot naedeel voor comptesonder

1120 2031 2194 114 de gemelde packen is noch gelaeden int schip van richard

1119 2113 2213 139 hourlatson & 53 met 24 enckele dosijn lakens & 1 wit cotton

1128 2198 502 108 int schip van

1139 2196 2249 194 paulusde manck 54 met 12 gemengelde dosijn laken, wit cotton

1145 2311 2193 151 tot terdilure, ick bidde mij wijders te adviseeren oft voor

1126 2411 2131 125 schreeven schip p. francis sal sijn uijsgerackt ofte niet

1122 2494 2216 133 en wat van onse scheepen van londen vernemen sult

1121 2600 2182 125 daer benevens soo het convoij van ierlant arriveert het

1134 2680 2210 124 selve kenbaer te maeken, om dat geassureert hebbe op Jan

1133 2766 2284 161 heigh & sames hose van iersant op ostende vrij vande francen

1111 2852 2283 174 wleruyt besluijte dat die scheepen eenige vrij pasport moeten

1122 2950 2204 125 hebben, waerover ul sich sal comen in formeeren om voor

1122 3018 2222 168 Adriaende raes is mogelijck die te besorgen wat wijders

1134 3114 1573 147 passeeren sal verwachte te verstaen blijve.

2984 3192 215 127 19 d.

837 3198 1128 171 Amsterdam geraert rover

1135 3237 2259 172 duwe van 9 & 16 deser sijnet tijde wel ontfangen sijnde volgen

1132 3380 2228 140 den eersten voorleden donderdagh eenich partije tot 34  5 op

1132 3437 2192 189 londen 2 uso gedaen, hebbende mij als dan tot dien cours bedint

1141 3567 2166 130 maer heden heeft men onder de ƒ54:10 iet willen trecken

1125 3634 2210 156 en sien wij morgen brieven van londen te gemoet die ons

1133 3712 2225 144 voorder de cours sullen stellen sende ul advies van 16 deser

1136 3847 2190 105 mij seer aengenaem & ul sal mij altijdt dienst doen bij ver

1124 3933 2268 132 anderinge van de wissel op londen advies te geven, omdat van

1141 4020 2274 140 daer & derrewaert wel mijn pom apalte negotie is & princip

1121 4096 2102 125 alijck met dese tijdt, dat soo veel veranderinge voor vallen

1124 4191 2259 106 soo het convoij van hul in de maetwel arriveert sal ick van

1137 4265 2277 133 daer naer costij geenrisico hebben om dat mij noorint oock tegen

1138 4337 2191 125 mijn ordre alle mijne packen op rosterdam heeft afgelaeden p

1147 4424 2170 97 ende alsoo ick in dat convoij geen betrouwe hebbe, hebbe bij

5913 117 71 89 24

3553 205 2466 120 naer al mijn risico hier laeten assureeren tot 3 p. CC dat een hoogeprem

3545 268 2477 94 maer 2 convojers ieder van 40 comen nu tegen de fransearmateeers

3543 360 2434 96 niet veel opposeeren, bidde mij te laeten weeten waer van e van

3542 438 2475 155 wat force het convoij van costij naer hul bestaet, op dat ick in assan

3518 527 2401 134 antil vervolgens mijn messures magh nemen op hope van te

3550 624 2422 140 verdienen, het gene op dat van rotterdam laete sitten. ick hebbe

3546 729 2468 126 het leste pack kersijen ontfangen & sijnder onder niet vercoopelijck

3538 793 2477 134 diffeereren wel 1  8 op stuck van die van Abram rilley, die vrinden

3537 909 2388 109 hebben l p. verschijde beurtlieijden 14 packen ieden met 40 stucken

3534 967 2481 124 kersijen hier aen 1 anonie gesonden & sijn de selve miets schartitijdt

3525 1054 2459 138 van goet alles vercocht & sullen sij daer bij een seer goede reeckeninge

3533 1164 2463 116 vrirden geeft den ingesloten voortganck & commandeert in alleo casij.

3468 1208 1029 143 londen walter & will: kent

5319 1250 634 172 Adij 19 gber 1696

3541 1311 2386 191 sedert mijnen lesten van 15 deser geene van ul, soo hebbe ick maer

3544 1455 2497 153 wijnich te seggen, wij sijnde alleenelijck verwacht ende de convoijere

3547 1515 2425 147 te sien arriveeren van hull & londen, wij hebbende noch geen

3551 1613 2408 192 tijdinge van dat van rotterdam waer voore ick seer vreese, om

3542 1716 2464 162 dat de 2 convoijen niet beguaem genoch sijn omde tegenwordige

3531 1769 2475 193 capers te opposeeren, daerom soo eenich ongeluck daer aen overcome

3525 1895 2361 187 gij moet mij senden swaere & andere baeyen & kersijen voor

3538 2013 2305 180 Amsterdam, welck convoij ick oordeele nu tot hull te sijn

3540 2132 2346 138 adviseert van wat sterckte het is. ons convoij vertrock van

3529 2221 2365 171 ostende 15 deser, maer wij sullen te grooten risico loopen soo

3543 2326 2331 136 er geene engelse convoij bij gevoght worden ick verlange te

3539 2417 2450 218 verstaen wat passeert, & als alles over is, soo sent mijne reeckeni

3467 2513 1190 166 ge courant. ter wijlen blijve.

5515 2567 99 108 o

3475 2593 893 159 brussel guill: walravens

5427 2640 208 141 19d

3523 2725 2411 129 ick hebbe gisteren aen ul de reeekennge gesonden van 4 lakens 89

3543 2804 2396 151 kersijen die ick hope heden bij ul sijn gearriveert d'ander goet is

3553 2880 2429 154 heden aen de marie gecomen, & vewachte ick het selve morgen

3549 2976 2392 135 middagh hier & sal het selve ul aenstaens toesenden gelijck ick

3544 3070 2400 171 ul hebbe geschreven, nu hebbe ick ul brief van 17 ontfangen, waer

3534 3140 2457 201 mede ul 400:- courant gelt voor mij hebt betaelt aen mons. roussa

3542 3259 2445 160 het gene op ul reeckenge hebbe gestelt als mede ƒ500: die ick heden

3542 3328 2448 204 op ul trecke op 1 dagh sicht par cas te betaelen aen d'ordre van

3529 3416 2486 241 th theodor Brockmans biddende het selve diens volgens te verheeren

3547 3528 1262 168 te verheeren sal ul verobligeeren

5499 3594 238 160 19d

3461 3564 907 188 brussel Anthons Roussea

3546 3669 2465 242 en responce a la vre de 17 court le S. consillion n'a pas aucuneraitr

3514 3789 2481 194 de refuler acceptation a ma traitte, car touts mes offices contaluy

3546 3918 2422 166 pour rien, mais en payent les trois cent florins m'importe sil

3536 4022 2457 161 veult voir 3 mois de temps pour satisfaire le reste mais ce sont

3526 4071 2455 169 degens qui ne merstent point quon casse sondivoir pour euxise

3549 4205 2436 125 suis par difficil pour servir par cemplaisance mes amijs, mais gene scais ianis

3546 4263 2395 172 souffrin des centradictions, apresque les ordres sant excintes cependant vous

3551 4358 2419 139 me ferez la grace d'escrire, cequilarra faut peurle messager d hath
