7915 4588
2422 119 727 144 adij 10 Julij a. 1695

776 131 994 154 loven Adriaen Everaerts

1056 172 2267 185 volgens den u.l van 14 desen sende ick u heden met den bode schonn

1038 323 2277 129 het super sijn laken N: 123 .. 25 ¼ .. a 33 ½ a ƒ 5:10.. ƒ 185:

1035 388 2287 163 te betaelen in courant gelt het laken is meer wert volgens dat

1026 481 2257 150 het nu gaet met de nieuwe die dagelijckx comen doet het

1034 544 2256 165 open gij sult het soo bevinen, want het u dan beter als nu

1040 644 2245 171 sal bevallen, volgens u ordre sende ick oock eenige staelen

1051 765 2275 143 van blauwe en swerte is tot u dienst gelieft te command

1151 853 2160 165 N 88½ 5:12. 24.5.5. 164:5: -27:6:-10. 4:8. 14:4:15

1174 952 381 94 18.4:4

2811 994 217 146 d

761 969 1074 193 brussel wed: vander borght

1037 1080 2266 190 al hoe wel geen antwort noodich was aen den u.l van 12 deser

1044 1198 2268 105 soo dirfte even vel niet voorbij gaen u.l met een port van

1048 1248 2271 216 een brief te belasten, om u te bedancke voor u.l particulier

1035 1346 2179 197 affectie ende genegentijdt, dat u.l aen mij meer genegen

1034 1449 2148 161 te geven is als aen een ander, om onse oude kenisse te

1043 1560 2121 133 mentineren het welck oock de reden is dat ick wenste twee

1049 1619 2267 192 pack lakens te hebben, dan soude ick u het een hebbe toegesonden

1029 1705 2282 196 maer met dat ick maer een en hadde, en die soo marckelijck

1038 1819 2206 122 meer vercocht wiste als ul presenteert, hebbe de selve soo

1030 1886 2236 167 gelevert te meer daer toe geanimeert sijnde omdat u.l tot

1053 1971 2119 171 brussel a £19,15 can koopen het welck ick u bij deser

1036 2085 2077 142 als windt moet raeden te doen, ick verwachte met het

1027 2154 2174 165 eerste convoij noch een pack die ick met de leege wissel

1042 2265 2230 155 heb betaelt, daer ick dan wat beter sal comen afschijden, ende

1044 2326 2198 177 tijdelijcke lemusse sal geven, ick hebbe nu noortse en andere

1028 2400 2179 189 goederen genoch, en verlange maer naer de ordre van

1022 2487 739 146 de vrinden blijve.

2537 2514 286 151 18 Julij

741 2568 805 171 amsterd: geraert rover.

991 2607 2289 153 in antwort aen duwe van 14 en 14 deser ick hadde voor ontfanck

1013 2737 2305 108 der selver mijne erreur al uijt gevonden dat bestont uijt het contant

1037 2823 2222 115 van den incoop van de 8 baelen wol welcke rekeninge belast is

1007 2878 2206 137 met ƒ9:6 cortagie gelt en hadde mij laverijs ka geschreven

1026 2963 2190 113 die wol sonder makelaer hebbe gecocht, ende ontfangen der

1023 3052 2203 121 alve uwe sicht met een ⅓ pc provisie uijterlijck ½ beworde te

1021 3127 2141 134 vergenoegen omdat vercoop en ontfanckt voor ditto ka is

1008 3207 2243 128 geschiet en door u.l alleen de betaelinge, wijders debiteert ul

999 3296 2237 120 in mijn rekeninge courant de ƒ1797:11 a 4 ½ pc ƒ1720:3

1000 3352 2320 148 het welck behoorde a 4 ¾ te wesen differeert ¼ pc tot mij preimd

1003 3423 2255 137 ƒ10:10 voor cortagie van £1400: ostet sijn maer courant

1001 3503 2234 139 en geen banck gelt het welcke voorschreven erroren tot mijn

1009 3620 2307 117 naerdeel gelieft te reddereceren om dan dese rekeninge samen te

1024 3709 2209 125 sluyten sijnde ul gecrediteert in de selve voor st ƒ200:-a

1005 3776 2222 131 28:7 op abram natan, ende op de nieve voor st 200:-

1000 3851 2268 140 a 28:7 ten laste hendrick furnesij in londen het welck ick

1014 3986 2289 137 wel wenste geen geaccepteerde brief waere, en noodt geaccept

997 4016 2215 198 brieven aen veerden die over see moeten uijt vrees van

991 4136 2214 151 genomen te worden en voorder ongeval gelieft mij de

990 4207 2141 195 seconde en derde te besorgen tot u ramboursement

990 4316 1265 134 remitteere als aen den voet deser

3618 158 1499 181 £210: op Jacobmendes gama

3738 265 927 170 140: op hut coch

3981 333 1942 185 Ixpedisn aen ingeslot en accptatie de £150:2

4013 448 1616 161 last vignaer Janm & wedersne

3320 525 675 169 Ath Daulmarien

4982 565 715 157 adij 18 Julij A. 1695

3517 649 2312 156 sedert mijnen 14 deser den uwen van 13 ontfangen met de remise

3500 740 2385 168 £53:8:- ten laste carel vinck die die heeft betaet in wisselgelt

3507 810 2463 178 gij sijdt daer voor gecrediteert, is niet anders tot u dienst commandert

5108 933 208 125 18d

3319 930 632 203 Ath andre lison

3497 973 2337 180 int antwort aen duwe van 6 deser mons: wijnendael tot amst: eenen

3508 1098 2371 158 coopman, maer geen procureur en seght dat he pleuterdement van u

3504 1173 2353 167 self comt, om dies dat gij alle u pampieren met u genomen hebt

4637 1243 205 69 worden

3496 1253 2468 189 dat de selve te leeuwarden gevracht, en dat sonder de selve niet can geschiede

3315 1334 814 192 Londen wall & Will kent

5410 1378 293 113 18:d

3493 1412 2425 178 sence my last of 24 cur, no post come, so have butt little to writte

3491 1538 2382 131 biferringe you to my formans am in exspectation to know what passes

3497 1651 2381 119 remitt you inclosed £650:- as hereunder which pray god send well to

4922 1678 372 73 & advise mee

3483 1731 2329 132 you, because thereis by an accepted bill procure the needfull pest

3661 1792 1061 152 £200:- on henry furnese

3874 1875 873 106 200: on henrij nat han

3855 1949 1203 134 250: in 2 bills on hernam olmins

3742 2045 2158 147 £650: nclosed £150: in second remitted you y cun

3674 2160 2262 178 which is sand to be taken by the french so copit pricus

3329 2255 1064 205 Brussel Anthon Rousseau

5470 2330 147 155 19

3498 2359 2375 213 Jay les vres de 11  16 & 18 court trouve mon erreur a vre preiudice

3498 2478 2387 168 en la partie de 8 jui de n'estre quel 276: 18:6 en et puisque vous

3495 2599 2456 137 avez verifie tout la reste ie vous ay credite sur compte noveau pour £188:6:8

3512 2673 2369 146 vous priant de marquer vre approbation sur cette somme ayaut paye sur

3505 2793 2352 119 ditto compte £150:- pour les 3 lettres mentione, & £34 pour

3492 2900 2404 94 mad. wigans, iil est bien que vous accorde a ladvenir une provision

3504 2918 2364 179 reciproque sur quoy vous disposerez de moj sans limitation, et serois

3507 3046 2441 131 bien aise d'avoir lhonneur de vous vois icy il est estrange quon retard

3999 3107 52 58 16

3504 3106 2397 164 si long temp les lettres derentes touts les autres de cette ville en ont

3497 3212 2415 114 leurs & pour dire la verite ma belle soeur qme demand les sienes au moins

3481 3305 2348 113 a fois p iour, raison pour quoy ie vous prie de solliciter lexpedition

3486 3377 2412 126 d'autant plus pres puisque ie sis pour satisfaire a la bonne sexe

3498 3464 548 157 puisque ie suis

3316 3527 830 188 leyden hendrick hermanse

3497 3600 2401 202 ick heb u brief van 19 deser ontfangen, en ben verwondert, dat gij

3489 3734 2451 134 noch maer 4 lakens van ka bij u hebt, de 3 moeten swert sijn

3484 3804 2465 177 vande alderbeste verf dobbel stael en N°.35 moet carmosijn wesen

3459 3871 2492 199 het alderschonste ende bruijnste couleur dat men verft oft anders kan

3490 3976 2454 206 het mij niet dienen daer om sendt eenige staelen dat ick daer geen onge

3491 4026 2367 206 mack mede en hebbe, gij moegh mijn goet niet te lanck recke

3488 4127 2285 170 op dat het niet te dun, en valle, en alsoo eenige van de leste

3499 4234 2464 140 wat te smal vallen soo moet gij particulier letten dat sij altemael

3488 4289 2455 152 2 a binnen de lesten vallen voorders berijdt en porst het goet gelijck
