7861 4607
2391 133 799 127 adij 30 maij A° 1693

613 166 968 192 londen Johan de maiter

881 226 2378 233 sedert mijnen lesten van 16 deser geen van u.l desen dan sal alleenelij

891 344 2354 143 dienen tot kermisse van het arrivement van het convoij van londen

2154 406 107 77 rel

888 410 2352 169 tot brugge, soo haest als u.l cormijne sal hier arriveren sal ick mijn

885 488 2326 178 uijterste divoir doen om te vercoopen, en ick sal advies geven

882 593 801 131 vant gene passeren sal

2767 576 229 137 31 d.

611 671 1047 137 gent francois: herrebout

896 686 2359 210 soute van occasie den u.l van 12 passato niet beantwort, het convoij

899 862 2305 121 van londen is te ostende gearriveert, waer mede ick eenige packen

899 900 2355 166 verwachte, die ten deele te schepe, en andere te wagens moeten voorts

906 988 2326 146 gesonden worden, en alsoo ick geen tolbrief en hebbe sult mij cito laten

890 1057 2362 154 weten hoe veel tolbrieven dat u.l van mij heeft gedaer en tusschen sal

902 1133 2305 146 heden oft morgen bij ul arriveren de packen  N°63:64:67:

887 1207 2372 197 en 68 soo die comen die moeten te wagen gesonden worden, draght

893 1289 2218 126 oock sorge dat een beurtschip ofte 2 gereet sijn om dat veele

888 1354 2255 173 packen met de bargie sullen comen, en dat wij mogen daerin wat

902 1442 1845 179 promt gedient sijn, gerende advies wat passeert blijve.

2649 1530 102 109 om

2716 1523 230 137 iunu

620 1534 859 176 gent iouff: de buck

900 1627 2202 134 den u van 14 passato op sijnen tijdt ontfangen ƒ6:16

878 1707 2361 139 is wat veel afgetrocken, en tegens mijne verwachtingen, daer bij

876 1790 2364 151 den tijdt van betaelinge wat ruijm genomen, even wel ick sal doen

889 1863 2365 158 al wat mogelijck is om u.l te dienen, maer magh geen schade doen

884 1958 2368 115 ingeslotene 3 staelen van schoone carmosijnen, ende de prijsen daer

878 2062 2242 133 bij de selve u.l gelievende ofte eenige daer van commandeert

891 2093 2335 204 liberlijck als mede soo uwe eenich swert oft hollandts blauw goet

874 2216 2137 153 gelieft ben present seer wel voorsien, naer groetenisse blijv.

1424 2294 1656 174 N 4: a 51 ƒ 6:10. 203 ƒ6: 508 ƒ6:10

2707 2424 272 120 ditto

624 2429 1371 135 mechelen mons van hack den iongen

898 2508 2315 121 in antwort aden u.l van 3 passato hebbe present wijnich spaensche

1486 2587 147 78 dan

890 2589 2369 186 lakens bij mij, en alsoo ons convoije van londen gearriveert is, hope

898 2685 2352 163 ick de goederen tusschen dit en 14 daegen alles hier sullen wesen

891 2747 2335 183 gelijck ick u.l dan oock sal laeten weten, wegens gelt is altijdt

892 2852 2156 157 wille co. waer in ul can dienen commandere die blijve.

2678 2940 206 96 ditto

618 2916 892 164 brussel govaers ververs

897 2957 2305 154 met verwonderinge gelesen u.l brief van gisteren ick hebbe mijn

887 3072 2374 147 leven noodt gedaght 10 st p a iemandt te oversetten, ia soo veel bij u.l

888 3148 2309 114 te willen winnen. ick ben seer confues dat ul sulcken gedachten

894 3234 2365 116 van mij heeft, gij wet immers wel hoe geerne, en met wat affectie ick

878 3311 2334 116 aen u.l vercoope nochtans sal ick moeten patientie hebben soo ul.

892 3384 2355 127 die 3 lakens niet en begeert gelijck ick die hebbe gestelt vochen

893 3500 2325 86 u.l gelieven de selve weder te doen packen tusschen de 2 barders en

887 3523 2368 126 matten, en per eerste beurtschip mij weder te senden om u promti

876 3596 2368 110 betaelinge hebbe ick die soo goeden coop geset, en inder daet N 25 bij

880 3707 2345 116 naer sonder winste want soo mons. vander clooster de weergaeij

890 3763 2295 127 gehadt heeft tot ƒ5:10:6 dat meer om het vervolgh van sijne

872 3854 2365 103 calandisie, als winst geschiet. en dit N 25 cost mij soo veel als dat

875 3916 2371 111 en valt noch 2 a corter ingewolt, en alsoo ick dit goet self fabrikere

894 3985 2365 147 soo heb ick mijn gelt daer voor al over 6 maenden daer betaelt

873 4091 2338 101 , en can ick dat bter w op geven als die van leijden bij beamus

898 4176 2298 110 want daer moeten sij noch een profisie betaelen, ende dese sorten

899 4222 2338 150 worden veel meer vercoht. daer en tusschen gelieft u.l met alle 3

887 4312 2255 146 de laken te houden, u.l magh daer uijt kiesen dat u.l. het best

896 4390 2010 98 aen staet en mij weder sijnder dat u.l niet gelieft

3492 169 2468 98 sal mij genoht sijn dat u.l met een onpartijdich gemoet oordeelt wat

5886 252 80 70 eert

3467 221 2509 172 gij siet blijve naer groetenisse. ons convoije van londen godt lof gearriv

3482 285 2512 208 verwachte veel goet met de selve tussendienst P.S. heb mijne rekeninge

3489 347 2458 186 van de 3 swerte lakens gemackt, en hermack en can niet anders doen

3489 441 2477 182 op minst als N° 24 3 st: op de a minder, N° 28 st 2, en dat om datse

3476 542 2448 144 bij u sijn, en sal dan in goets naemen een percento voor de contanter

3488 603 1643 138 betaelinge laten vallen, doet mij dat u gelieft

3302 644 2687 202 russel Rousseau en responce a la chertie du 30 passi iay negote auioindiud

3496 793 2485 149 une de vous lestres sur londres £100 a 30 en 6½ no poneert saive

3480 858 2162 156 plus a ce prib la, il fault don lausser pour lundie la rest.

5249 985 249 133 2 iunij

3305 998 387 154 onden Kent

5458 1048 239 142 JMny

3473 1065 2463 183 my last to you was 30 past sence non from you, so referre your to the same

3525 1180 143 79 Mi

3484 1155 2455 176 with lett be alwages for a gennerall order of shippinge att hull, butt how

4395 1236 113 74 1ast

4790 1244 176 76 from

3484 1258 2441 152 this last convoy arrived from Rott att hull without your knowdledge

3473 1341 2444 155 & that of your packs be brought over is a wriddle for mee, now have advise

3471 1452 2464 145 from Rott that an other convoj was gon for hull 10 dayes agoe where op

3472 1541 2444 153 the french capers have taken some ships, so thatt itt zeems those of

3465 1613 2402 164 Rott are vere malheurous, & not able to defend their merchand men

3470 1740 2392 118 & oors gives meerea this gives mee reason to belive, that they must

3470 1826 2421 108 make aturne for schotland, so that those of Amst will be the first

3466 1893 2341 133 departing wherefore shipt by them the 5 packs of which I have

3460 1958 2407 178 invoyce & the rest which you are approveidinge for Rott the more

3476 2052 2431 139 belause the Amst hath 3 men of warr, so hope that this shall come

3475 2138 2355 135 in time to have them 5 packs shipped that way, though my last is order

3474 2244 2448 130 enongh so to doe, the mere if you finde that the rott convoj was departed

3474 2356 2351 101 & whiich sence arrived att hull perhaps butt 1 of 2 men of warr, that I

3458 2404 2422 157 writt you the 5 past to ship butt 3 packs for Amst, when that convoy

3448 2518 2465 147 should depart first, was because I looked upon that convoy last arrived

3468 2614 2401 144 att Rott to consist of 4 ships & sence that is arrived & that of Amst

3465 2660 2431 160 now there & of 3 ships, so wish att leastt 5 a 6 packs aboard these for

3448 2772 2394 177 I question not, butt that you have readdy by this tome one pack more of

3464 2874 2431 144 kersies & one of cloth, which to ship for Rott, now I hope you

3466 2952 2441 155 shall observe what you are a proveidinge att london to ship some span

3470 3037 2392 139 clothes for holland principally those ordered 12 past & rather for Amst

3459 3088 2462 181 then Rott all the rest for the first convoij for ostend, this beeng the

3462 3234 946 159 needfull att present rest

5446 3296 296 159 2 Jusse

3280 3316 952 176 londen Richard Southell

3468 3350 2322 180 sende my last of 30 past non from you on the 30 past remitted you

3461 3476 2485 171 £ 230: due 7 cour on the gonverneur & comp of the bancq of England

3465 3572 2417 141 which I hope reached your hands, sence non from you, desire you to provide

3460 3634 2441 130 what remaines of my orders in london & to make all hast you can to gett

3454 3696 2392 155 all hull what ordered in the nord, hope part there of shall be shipped

3448 3791 2465 160 for Amst for take notice that I have rather shipped for Amst then

3448 3897 1763 158 Rott, whiel is of what passes desire advise & remaine

5317 3925 275 167 2 Junij

3289 3989 857 133 msterdam geraert rovers

3452 4038 2468 175 op 3 passato heb aen u gerimitteert ƒ 325 ten laste de wed. la fontijne 4 deser

3450 4168 2459 112 vervallende tot ramboursement van de gechte wollen hope die brief u sal

3452 4238 2464 109 sijn geworden gelieft mij te adviseren de cours van wissel op londen, en oft uwe

3448 4332 2439 107 voor ¼ percento soude disconteren de geremitteerde £360 st 12 toecomende

3441 4373 2434 105 vallende om dat op londen af te geven, hebbende op die selve dagh noch soo een
