8855 4622
2052 180 2231 100 geloove dat dese wecke dat werck bij naer sal geeijndicht wesen, was

2054 244 2238 136 beginnen die van schidam wenste aen mij de conditien geliefde te

2051 308 2241 140 seijnden als mede van die van costi waerin wij sullen compan

2053 401 2237 141 maecken om een goede partije in te leggen. het gepasseert

2042 454 2198 179 gelieft te adviseren en ingeleijde voortsganck te geven. blijve

1787 544 1022 159 londen wall & will kent

3786 554 491 138 8 gber 95

2050 657 2222 130 on the 5 cur remitted you £225 on d'avid becceler & comp. & ordr

2036 719 2228 148 you to provide 6 super fine clothes which now I confirme & desire

2042 824 2222 104 to be added as hereunder, to be a pack of 5 pan coo thes ly itt self

2029 896 2247 121 & the packwhites apart & forward them as by my last now have

2041 997 2225 92 before mee yours of 20 past, which bringes no bill of loadinge

2039 1065 2146 135 of N68 att Hull, which is not well, I have examined in your

2043 1150 2207 134 formar the notice you give of what the goods are risin, which

2040 1235 2235 137 is well butt I iudge spa clothes, mulh more risen, because the

2028 1296 2222 150 makers altered their handes, all cloth beeng vere thin, loot

2040 1423 2204 131 & of no strenght, & all these I have now receaved, I loose upon

2046 1485 2213 113 that I must sell them presentley, because by Egeinge they will

2027 1558 2242 158 turne to as slight stuf, for wee are all th substanerall good keavy

2040 1662 2183 134 cloth, the last packwhites I had are full fauldts, prays

2038 1757 2195 137 lett them  es now bought be well examined & spopped, the

2047 1878 2134 125 takinge of namur is a great vietory butt for brussel & our

2036 1939 1455 140 cash shall foile the bombes longe I rest

3812 2055 215 120 8d

1764 2020 1044 194 London Richard Southell

2023 2142 2144 167 In answer to yours of 6 & 23 past the pack N9 is arrived att

2022 2237 2216 156 Amst & you have credit for £80:17:11 & wwh 15 p mistaken

2017 2362 2217 120 butt I finde your charges att hull vere great, & ay kent delover

2001 2446 2208 103 their goods of the same weight & qualitie much cheaper aboard,

1993 2523 2220 98 your charges on the pack N4 come to £1018:11 en & N9 butt to

2009 2618 2190 121 £9:-: 11 en differs £1:8: for 2 bayes, I have examined my

2002 2727 2207 91 accompt by which I am due to you £69:13:4 en, which I hope

1988 2791 2253 132 you have not drawen on mee, or if you have itt bee at sight,

1996 2877 2219 144 & if you have not drawen shall remittr you att blight of ha

2004 2956 2235 125 veinge monneyer in london that cost mee butt 26 p a governe

2001 3064 2209 115 our opinion is the exa will not tisen much, though the mey

1988 3168 2236 109 of the bancq have baken momeyes att intrest & as the say shall nt

1999 3225 2246 124 draw, nor exspect remises fam london these 5 months, now name

1988 3295 2255 159 is taken no more feare for gand or bridges, I have a commosion

2008 3411 2199 107 from lamnel blewitt, for £150: pay you advice what men

2001 3464 1282 151 he be, & if o may freeley trust him

3652 3521 278 132 8 ditto

1691 3519 892 168 brussel govaert ververs

1975 3575 2238 175 ick hope ul gesonthijdt & goede patientie. mons verbiest heeft

1991 3722 2231 113 mij gisteren ul goet geordoneert schep te doen gelijck oock is

1999 3779 2226 167 geschiet, doch het pack No. 60 waerm het een geperst No. 8591

1987 3874 2237 141 is noch niet oecomen, soo heb ick allenelijck daer conen bij de

1981 3977 2212 123 No: 694 ick hebbe vergeten op mijn boeck te teeckenen welck

3768 4062 121 62 taen

1982 4057 2244 149 van de 2 nombers ul hadt gecoesen gelijck die op het notitie

1968 4125 2189 106 ul medegegeven, want alle onse lackens worden nu in 4

1977 4228 2229 125 opgemackt soo heb ul dan naer mijn goetduncken het beest

1979 4328 2217 119 van twee genamen & als het andert pack hier is sal ick dat

1974 4390 2214 116 oock doen ten waere ul schreef wat nomber dat ul begeert

4452 231 2433 89 gelijck het op u memoieken staet ingesloetene de facture den heere laet het

4421 268 2402 115 u tot contentement geworden, en heeft ul aen mons van den clooster

4443 367 2448 127 van frisaerden swaere baeyen oft iet anders gedient te sijn commandeert

4422 409 1712 157 lieberlijck die naer hertelijck groetenisse blijve

4280 561 516 159 London Henry Collies

6130 557 572 182 a 8 ber 16959

4262 654 188 141 nclale in

4458 643 2334 172 S. I am debtor to yours of 12h July last, sent mee, under covert of m. Richad Souchell, by

4403 759 2405 138 delves dircchon, & sope, this will read your gandes, att fuse, I tlanck God, hat you are

4395 850 2426 141 in good zeald, nott doubting, butt that you are fulley please, & resigned, in will of Gad

4408 976 2420 112 y inoy as mudr contend, as ever you did, before, your leders, give mee more

4402 1040 2442 122 content, in chese occasions, then othees, that afford mee profitt, there fore, loose no oppor tmute

4405 1130 2398 133 now, & ce, to account mee, now you do. I have nott found your son nede hace my

4401 1257 2384 98 freind att Pares been able, to dehoer sim, your lader, itt may bee ie is

4390 1310 2271 158 staie for else where, butt ie doh, vere sll nott to accome in facke, of io late is.

4395 1438 2411 109 I rjver heaed, of your confin franchliw. I would fave a shised som, if, not, wiih mony

4390 1497 2417 120 it least ish my service, & nuly, for your sake would do more then for any oth

4373 1623 2451 126 dn the world, itt may be re is dead, for the sughises, have foughts leke eon, & don

4403 1736 2408 90 each, as muet, as dey others. made thefranch treack derdares, I do not beleave tlat

4383 1786 2389 130 over, so great a retory, was made, by tke Enghicr, sence the natune is knowne

4393 1897 2405 140 eton by gothinge namne, whene in there wes a full asmee. & the vere best troupe

4374 1977 1122 175 of france, God grand un gace

6158 2069 593 201 a8 du 16917

4260 2144 594 127 onden Samnel blewrch

4387 2204 2375 176 oI ave yours of 20h gar detfere with, an order of 80 of tykes, will I shall provide

4338 2320 2466 153 tere first, & though, I can fave thin, cheaper, thon ever, before, so doubt, if they shall

4387 2414 2407 150 furne to accoumpe, by cause to tre lan apeiere, because itt is a present ( 27 st

4385 2534 2389 116 deut ever no endeavau shall be wanching to serve you, to content, wlere one yu may

4385 2623 281 113 gelie

6179 2681 545 195 6 8 sepri 695

4251 2740 552 167 nmer Phip Livrond

4384 2807 2369 197 grace Cia, que je vous, quis escrire, en cere occ je ve tousait d'asprendze

4392 2953 2322 150 que vre graced, a tout vrd. famille, soyez en bon sante, aprestant, de dangers, &

4381 3017 2386 167 affliction, & qui le bon dien vous e u vos ami, as sorive, la vie, & vos brens, &

4381 3139 2401 145 rendent que nous trionfors, d'one si grande rretore, je ne peu pas mancquis, evons

4377 3254 2390 105 eongrabiler, & a misme temps, presenter mon senvice, tant af des drapt d' Engleterne

4392 3328 2390 155 que d'olande, estant e present, assorty, de l'ane, & de l'aute sort, en selle abbondance

4379 3429 2389 139 qui je ne pourray pas jamais vous end jamas pu de servcevous paiant

4375 3520 2350 144 de me commender, en tont ce que je vous qu rendre servce, qui que vous

4372 3583 1669 187 me faires grand plaisie d'un not de respence,

4248 3760 693 173 Rcheden Cauwenbergh

6171 3766 300 182 11 ditto

4238 3897 678 110 ent Pater mesdagh

4361 3885 2460 156 volgens ordre van sijne R door frater bellemans mij toegesonden te hebbe

4363 4039 2400 113 ick gisteren per wagens tot ul gesonden een packxen tusschen 2 beerders

4371 4137 2413 112 wel gecondittioneert inhoudende een seepwit packlacken EE geelmerck

4356 4218 2426 141 te betaelen in ecurant gelt f 150 volgens voor deser geschreven

4348 4283 2399 173 dit laeken is seer lanck a 42 doch daer sijn in 3 clijne scheurkens

4340 4353 2330 160 die even wel int versnijden niet sullen letten doch ick consideratie
