8183 4601
1186 153 2198 137 suspicion de nulle estect. cependant il y a une si grande greantite

1197 192 2215 180 en cette ville quil ne sera pas vendu a un amme et la vre estant

1193 310 2206 153 en traff brune nonobtiendra iamais plus pour bien gaineir au beento

1182 383 2205 122 tabacq, il faut envoijer tout isone come il y a encore dans

1466 450 742 84 pour le quelle chaciendonne

2968 482 303 86 10 parsonne

1193 481 2204 188 la ville com ice qu'on veut pour vos galles & pastont a u

1197 572 2177 125 ie fait la preposition jijmentioné est change resolution et siqui

1182 683 2221 131 faut patienter avec vos galles et non obstante que sont plus cher

1185 767 2210 150 a londres et memne que non aurions pas de marchandise d'anglls

1183 817 2125 197 en 2 ame ie ne veus pas d'apperance pour vous de partir

1184 917 2216 161 cette negoke sans vre parte. cependant le change leffera pas on

1181 1054 2148 131 une mirakle a 6 a 8 mois il manque trop a reculer iaures

1186 1131 2180 124 ne pas resirer £650: si met argent n'est seret pas a londres

1172 1209 2218 149 et les d'antelles, sont ieij tout argent contant et dans moins que

1153 1286 2209 167 q semaines il me faut payer vos £ 400:- ie vous consiel de

1173 1398 2174 140 ne pas envoijer oe un marchandice en cette quatier, car quand

1180 1497 2115 109 il est icy il est come dans larser et on trouve de gens qui

1180 1605 2179 126 veulent fandere bien ou mal, iaij vendu de vre plom 32

1163 1687 2235 139 pieces a  20 ce quil rendra un pouvre compte non obstante

2767 1771 155 62 le pris

2941 1768 53 72 la

1173 1781 2097 119 est toutes mes divoirs ie ne peu pas obtenir pour la reste

1171 1890 2128 123 a chose quil y a au mois dix fois plus qu' en la besoing not

1154 1964 2249 141 convoije d'ostendee pour cadix a este prest pour partier de puisu

1187 2028 2055 182 mois attandant le vent favorable ie vous salue ie suis

885 2095 1095 213 Amsterdam geraert rover

2700 2140 703 183 Adij 15 meert A169

1166 2201 2208 187 de uwe van 5:8: 9 a 11 deser ontfangen de welck te samen

1162 2336 2219 181 u moeijte hebben gecost en mij geen profijdt gebrocht, evenwel

1145 2412 2069 183 ick vergenoch mij met het geval en bedancke ul voor cl

1129 2495 2234 204 promtitude, mij dunckt dat ick noch een lot te verwachten hebt

1137 2610 2200 174 doch alsoo ick mij onder de ongelsige bevinde soo twijffele en

1138 2692 2120 188 despers iets voordeelich, evenwel die van ƒ32:- en die

1154 2826 2227 166 van haerlem moeten noch getrocken worden en soo bij alles

1149 2861 2223 202 niet sal ick het in een beclagh te saemen stellen. op londen

1157 2984 2249 205 staet het hier in een doen 29 st 2 a 3 2 dobbel uso ingeslet

1149 3054 2189 218 een brief aen sulgentio steringh aen wien noch eenen

1144 3154 2209 200 voor desen hebbe toegesonden n voen mjen me egas

1132 3233 2238 196 hebt onff: hebbende geden n een antwan eee

1115 3348 2197 169 ordd den selven door goede hant worder colandight

1439 3420 1579 180 se sijnde de meeste reden dat het verraert

885 3495 774 181 London Samsel blewis

2889 3549 279 147 15 ditto

1148 3579 2189 194 on the 15 cur was to you my last sence nen foam you, yo tyhes

1130 3709 2216 166 had beneght made up in 2 pacres  gent to ostene hoecer to be

1140 3785 2188 187 ship therez in particular ips to devide the resico over

1159 3883 2187 176 convoj will bee reedy with in dayes I sall thes packes

1140 3955 2195 155 time for that convoy with out feare as I shull advise you

1147 4051 2255 194 & sent thebell of laadinge, whilst inlosed a necompt ofo the

1138 4157 2189 197 98 p. in the packes cond also I knaich the charges att to

1132 4257 2227 197 a fsteus shall tt to krowitt, to uake an ur fny noye

3531 190 2436 106 trate is thearer by 3 stis alls some mere tjhes by bonght unde

3527 258 2429 141 . a 5 sp the p ant some 10 st the n more these are all folloing

3542 362 2427 166 sqven because the pack thelesser, & 9 onverno I shall exspect

3527 443 799 174 p remises & rest

5102 470 868 199 Adij 15 meert A° 1696

3401 548 601 188 brussel Jan Jonaert

3515 608 2431 210 ick en twijffele niet oft mijnen lesten van 12 deser heeft ul genoch

3508 731 2449 163 same satisfactie gegeven wegens de 2 baeijen sedert den uwen van

3529 846 2424 134 den selven datum ontfangen en diens volgens gisteren par beurtschip

3522 946 2433 143 ul 7 witte baeijen ul toegesonden in een pack. T.L. maer het laken

3516 1019 2422 163 is hier gebleven om dat ick ul advies niet tijdelijck hebbe gehadt oock

3515 1149 2456 132 niet en hebbe geweten dat bidde soo oock gisteeren moest vertrecken

3518 1266 2461 136 oock hadde ick gedacht hij daer van kenis hadde en mij sulck soude hebbe

3529 1352 2403 137 laeten weeten oversulck moet ick andere ordre verwachten en ul

3527 1442 2089 149 advies te gemoet sien waermede naer groetenisse blijve

3404 1487 778 140 namus philippe lurond

5390 1554 352 148 16 ditto

3515 1603 2403 212 depuis maderniere de 8 court receu la vre du 13 ditto ensuitte je vous

3515 1720 2427 216 envoije pas engelbert le fonnelet du paisson a la double, le quelle cout

3498 1809 2497 269 ƒ15:- argent court fait 13:17 de change et puis que vous aves ordon

3509 1907 2385 182 mais il ne peuvet pas estre moins, car sil le tonnelet auret este plus

3501 1998 2452 181 petit auret pas pouves ensere le pousson entier ce mellieer casenier quil

5769 2035 205 125 de la ville

3507 2116 2402 184 a adesseer et que ie ne doit pas me quil sera a vre contantement ie

3491 2224 2457 188 vous asseures que ie eu en soing que comme seret pour un roij pour met

3413 2326 2527 142 I devoir que vous seret que vre amitie pour escrevis ie ne suis pas presses

3410 2384 876 174 brussel Anthonij rousseau

5410 2468 257 133 16 d

3458 2550 2439 179 Mons en responce a la vre de 14 court ie vous renvoije l'assingne sur henrij

3498 2609 2410 210 rijssels la quelle il payera a un mois non obstante quil ne veut pas

3489 2734 2502 169 accepte vous pliant de gardes quelque temps: i'ay responce de mons. franso

3480 2792 2455 217 cois Jacobs il nest pas satisfait de ma conduitte non obstante il nedit

3487 2886 2470 206 pas sil acceptera ma traitte ou poin raison pourquoy sil na pas accepte

3498 3060 2466 150 vous me le renvoijeres. pour vre remise de t £100: sur Jan du maistre

3474 3128 2510 125 de londres nest pas negotie on na pas voulij que de 29 st a chose qet

5740 3245 168 94 i di

3478 3243 2472 141 par la confusion a londres on marque tout prises il sera tous

3504 3318 1101 163 prochain ie vous salue ie suis

3402 3333 880 199 brussel Andries Aertsens

5405 3390 250 159 17 d

3482 3503 2463 173 in antwort aen den uwen van 15 deser bedancke ul voor de acceptatie

3462 3550 2500 205 van de £52:- als ul gelieft over te comen sult mij willecom weeskn

3475 3676 2448 153 daer en tusschen van engelsche roije lakens van de qualitijdt van ul

3472 3785 2471 184 stael ben ick niet voorsien en sijnde engelsche roij neffens de kersijen

3465 3893 2470 207 samen in prijs gereesen de roode die ick noch hebbe sijn van mevenge

3457 4009 2422 143 aende stael a 50st del mijne beetere sijn al vercocht waerin ick

3475 4107 2306 148 ul can dienst doen commandeert die naer groetenisse blijve.

3412 4130 649 131 russel govaert ververs

5493 4205 199 91 17d

3455 4192 2455 156 op 14 deser was aen ul mijnen lesten sedert heeft mijn h: peerboone

3465 4340 2489 134 mij gisteren laeten weten dat hij die brief tot laste se van haelen

3468 4385 2286 120 soude betaelen, waerop ick den selven hebbe gegeven aen mons.
