7754 4595
917 78 2156 154 te perfijn houre hille al hal sot van 70: 14 p ƒ panten

882 155 2344 195 coleure laeken dienen mij die coleuren niet en de prijsen noch veel minder

866 258 838 147 adviseert vatter voor valt

2624 280 502 146 2 maij 1695

604 356 925 206 leijden hendrick herremans

875 392 2296 179 hebbe op 28 passado aen u geschreven ende volgens soo verwachte ick dat de

873 478 2306 211 3 swaerten morgen in een pack naer heus sullen voortgaen aen

869 573 2317 176 om te senden naer tilborgh aen haert gorp voerman tot antwerpen

882 648 2339 166 ende dat blouw moet verbetert worde gelijck ick u hebt geschreven oft anders

892 726 2349 191 shiert die blouw verver heeft voor mij noch soo 3 stu geverft aen vromans

869 803 2342 189 en die en can ick niet vercoopen daer om seght hem vrijlijck can hij dat

878 891 2271 154 niet anders doen dat hij mijn gelt niet meer hebben en sal o ingesloten

878 1011 2227 139 een brief aen lauerijs ka die heden naer leijden is vertrocken met

883 1074 2254 140 de 2 laekens sluippen en trapde dam, gij moet, alle mogelijcke haest

894 1186 2314 126 macken om die 2 wel te bereijden en soo haest n° 29 en 26 oock gedaen

886 1213 2310 158 is mij sende die connen met het blouw samen comen, gij moet

893 1319 2296 150 u uijterster beste doen omdat ick daer om seer ben verleden oft lauerijs

1127 1412 200 71 miet en

878 1373 2367 201 ka bij u gewas bewaert hem tot dat hij comt en schrijft mij antwort

2602 1475 260 143 2 maij

903 1472 870 158 om vervolgens te regulen.

588 1580 710 169 bredael laverijs ka

880 1613 2231 189 heb u brief van 29 passato ontfangen en mij antwort quam te laet

881 1706 2298 204 flor was vertrocken soo desen brief sal u tot leijden vinden daer begere

877 1793 2351 143 ick geen wol gecocht, maer gaet naer amsterdam bij den heer roever

856 1873 2382 181 die sal u van alles informeren dan ist noch wel 8 a 10 daegen te vrooh

886 1949 2236 190 om goede coop te coopen ick wil niet als fijn goet maecken daerom cont

896 2019 2352 175 gij u naer advenant geguleren om fijn wol te hebbe het sij de alder fijnste

888 2107 2374 185 ofte naer advenant gij sut oordelen tot mij beste voordeel 6 ofte 8 baelen

876 2228 2329 167 en schrijft mij van amsterdam hoe gij het daer vint spock tot leijden met

891 2263 2362 201 herremars en seght hem dat hij op mijn goet wel moet letten carieus berijden

887 2339 2338 181 en cort genoch scheeden soo hijde calladiesie wist blijven behouden soo hij

868 2434 2299 175 wel doet dat ick meerder goet sal senden gaet oock eens tot leijden

883 2519 2316 189 bij geveerdt vromans en dat hij u alle mijne laeckens eens laet sien

872 2642 2316 201 soo die bereijdt sijn als die noch onder handen sijn principaelijck

888 2708 2296 167 de 2 leste tot kermesijn, en schrijft mij eens u opinie van dat

2610 2819 280 132 2 maij

887 2834 740 161 goet waermede blijve.

602 2910 708 184 bredael auerijs ka

895 2942 2253 197 u brief van 23 ontfangen floor was vertrocken soo ant worde

893 3050 2295 183 dese met den post de vloet is geariveert maer het sal wel 20.12

886 3142 2337 185 daegen aen loopen eermen te dege sal connen te recht comen daer

876 3264 2378 129 om waer het beter dat gij tot sater dagh ofte naeste naendagh waghte

884 3314 2253 166 de heer roovers mij dat soo schrijft oft cont gij 2 dagh 2 oft 3 te

895 3402 2204 144 amsterdam wachten dan ist wel gij sult eenen brif van mij

892 3498 2247 136 tot beijden bij hendrick herremas vinden daer in mijn ordre

881 3573 2272 155 is wat gij doen sult want ick wille tot leijden geen wol gecocht.

887 3639 2287 150 vromans heeft voorgaende vrijdagh met het schip op bredael 2

886 3732 2150 130 laeckens aen u gesonden laet de selve derse weke met ƒ1oor

853 3836 2405 154 seertwaerts comen en schrijft mij wat passeert om naer te reguleren

2611 3905 279 138 2 andy

877 3952 248 119 blijve.

634 3992 973 155 amsterdam geeraet roevens

886 4045 2381 173 in antvort aenden uwe van 28 en 29 passato godt lof dat alle schepen

882 4152 2384 112 die in Engelandt gelegen hebben, soo van bilbou als van cadicke binner

893 4254 2148 105 ben daer bij al wat geintresseert geweest, en van andere vrinden

900 4301 2100 155 verstaen welcke schepen daer intrest in hadde bij waren

3527 176 2336 144 bealven de maria ama schipper isaeck ianssens in mijne voorighe

3524 261 2459 119 memoie noch eens vermelt daer uwe doennaels bij noteren die, oft

3517 372 2479 123 niet bekent was heeter is hij met het engelsch convoij van cadie vertrocken

3511 430 2370 131 biddende de moeijte te willen nemen daer eens naer te informeren

3509 467 2479 181 en weijders versocht briefken eens laete toecomen. nu salmen hope ick aende

3496 544 2386 162 wal te recht comen lauerijs ka gelove heden van bredael vertroecken is

3503 628 2286 153 ten ware hij mijn brief tijdelijck hadde ontfangen waer bij ick hem

3499 724 2477 124 ordoneren noch wat te waechten ten minsten tot in de naeste weke heb hen

3491 787 2491 184 geordineert tot u te comen op dat hij sien magh vat u mackelaer u aenbrengeh

3519 872 2469 190 wilt vant hij sal best het goet kennen dat mij dienen moet wille voor eerst maer

3505 961 2475 195 6 ujterlijck 8 baelen hebben doch soo een aersaert te doen was en goeden coop te

3502 1061 2423 163 becomen was soo magh het 20 ofte 12 wesen maer in geen gevallen soude de

3498 1112 2483 223 elst daer van bij u moeten blijven berusten tot naerder order, en derder hebft

3489 1206 2465 144 naer bredael aen laverijs ka sien de wissel op londen en cost niet slijver

3503 1306 2489 130 worden ben daer niet haestich bij, doet als voor eijgen geloove heden weder engelsche

3503 1360 2469 193 brieven sult hebben, doch soo uwe dunckt dat het soude sijver worden soo geeft

3497 1470 2432 131 hechter naer geraeden. heden hebbe hier a 30 en 7 gegeven en heeft men onder

3510 1513 2376 167 die prijs geen goede brieven comen becomen. blijve u danckbaer dat uwe

3517 1607 2452 166 mij vrint andresi sou sal te recht helpen hij is een seer heerlijck man hebbe

3499 1706 2447 165 hem die rijs wille ontraeden omdat ick voor sacht hij daer niet veelsoude

3489 1787 2454 180 uytrechten dierlijcke occasien gelieft mij niet te spaeren. boets heeft noeyt

3480 1905 2501 151 van de bors ofte andere genijne vergaederinge geabsenteert als alleen 3 a ƒ

3485 1957 2440 162 daegen dat hij in hollant is geweest hu seght een ieder capitaelen

3503 2031 2483 209 intrest tot den lesten toe sal vergoeden ofte hij nu op dat seggen gerust

3507 2123 2481 229 sal gelaeten worden dan oft het gelt sal volgen leert den tijdt ben blijde

3499 2215 2495 251 dat uwe van avent van deul af is. die van rotterdam schijpven convoij

3500 2314 2389 192 naer hul gegeven te wesen ick ben van hun seer vervaert op dat sij

3509 2366 1261 163 en wij met hum mallerens sijn.

3295 2458 1055 167 LondenWall & will kent

5362 2519 287 112 2 mey

3489 2516 2379 183 sencee my last of 28 past nen from you have advise from ossend that

3505 2626 2446 155 our convoy will not be with you to seth our ships theoe  so you have

3505 2713 2338 155 time to provide what I ordered & past of the spans clothes of 14 past

3495 2818 2428 171 whese in pray minde my intrest for as soon a your marcett shall be better

3513 2954 2440 142 storred intend to imorder more, inclosed £200:- on david delgas & £100:

3508 3024 2348 140 on Joan du maistre procure the needfull & advise what passes, Ahope

3507 3108 2348 180 your English mon of wars will convoy our ships, I am told as if

3513 3174 2373 195 convoj from Rott was gon or is to go suderlay for hull, as yett note

3494 3298 2400 179 from Amst whoeves lett my goods thether ordered be sent to hull assoon

3494 3410 2410 144 aspossible & what northrens ate not al readdy maede up to be maede up in

3475 3498 2351 156 par lenghe in halve needley handeled & toilletted the lea is full of

3476 3572 2457 151 brench capers lett mee know every past what passes, principally about the

3501 3673 1548 157 exa beceause I would fow remitt more moriney

5564 3743 277 122 4 mey

3298 3784 540 170 namen Lurond

3518 3768 2355 199 enresponce ales vres de 28 & 30 passe ne me fiant pas ames draps

3519 3879 2365 159 assez fines iay cherche p toutte la ville pour trouver quelque chose le plus

3503 3972 2371 152 curienx et fine nois drap, comme ie vous envoy ple portenr de cettes

3514 4076 2462 100 En gelbert diendonne, bien conditione a 10½ ƒ 6:5 pat ary cour ƒ 85:12-

3513 4073 2471 219 pour toit lieus des planches & ensemble argent courtƒ66:8-

3514 4149 2401 177 le drap est lustre, sil doit estre sans lustre il le faut mettre n li

3506 4296 2373 110 et a pres secher, allor la lestre seoa passe et le drap taut

3506 4362 2299 113 il ma fallu danier cette pre laet iay paye en argent content is ie
