8200 4740
2586 183 769 121 Adij 29 gber 1696

894 183 989 170 rosterdam Abram de bra

1128 239 2293 179 in Antwort aenden ul van 27 deser, tis mij leet dat mijne 2 packen

1121 367 2300 129 N 22 & 25 in de hellesijn gebraght soo dat die week sijn op de weerde

1103 440 2299 139 van ƒ1800:- waer voor en sijniets het opleggen van 1 pr a ƒ2100

1129 534 2268 127 moeten betaelen, waermede moet patientie hebben, mij dunckt

1125 621 2298 140 ul hadde dat comen p revenieren met mij te adviseeren hoearderen

1132 741 2251 112 hier goederen verclaren, om vervolgens te reguleeren, want

1111 798 2302 129 als de verclaringe vanden eenen soo merckelijck verschult van

1098 892 2287 134 den eenen vanden anderen, soo moet sulckx noodtsakelijckaen

1108 986 2302 139 de comisen presontie geven & ul weet hoeandere hun vercker

1125 1094 2242 156 inge doen doen, oock hadde ick noodt gement men costij soo

1115 1156 2239 188 nous sagh, daer en boven hadde ick mijn messerelgenomen

1136 1261 2220 187 in de weerde volgens den hollantsen tarijf daer de engelse

1124 1365 2266 157 kersijen maer op ƒ 25:- het stuck maer getaxeert staen want

2441 1460 77 55 1a

1134 1471 2162 142 ick weet mets wel dat te costij ao vercocht worden

1127 1556 2243 143 ander aen het pack N 23 is niet veel gelegen, omdat de grofte

1130 1630 2166 193 dosijntiens sijn die van engelant comen, de swarichijdt

1146 1705 2197 225 is maer dat ick daer door gedissorteert ben, nu ter wijlen

1133 1817 2214 186 het soo is dencke daerover compositie can gemackt worden

1149 1928 2094 158 want die officiers sullen daeropor niet veel profijdt doen

1138 1974 2262 203 hout hien voore dat ick den tatif hebbe gevolght over de al waer

1134 2070 2249 193 staet engelse kersijen a ƒ25 het stuck dat ick niet en hebbe

1136 2173 2238 138 gement andere declaratien te doen, doet wat mogelijck is om

1118 2263 2297 165 die packen weder te becomen, al sout gij een hondert guldern

1132 2345 2159 140 oft onderalf, oft twee despendeeren, gebruijckende daer sae ul

1122 2424 2179 163 uijterste divois & vrinden, en als dat niet lucken wilt soo

1117 2542 2167 106 moet gij het gelt ontfangen & als die vercocht worden in

1137 2640 2177 106 coopen, en om met de rest in geen voordere moeylijck thijdt

1141 2719 2216 168 te geraeken soo verclaert a ƒ1500:- & N28 ƒ 1100 ƒ 1150

1115 2785 2168 206 a ƒ1200 naer ul best goeduncken, want ick oagh in geen

1117 2885 2164 184 voordere moeijlijclhijdt geraeken terwijlen d'andere 3 p

1150 2982 2247 160 claes jacobse te gemoet sien, hebbende comisen het pretex niet

1153 3111 2272 131 genomen op het wort noortse kersijen en dat sij souden verstaen

1138 3200 2247 95 dat men die voor engelse kersijen moet aengeven: nochtans

1136 3262 2225 139 alle de kersijen die van den hoorden van engelant comen

1136 3364 2235 161 en hebben geen andere naem als noortse kersijen, gelijck oock

1137 3442 2145 154 alle de lakens van daer noortse lakens genoempt worden

1688 3527 133 82 met

1133 3509 2222 163 ick en twijffele, oft gelijck ul schrijft den aen slagh geschiet

1129 3614 2254 177 te sijn op de weerde van ƒ 1800:- endat de comisen dat gedlt

1137 3736 2278 146 hebben om protidt te doen, soo dan als sij als boven niet willen

1140 3797 2195 168 composeeren seght dat gij voor de kersijen hun geven salt

1130 3925 2192 141 prijs courant het gene lij weert sijn & cooptte hem af op die

1128 3993 2260 146 manier, sij moeten daer voor ƒ1400:- geven soo is de resthup

1139 4069 2139 128 maer op te leggen wegens de dolgntiens is niet een aft a

1118 4150 2285 171 verswegen, dat is maer goet van 30131 a 32 st: del soo dat

1127 4282 2183 125 sij daer voor betaelende ƒ 700: de weerde geven, dat sij oock

1148 4329 2241 178 vrijelijck daer over taelen die dat hun verstaen, soo dat ick voor

3544 200 2497 140 dat pack iets opleggen wille, deralven siet wat ul doen can het sij het

3577 256 2448 182 om het pack kersijcn te becomen oft beijde te samen, en als heter op aen

3571 374 2477 127 compt een bagatelle niet aen tesien doch alser niet te doen is ontfanck

3577 460 2392 127 het gelt. seg asigneerende de comiten die partije te tellen aen ph

3567 542 2389 110 saques mejes bij den welcken het selve hebbe te resccontreeren

3568 642 2435 97 hebbende hem oock geschreven om over dese sake divoir te doen, der

3562 739 2429 95 alven hope een goede uijtslagh & met verlangen advies van wat

3566 817 857 148 sal sijn gepasseert blijve

5301 823 658 194 Adij 29 gber 1696

3484 896 1139 159 otterdam Dh. Jaques Meyers

3560 945 2466 177 uwe heeft mij differente malen verheert met ul dienst te presenteren

3548 1090 2471 150 ick hebbe die nu van doen & oock int toecomende, soo ul de moeijte wil

3544 1213 2463 105 nemen mijne clijne comissien te aenveerden met het convoij van

3574 1290 2337 146 hul sijn van mijne gearriveerde packen 2 in de helle gebragh door

3561 1354 2434 150 de conisen van de reckers. op de weerde van ƒ1800:- aengegevondoor

3562 1456 2481 196 S Abram de bra het is gub N 22 met 50 noorse kersijen a 40 a makens

3552 1578 2453 149 77 noortse kersijen van a 26 aengegeven voor ƒ1200:- in de maete

3553 1696 2439 140 is wel 2 stucken meer aengegeven, als die connen meeten, inde wardije

3560 1785 2382 155 heb ick gedaen gelijck al mijn leven gewoon ben a ƒ24:- het stuck

3561 1867 2368 175 met  opgelt maeckt 28 is voor 50 stucken ƒ 1200:- met opgelt

3556 1975 2458 123 ƒ 1400:- dat pack cost mij in engelant st £127:10:  en worden die

3543 2075 2465 129 present tot rotterdam vercocht ƒ30:31 a 32 het stuck van 40 a dat

3553 2178 2385 126 waer voor de 50 stucken ƒ1500: ƒ1550 a 1600: d'officieren moeten

3560 2250 2309 113 betaelen p400 soude sij op het uijtersten conmen profiteeren ƒ 200:-

3554 2305 2444 155 het ander pack is N 25 aengegeven voor 2 baeijen 23½ dosijntiens

3547 2400 2440 188 ieder van 18 a weert ƒ 600:- het welck mij cost st £62:15:

3550 2487 2473 208 in de maete is niet een vierendeel verlweegen, & is het alderslech te goet

3545 2573 2468 210 dat uijt engelant comt van ontremt de geerde, soo dat ick daer aen liettel

3554 2709 2419 175 oft niet can te cortcomen ontfangende ƒ 700:- want dat goet costij

3526 2770 2464 201 a 30:31 a 32 st sal gelden ende staetals vooren in a 423 doch om

3548 2880 2458 214 dat ick daer door ben gedisaponteert & hebbende het goet op leveringe

3541 3005 2390 126 hier vercocht soo bidde met mons. de bra alle mogelijcke divoir

3551 3100 2436 161 te doen om die packen gerelaexeert te krijgen, waer toe 1:2 ten

3533 3169 2437 192 alderuyterster ƒ300: maght dispendeeren oft presenteer als boven

3543 3301 2481 161 het goet pr. faeaete prijs courant over te nemen principaelijck dakersijen

3535 3393 2494 161 ende ul sal mij particulierlijcken dienst doen in dese aftaire & niets comende

3536 3474 2455 189 te wege brengen soo bidde de f1800 met  op gelt sijnde ƒ2100:- voor

3533 3589 2491 180 mijne reeekeninge te ontfangen, hebbende geordonneert aen S. debra

3531 3681 2485 191 het gelt aen ul te doen volgen op preteet dat ick met ul dat moet reseron

3511 3775 2490 158 =treeren om aen S. de bra geen suspiie te geven, bidde doet voor mij in

3516 3841 2447 196 dese saecke wat mogelijck is & ick sal het altijdt erkennen en sal oorsaal l

3539 3970 2476 147 begn wesen van ose correspondentie, die slecht dat men op goederen van

3533 4030 2471 217 transits die uijtersterigeus begeeren, tisons costelijck genoch dat wij

3543 4119 2455 215 miets denoorlogh dat wij geen navigatie op hull en hebben d'officieren

3536 4233 2476 162 van de licenten behoorde in considerat ie te nemen gelijck ick hope door

3522 4332 2500 158 ul condiciten & capacitijdt het sult effectureeren verlangende te verstaen

3523 4395 1765 125 hoede saecke gelegen is en ul opinie des wegens.
