8207 4623
1112 177 2217 203 mee, which serves pertelr in answer to ydof

1128 299 2193 214 23 & 26 past, and as to monney, what billdy

1131 416 2193 226 remitt you must be payd in monney & no paper

1120 542 2217 206 er els returne insh protest, for as juitt in my

1149 656 2144 241 last sentences beeng givens, that what comes

1113 794 2195 243 bak in protest must be repayd as ex. comes oft

1126 899 2118 261 in mony & not aritt comes in paper, yett iff

1143 1056 2172 186 have no preiudice so gett yd satisfaction of the

1123 1183 2219 196 bill on cossard & northwiche because I shinck the

1108 1282 2221 239 drawer indifferent, milssed £100: more of the

1129 1425 2152 196 same dravers indorsment on shallet & partner

1084 1554 2009 217 due 22 july p. august, for which procuue the

1139 1658 2167 257 needfull & iff no monney protise as also for the

1157 1791 2169 202 £150: inclosed on John hillendon conditiones tobe

1141 1950 2212 245 p m monney, hereupon ex. 15 hereatt 31:2 a

1118 2076 2216 232 Il do not understand how payment goith with

1164 2183 2215 195 paper, if the maker of the paper should breake, for

1126 2331 2273 193 whres acct. should that be,or are the notes on

1175 2467 2081 232 the Royall baink. f  which

1167 2568 2213 270 give a penrice a day intrest fer £100: - its be

1138 2708 2181 239 so or not, if you can draw att 30 ƒ someer hut

1175 2836 2162 195 under or abore, and have not gs of the banck

1178 2958 2188 245 in payment pray draw four houndred pound -

1180 3097 2194 185 or to you have notes off d. gold sumth that you

1164 3212 2083 242 know to be good, doott also ffor I canspare

999 3347 2303 286 the monney for 3 a 4 a 5 monthes to advance

1167 3500 2215 229 3 a 4 a 5 a 6 pr t here in minde mij intrest

1210 3591 2168 294 & seck mij advantage, as best I can besceund

1162 3722 2239 285 & have monney, with you, & if your will antweor

1165 3863 2238 217 for oAt Ill allo w  p  ftay 2 a 3 a 4 montho

1199 4008 2189 238 & draw a shousand pound on meer take hem

1195 4149 2133 201 in the ben meapires y eu can for mee, to have my

1217 4246 2143 177 money wih yoo, inclored z00 more nd rock. & lachan in roeure

1218 4338 2152 160 the needfutl, & iensenbley acceptance to that on challot ecaused
