8180 4651
2636 171 676 163 ady 16: et pace

919 200 515 149 Londen Kent

1173 266 2224 221 sence my last of 12: cur. receaved yo of 24: past, itt seems that

1177 394 2205 188 your ostend convoy must doe ferst a voyage fme spain vi

1144 527 2236 156 Conde de Bergyck and att their returned bring home the ships

1168 607 2227 203 from Londen iff so wee shall stay long enough though as bogh

2905 703 56 59 t

1175 696 2224 194 as the embarge is not takes of the  hiffernot, that comes as in

2466 779 103 104 2m

1167 813 2225 165 a sabben, there fore ship nothengh  convoy comes, eether sien

1153 910 2222 186 or english for ostend: butt should there bee no convoy for

1174 1016 2202 212 ostend, and one for rotterdam then ship a pack clothes that way

1162 1142 2207 168 whilst you shall have tince to compleat my orders foo the

1165 1221 2174 245 first convoy: thepte from rotterdom, that dou bielaave

1181 1350 2198 177 ther re convoy not taken, butt well arrived att hull to those

1168 1453 2195 221 of Amst is convoy granted for hull, butt uncertain, when

1168 1549 2199 224 to depart & desire ony p. the first, and ensured aswrt e

1089 1641 2257 240 before, by lettere of 27 march, this sayd ex. comes att 31:ƒ

1168 1813 226 102 hauss

885 1767 2491 210 whish I had some rromises  you att that prise, as I have recom

1127 1891 2221 196 mended you before, so pray mende my intrest, & advise

1155 2025 601 215 what passes

1250 2057 2072 220 remitt as gen shall gendgebest, when aboves

1164 2219 2173 175 30p, the igker the better, butt not abre 3a 400

1094 2279 2244 228 Cest a lin & not above £7a £500: in als

1118 2362 2239 263 whereondo y bost for mee for I shall have bad

1159 2466 2129 206 morigh on ex tconis toot s 4 an 2ƒ2- sake

1129 2600 2208 204 the bost bills & rakr agin thekes if yu can

1167 2684 2116 261 send nonof y. att I hop sy though att 3 uso

1169 2827 2072 212 eshee glants as ms. an yu shall judgem

1117 2970 609 150 22d cantage

2513 2923 512 197 adj 16dd

886 3065 825 247 brugge Raphael Coots

1143 3218 2169 146 Mijnh in antwoordt aen ul van 9: deser sende ick ul brief van d. bruno moens

1153 3348 2159 121 aen ul ges verugge, daer beneffens den synen van selven dato aen my, de

1134 3425 2217 130 toeg: den vraghteriof malcanderen contradueren, en waertyt ul genaghsalt

1133 3544 2212 101 sal connen ken dat ick wlg soodanigh advies aen ul hebbe ges dat ick dan

1143 3565 2185 161 alles daerlaete, en wijder versoecke dat de 2: pucken behoereef naer Engelant

1153 3669 2163 163 voorts geraecken, waster geene occasie met den grane van derrijck die waer

1140 3766 2192 144 Engelandt is vertrocken, is t schip de cominginne en anvere a men sighte

1147 3862 2169 167 met  grane naer sjneguien gecomandeert, wat hope esserdan, om onst

1147 3964 2165 156 schepen den london te verwachten ick sal naer alle epparentieal mercke

1172 4039 2151 203 sijn gentresseert geef p occasie ue sal laeten weten, derhalven oer

1149 4134 2187 201 soecke my kennisse te geven van wat gepass is en voortallen sijn

1161 4234 2175 156 om mjne meseres volgens te nemen waer mede naer groetonisse

2438 4338 781 140 Lve dr Dam

1170 4364 364 100 blyve u

3396 182 857 181 Brussel GHull  Walravens

5172 210 733 132 ady 17: April 1688

3517 223 2411 179 gwegens den ul van 14: deser, sende ul ingesloten de sttaeln van de balekeens

3526 361 2460 135 die ckhebbe tnaest aen ul ordre, van ick iul eenigen dienst daer mede doe

3526 436 2401 145 comandeert tiberck, oock sstaelen van witte flannellen, die ick niet

3493 534 2468 159 minder als daerop staet geven een alles in cour gelt, ick hebbe en

3519 636 2403 160 bewijs aen P. Rousseau gesonden van ƒ325: court gelt, doeck hen

4399 737 231 99 634:1

5223 745 432 195 ad9 d

3526 753 841 209 gelieft te betaeltn

4377 748 447 152 543 a5:8

4548 842 279 78 .4:8

4389 873 158 95 279

4675 905 74 60 4:

3406 843 1037 244 un Antonij Rousseau

4397 904 465 131 268 6:3:15

3655 962 137 113 el

3494 919 2445 199 le 2: estoit a vre grace ma derniere, at ie vous remetters ƒ176:6

3487 1112 2455 166 sur ef. de cmeut, dont ie rois vous aurez reccule eugeset. come aussij

3487 1143 2454 182 pale van neer be le peurle ploms, eyiouct ƒ 325: argent courant

3495 1233 2476 231 sur quill walravens ie vous sacue est suis  iay 100 pata

3497 1309 2389 221 cons a Ath, si vous vous en pourriez servir, il ne seroit agreable

5227 1442 488 217 adij 28 d

4633 1505 133 110 th

5484 1576 91 85 th

3391 1488 354 230 ms Kert

3498 1532 2418 247 proferre you to my last of the 16 cur sence recd. yo of 31 past with

3497 1676 2436 148 acct: and past of n°14 wich is well, butt send no more shiper fine grayes

3489 1751 2434 196 butt well a new culls: or 2 if comes out for the rest, I recommend you

3506 1866 2403 169 the orders given, for as best you can, and that all may be reddy p

3491 1943 2446 175 first convoy for ortend, butt shall no convoy depart, befere the em

3488 2058 2429 181 barge be taken of 11 the ombargo in guall upon ostend, & hollands

3505 2157 2431 177 convoyes. if theor. doth not rise, & that quinces are to be hadd att

3497 2260 2455 209 221, where itt not best to venter some in whit sware, as pack uhi

3491 2390 2439 183 es flannells, on the like a word of advise there in shall delay the orde

3483 2485 2447 215 reing of cottons, kersies, bayes flannels et till you incooridge mee

3435 2593 2320 232 mexspoctition te knew what passes and rest  20 ƒ

5249 2713 516 164 adj ditto

3386 2731 633 201 Jatt Geerand Rovsr

3467 2765 2424 209 Mijnh. Ick hebbe vooreede maendagh aen u ges, als wanneer ick smorgens

3471 2920 2437 153 van s uren uytter staet was vertrocken, ent fonckmen op deberte advier hoe

3474 3036 2425 173 dat het ostendisch convoijen schepen doen conde de hetmandt tot brest

3475 3090 2458 215 wat engebraght, t'gene voor die van dese stadt gandt en bruggeet een ster

3479 3197 2450 216 censiderabel verlies is veroersaeckt em een snagmaert naer bilbon te con=

3468 3281 2424 168 dueeren, daer anders hunne reyte adroicture genomen hadden in dit geval

3468 3389 2435 170 niet en londen hebben gevallen, de francen doen te groote progoellen ten

3476 3467 2435 224 de wat ul ioegen mijn versochte aslutantie sout hebben geeffectueert

3460 3566 2448 202 verlane te verstaen ick hebbe hier eene groete partije galnaten die mj

3496 3690 672 116 soo alense als omirnas

3476 3671 2417 191 bertiie sijn toegesenaen, en can daer niet wel afcomen, soo bidde ue te

3453 3788 2413 158 informeren ttot wat prijs d'een en dander costij sonder connen vercocht

3461 3908 2441 136 worden en wat encortijn daer op vallen, tantiert treese, die in 3: jueren

3462 3997 2427 168 met een quyt te worden, re comandere de inge soo ben gelieft voor tyanck

3421 4079 1209 182 & glvel, terwijle vangoet ust
