7583 4615
2100 310 98 171 2

1004 320 761 299 Aadj 6

2635 488 630 173 27 xber 1694

1128 547 2124 207 Ick hebbe voorleden saturdaegh aen ue geschreven dat

1025 684 2254 155 lieven dobbelaer naer costy soude vertrecken denselven is

1029 773 2248 132 dan gisteren voorden middagh afgereden & sal morgen

1051 894 2213 160 bij ue wesen soo bidde de doen die devoiren dat myn

1064 961 2203 184 pack N 54 medecomt want hij sal woonsdagh wederom het

1096 1121 2204 110 waerts comen, examneert sijn pasport ofte die noch goet i

1104 1173 2195 172 heb den ue van 24 deser & alhoewel N 54 noch niet gelost

1077 1291 2209 115 was, soo hope het morgen sal comen gelost worden, schoon

1042 1403 2254 121 het & dagh is, soo dobbelaer veel goet op hadde, soo

1082 1473 2230 172 soude ick mogen N 54. openen & nemen daer uyt alleen de

1080 1567 2166 141 to gemen gelde frisetten met een vrapper omwonden

1093 1695 2201 143 laeten de rest tot brugge want daer geene haeste voorie &

1018 1794 1847 146 alleen voorde frisetten crewel lieveral

1011 1872 844 175 Amst geerd Rover

2767 1881 333 159 27 xb

1084 1956 2222 202 diue van 13 & 24 deser ontf geirne verstaen tarrivement vande

1033 2076 2287 161 ille schepen. gelieft alleenelyck ni sorg te draegen dat mijn

1041 2203 2208 130 pack logent droogh & wel opgeset worden dooet sij det

1054 2267 2245 157 den watervloet ofte ratten niet connen beschadight wirde

1042 2363 2201 164 want dit weder wel 2 a 3 maenden soude connendueren

1032 2498 2189 117 wat Coenraerd mehue belanght het is syne faute

1064 2576 2216 149 do hy van syne deste niet eerder heeft gedisponeert want

1045 2641 2165 184 ick menighmael om myne reken cont hebbe geschreven

1032 2747 2156 194 & de selve ontfangen hebbende niet een dagh laeten

1062 2847 2139 198 voorbij gaen ofte hebbe hem dat op ue geassigneert

1054 2962 2191 174 soo dat hij, sich naer den presente wissel miet genver

1041 3056 2242 159 neren tgene aen hem gelieft te replieeren, eghter 'tgene de

1000 3157 1466 181 daer in doen sal houde voor goet

2633 3252 468 240 28d

1014 3310 622 232 Med. de buck

1025 3463 2168 250 wegens het fijn camo sijn lak eenig fut

1057 3638 2250 182 oft lopsels heeft 2s 1e 2..d want mij geen

1048 3727 2222 191 nvisen gemaelt wordn: ul heofting daer

1048 3856 2153 198 4:6 afgetrock int malen van t bref ingeslot

1048 3966 1588 216 mge staleuen canisn

2006 4073 50 71 n

1076 4084 2245 232 294  ƒ5:15- 79 ƒ6:12- 1229 ƒ6:8 ƒ10:ƒ65

3670 354 493 142 di ten An hen en e nve en

5509 422 165 193 d

3407 471 1000 197 Gent PPrier mesdach

5048 505 427 178 21 d 94

5511 575 122 134 4

3714 617 1774 245 D P: ick heb den ue van 28 deser ontf. endt

5547 697 95 165 d

3607 788 1908 192 groot leeteelen mort ick heken dat ick de 2 sun

3669 875 1867 222 kersijs vergl hebbe, gan mij de meer int

3691 1009 1859 207 omdatteogetesent geenee. witte te kecomn sijn

3680 1128 1906 178 alsoo ons convoy met die goeden sijdth st

3672 1189 2025 219 lest heeft gesardeent, e&n nu eerst pariveet

3668 1352 2003 194 hollant evrosen liggten soo dat ick sijn R: desere

3681 1488 2000 157 voor o 8 water daer aen niet can dien dien s

3710 1603 1974 119 van J. belloman heeft mij aglnensestick pandes 15

3700 1659 2045 216 courant gelt het bijs. vrrengl bewiflen. doch snh

3673 1789 2057 183 gerevo mach mij daermede niet voldaen reken

3698 1902 1944 136 want dan sende ick myn voor niet hebb

3686 2009 2022 189 gearbeyt, derhalven bidde de rest oock gelieft te

3717 2124 1998 161 remitte, oftes bevenn, tot de overcomste van

3645 2207 2062 196 mijn braes es p helijn als hij soo ick gelooven

3669 2327 1804 185 n mijn cosijn calle bat salcomn afhalen

3658 2425 2073 148 & soo ue dat wyt wagten tarrivernet vande

3674 2528 2044 188 carsijs alhier sal sjae & mij seer aengenaem sijn

3633 2638 1712 195 mijn negligentie te roge eddresse

3658 2714 1850 202 eenschende en aen geluck sal ui neeus gaen

3642 2840 1550 190 t alle serten van contentemen

4981 3008 671 239 1695 3 Jan

3393 3022 1064 240 brugge JBapt de Coit

3601 3158 2107 206 op 27 pas was aen ue mijnen laesten tsedert niet van

3361 3260 2387 225 ue Jan dobbelaer is heden hier gecommen vertreckt morge

3362 3379 2368 148 wederom naer brugge met den selven seynde ick ue een paxken

3361 3462 2248 199 18d daer in het laken van mons de licht & van my

3501 3536 2281 175 N 902 .. a 53 ½.. 1.. a52:. ƒ 4:15 aƒ 249: 3b

3388 3650 2394 160 cour gelt, ick en twijfele niet ofte sal ue tot volle contentmende

3369 3751 2326 179 wesen & dat ick het minder conde geven, soude het noch minder

3357 3877 2339 146 stellen, daerentusschen soo iedts anders tot ue dinst voorvalt

3379 3935 2311 160 deere van ue commande sal nig aengoiaen wesen wenschende

3367 4028 2344 180 ue een geluck saligh nieuwiaer met ue geheele famillie blijv
