7616 4607
2171 152 690 176 4 feb 1695

460 157 694 167 Brugge R: Coots

686 278 2504 182 Man. in antwort aen den neu van 17 en 18 passato ten

720 405 2303 135 in lesten hebbe ick voor gisteren den brief van 3„2:4

716 488 2461 154 betaelt vermits niet eerder mij was gepresentert wat ick de

701 578 2447 163 sal over hebben van mijne remisie op renier de buch van

730 671 2462 210 gent gelieft dat op mijne rekeninge te bewaren hopende naer

719 790 2479 171 dat het weder sal verandert sijn het convoey van Londen

713 883 2476 154 alst sal overkomen het pack nomber 52 hebbe ick ontfangen

713 951 2477 195 ende open gedaen dogh het goet soo misandelt dat het scande is

683 1054 2523 185 ende alsoo blijckt volgens het ingesloten cognoscement dat

731 1127 2464 234 hij goes de pau het selve niet heft vermogen te hropenen

702 1228 2464 219 soe verstaen ick daerover geen vracht sult hebben te betalen

710 1336 2461 220 ia dat ick de schade soude pretenderen met het drijdobbel

723 1422 2473 205 niet soude voldoen ick late u considereren als men met ruyt

722 1527 2473 189 vooren over witte pack lakens gaet int schips boort hoe bequa

729 1594 2395 207 die sijn om witte klederen te maken dat ick die schelm

721 1706 2478 220 hier hadde sou hem dat doen gedencken en leeren sulcke voor

684 1784 2517 242 daen te mijden deralven sult met hem hierin niet srmmule

3139 1860 54 78 re

724 1943 874 154 ter wijlen ick blijve

544 2029 923 220 Jan Baptista Criets

715 1998 2477 298 Monsieur naer dat ick op 29 passato aen u liden hebbe

728 2134 2466 235 geschreven heb ick op 1 deser het swert laken numbro 81 aenden

709 2236 2497 228 sachier gelevert seer wel geconditionent tusschen twe berden

707 2356 2383 204 doch het selve eerst heden met gaudobbelaer vertrocken

726 2418 2461 228 met een particuliere paspoert hebbende de voerman de goede

710 2550 2486 209 hoorge bevoelen is number 81 A 54 a 5:4 4  1626:16

717 2632 2462 190 in coraint gelt ick ben geensiens verlegen dat u liden tegen

693 2775 2508 167 dese prijs iet sal seggen want het laken sal voor sijn selve

724 2837 2475 168 spreken en motte recht uyt seggen dat ick mij hebbe gaabbu

708 2913 2478 182 bert in corant gelt te schrijven principael van dit laken om

700 3019 2435 156 dat ick ten minsten daer voere den voorschreven prijs

725 3121 2470 162 in wissel gelt behoorde voor te hebben oversulchx twijfele

715 3211 2348 194 niet oft het sal u liden aengenaem sijn versoekende u

715 3297 2077 192 gunst in wat occasie ick u kan dienen blijve.

596 3419 538 189 gechelen

608 3487 1165 176 Monsieur thijde herbe

671 3527 2534 211 Monsieur alsoo de heere Antoni Vosse tot brussel mij

722 3654 2478 180 adviseert ue genegen te sijn in de laken genotie een begin

718 3770 2479 164 te maken ende de goethijt gehadt hebt mij aen u te recom

720 3858 2471 136 manderen soo sal het mij seer aengenaem sijn in geval

703 3963 2484 95 le ick u liden eenigen dienst kan doen hij ordinert mij stal

707 4045 2490 160 van niene koleuren te senden dogh mits van de grote

734 4128 2428 156 quantitijt die ick hebbe soo waert het beste dat u liden

730 4235 2468 134 geliefde zelver over te komen wille ue verscheren de uijters

3102 4306 84 72 t

725 4307 1388 145 satifactie bij mij sich vinden

4950 163 702 136 7 Februarij 1695

3250 161 817 198 Mechelen van Aken

3456 219 2457 223 Ick hebbe ue brief van 25 jann laest ontf daer beneffens de ƒ 300:-

3488 355 2463 136 volgens de quittantie den bode medegeven, breder hebbe ick ue brief van modeser

3481 442 2417 171 becomen, over welckers inhout ick seer verwondert ben, & is mij dier gelijcke

3459 523 2541 161 fabrique van Mons van Aken noyt tevoren gecommen, ick hebbe op 22 xber

3466 602 2518 170 laestleden ue geschreven il wat noodigh was & als ue daer niet had

3473 718 2438 187 mede tevreden geweest, soo hadde die lakens my moeten wederseynden

3476 782 2474 167 want dat ick gedaen hebbe daer in is om het gevolgh van ue calandisie

3470 868 2489 190 & niet mijn eygen intrest, & heb ick soo veel niet gewonnen als ue my

3460 968 2503 186 soude willen corten, gelijck ue can laeten blycken & hadde ick die lakens

3470 1098 2505 171 hier gehadt over 14 dagen ick hadde wel 10 18 p elle connen winnen

3473 1126 2531 215 ue heeft meermaels hollants goet gecoght, & gij weet wel dat dhol-

3479 1237 2473 177 =lantse maete verliest & dat wij hollants got vercoopende het op

3470 1340 2528 182 de hollantse maete leveren uytterlyck met a 1 pstuck ba als wanneer

3459 1426 2423 172 sulckx van tevoren is besproken gelyck ue naer dato heb toegestaen

3469 1553 2510 142 17 & 22 xber laest oversulckx daer over geene voordere preten ien can vallen

3489 1648 2468 149 & wegens de corte maete, hier endaer ¼ ofte ½ a ick bidde ue als de

3479 1691 2525 186 lakens 1 a 2 manden breet gevouwen in ue winckel gelegen hebben meeste

3472 1809 2482 159 dan noch eens dan sal ue overmaet vinden want d Engelse pesse &

3477 1859 2526 202 vouwen veroorsaeckt dood de alienighte cleyne ploeykens ten mincken eene

3477 1986 2426 169 elle aen ieder stuck dat die sullen corter meten dan al sy wederom

3465 2080 2426 156 sullen gelegen hebben, soo dat ue daer door geene schaede comt te lyden in

3477 2176 2464 156 tuyt snijden ick hebbe ins 20 iaeren de negotie gedaen & als voor desen wat

3479 2268 2444 169 te winnen was heeft ue noyt claghten gedaen & winnen ue tynaer voor

3469 2371 2449 141 niet dient syt gij min te vreden den tyt laet niet toe daer over langer te

3480 2421 2505 170 schryven maer als ue eens hier compt sal dat mondelingh beter uyt

3486 2527 2507 160 leggen, maer vande blouwe & swerte moet ue met de hollantse maete

3485 2643 2064 143 sich vergenoegen gelyck op 22 xber heb ge blj

5626 2710 209 177 7d

3247 2743 959 207 brussel And. Bertsens

3495 2880 2484 144 In antwoort aenden ue van 5 deser tis onnoodigh excusie te maken

3486 2989 2490 127 over het dilayeren vande betalinge vande getrockene £50: terwijlen

3484 3063 2525 161 het ue niet anders gelegen compt soo sal ick geirne tot 18 cour wegte

3504 3166 2409 136 & ue heeft het aen mons rousseau maer te seggen hem als dan

3499 3233 750 154 sult voldoen bly

5733 3278 200 146 7 di

3215 3310 705 160 brussel walravens

3490 3329 2471 188 in antwoortt aenden ue van 5 deser, ick hebbe noyt van ue schrijven gesien

3491 3455 2512 102 wegen clachten van N 305 & de flannellen ick soude ue anders al geannt

3490 3551 2421 80 wort hebben & geseyt dat op de flannellen die gij niet en begeirt

3486 3625 2516 113 my sout wederseynden, want ick voor 13 18 d'elle court gelt soodanigh goet

3491 3718 2494 113 niet te coop wete & een ander my ruym een 'tuys meer geeft derhalven

3499 3785 2484 110 ick wegens de flannellen niet een duyt soude laeten vallen ick geloove

3503 3861 2471 107 gij ue inbeelt ick 5 a 6 pe heb gewonnen & daerom 1 ¼ pc daer wel

3506 3946 2437 116 af magh waer op ick ue segge & verclaere dat ick meer considerere vervolgh

3510 4016 2425 120 vande negotie & ue calandisie als wel bedraeght het profyt dat

3508 4087 2495 158 ick daer by doen, & daerom wilt mij niet corten denken bedtaegh

3508 4206 2487 136 ƒ1- meer als ue my schrijft te weten ƒ 829:10 ¼ omdat inde addiitie

3508 4280 2402 140 ƒ5:- gemist is gelyck ue dat can naersien & alsoo ick ƒ 600:

3496 4338 2381 148 heb ontfangen soo resteert ƒ 229:10 ¼ isser eene bagatelle
