7973 4587
1103 163 2204 99 soo uwe tegen den winter een branden borge capaet van noode het

1116 228 2207 106 ick ben versien van engelsche frisetten & als uwe overcomt can

1108 280 2176 151 uwe de couleuren naer u goenstien besien sij ruijm ¼ breet

2875 350 311 138 169

850 356 694 156 Brussel Rousseau

1104 389 2227 215 Bay les vres du 10, 12, 13 & 15 cour et paye toutte en suitte

1089 502 2208 178 hormis le s verhagen qui viendra demain, et vous aurez advis du

2823 591 509 184 17 sber A 1695

1092 631 306 123 Sioe

813 657 835 201 Mamier Philippe Lurond

1073 755 2254 147 j'aj receu les cherls ure de 10 & 13 court, i estois bien aise d'apprandre

1081 832 2205 171 que vous estiez bien eschovey du jiege grace a dieu, sespers que

1095 928 2230 146 mod vre compagne seport a present parfaitement bien, en suitte

1088 1037 2223 112 a vre derniere, ie vous ay envoije a hier po engebest un drap noir

1089 1089 2199 169 que me cout beaucoup plus que celuys de 13 jannievier dernier

1081 1173 2248 132 estantsans listre N 1251 drap d hollande a 54 ta 1½ a 52 ½ a ƒ3018

1077 1293 2251 115 ƒ204:15: payable en argent de change. si cette drap seroit prisse

1073 1327 2228 202 sil paroistroit 10 pt p a plus fort & plus aggreabel, i espere, qu'il

953 1424 2350 168 bien arrivera chez vous, engelbert est partj aurordi, i'attand la suitte

1080 1541 1737 146 de vos commandements & suis de tout mon cour

2746 1571 269 170 17 ditto

833 1628 934 162 Brussel Athonij Rousseau

1080 1673 2231 173 ie vous marqua a hier en bref le necaissaire, depuis paye auroidhuy

1065 1766 2109 174 vretraitte de £200:- pour franc Antho Bombarda a mons

1087 1852 2157 174 verhagen a qui iaij rendu vos deux saege d'argent cachette la

1091 1938 2242 140 premiere contenants £ 300:- moins une eschelingh comme ie lad

1092 2028 2217 129 trouve & avec, 8 a 4 eschelingh sausse, la seconde ay este passe en

1079 2105 2251 129 compte pour £ 216:16:6 au lieu de £216:12:6 comme voys marg

1083 2219 2214 107 le 27 passe, & comne le sacque, ont este ouvert & non obstante que

1072 2301 2267 79 is ne comta pas le 30 a 31 passé que £ 216:10:6. i'ay frouve auiour

1077 2341 2258 131 £217:16:6: ayant conte le 2 grosses ducatons chaque pour £ 2: iever

1097 2399 2224 157 prie d'examiner ure memoire de casse du cette erreur pourroit, estre

1081 2469 2251 153 venu puisque ie vous salue & suis iay besoing slot a 2 uso sur lond

1090 2591 2232 67 et en cor £ 69:13:4  t a 2 uso, en un aultre lettre, s vous me poures

1125 2636 2213 81 commoder pour liin die, ie donnere a 28 non ostande qion me remet auroud

1100 2675 2176 109 £210:- damerd a 28 st mais cest dans un plettre & i'ay besoing 2 come destu p

811 2677 2521 190 brugge Coots, duwe van 11 & 7 deser ontfangen, p ander daet sedert geen tijdt

1079 2803 2251 112 gehadt om u rekeningh naer te sien, dat echter de naeste weeke geschiet

1070 2876 2270 121 & aen u geremitteert wort het pack no 78 en heeft niet alleen open

1079 2947 2201 120 geweest maer oock het pack oj no 8 en schoon al iacob ianssens

1074 3042 2238 120 wilt excuseren & mij met de vragh belast sijnde bij in sijn boort

1076 3114 2165 135 geweest soo wil ick sulckx evenwel niet gedoogen ul magh

1081 3178 2221 162 de opinie die het u gelieft tussen costi & hier is het seker

1065 3266 2245 114 dat de packen niet sijn geopent geweest veel minder ieder stuck

1094 3376 2224 95 beplackt sommige al oft sij van de catten bespoegen waeren, ick

1094 3444 2245 154 sal heen een seer goede recommandatie naer londen schrijven tegen

1095 3542 2214 120 hij noch eens daer comt. antwort mij morgen wanneer wij

1075 3644 2263 121 weder convoij van Londen hebben te verwachten, en hoe veel schij

1079 3736 2214 116 daer sijn in laedinghe, ende het princip aelste waer dese aen u

1082 3796 2257 139 sende is, dat ul op ontfanck deser sonder tijdt vesuijm te ostende

1073 3887 2108 131 gelieft te doen informeeren, ofte daer op gebroght is een

1073 3932 2152 168 venetiaens schip genaem den cardinael in capitijn vincentio

1061 4041 2214 145 di iacomo, gaende van amborgh naer cadix, van de francen

1077 4124 1020 147 hernomen & op wat pretex

5266 122 712 141 11514

3328 154 827 150 gent Francois herrebout

3502 176 2400 167 waer blijft mijn pack no 74 & de bij landers, ben werwordert over dat

3528 301 1915 121 tarderment, ick bidde laet mij cito weten wat passeert

5035 370 297 114 19 ditto

3328 354 723 138 Amstd: geraert Rover

3494 389 2375 208 Mons in antwort aen duwe van 15 & 16 deses, heb u gecreditteert

3505 499 2441 138 voor de geremitterde, st£ 250 a 28 st tot welcke prijs wensche noch

3502 588 2450 121 andere £200 hadde, al was het een groot ost 2 meer cost dat men die

3512 685 2459 108 cous heden tot 28: 8 heeft gedrongen, p wat fondament en weet ick niet

3499 746 2451 164 men seght dat de mons van de banck door de darde handt a toot preop

3515 805 2378 159 londen hebben gegeven daer door die prijs te meer te doen monteeren

3499 888 2366 163 nu twijffele niet oft uwe hebt brieven van engelandt biddende soo

3500 977 2415 144 het uwe mijn voordeel hacht a toe pris sto£ 200:- af te geven,

3502 1069 2443 141 wegens goede oft creiepele brieven is voor u rekeninge, verlange

3508 1131 1318 179 te verstaen wat passeert die blijve

5214 1204 274 165 19 dit

3314 1231 924 158 brussel Anthonij Rousseau

3517 1335 2372 144 den uwen van 15 deser heeft tot neijvel geweest, is heden mij geleveert

3508 1407 2332 107 met dien van gisteren daer in gesloten uwe remise in u 2 brieven

3510 1487 2403 149 te samen stƒ 169: 13:4 ten laste Jan du maietre waer voor gij

3512 1567 2463 145 gecrediteert sijt a 28 N ƒ 237:10:71 mons verhaegen sal niet vertreck

3480 1653 2367 144 =ken voor morgen, gij sult mij groot plasier doen om u per occasie

3508 1738 2362 150 te informeren van den tegenwordigen staet van hendrick de smet

3495 1851 211 106 blyve.

5120 1839 398 145 adij 22 ditto

3336 1873 599 145 loven Jan de goede

3486 1922 2440 173 niet tegenstaende ick aen ul op 30 passato heb geschreven, & den bode wallenus

3516 2054 2420 142 bij ul bewesen tot voldoninge van de £8:- vlaems voor den deventer baeij

3517 2146 2453 122 op 9 novemb. Ao. 1693 aen u gesonden, en dat ick van te vooren ul daer over

3517 2199 2429 165 ul oock noch eens hebt gescheven soo hebt gij mij niet alleenelijck noch niet

3483 2313 2478 101 geantwort maer heeft den bode het bewijs sonder betaelingh terugh gebrocht

3498 2419 2447 121 en alsoo ick niet wete om wat rede, soo bidde wij gelieft te antworden

3505 2470 2407 113 ofte met iemant anders u voorschreven schult gelieft te voldoen, want

3499 2577 2451 142 het niet redelijck is, dat ul mij 2 iaeren schuldich blijft ende u callandisie

3491 2667 2461 142 niet en geeft, ick can soo goeden coop vercoopen als iemant, alle goederen

3489 2775 2457 139 sijn nu seer goeden coop, en ick ben seer wel voorsien, hebt gij nu iet

3506 2834 2400 166 van doen, sal u seer veel profiteren en ick sal ul seer wel dienen

3502 2909 2399 178 nempt, maer eene preuve, en het sal ul wel 12 po schillen, naer dat

3512 3015 2342 160 voor desen was en noch agoverno ul ordres sien te gemoet & blijve.

3318 3057 967 161 Mechelen Cornelis van Aken

5154 3111 281 116 22 ditto

3508 3193 2427 159 in antwort aen den ul van gisteren ick hebbe geen laken dat naerder bij

3509 3269 2402 153 stael comt als het alf norts daer ick ul het stael hebt van gesonden

3508 3310 1634 170 en het welck ick u heden per wagens voortsende is.

3828 3395 242 112 No 446

4435 3410 543 117 a 29. a 44 st

5617 3379 304 174 ƒ63:16

3485 3444 2432 196 het en is geen dosijn maer een seer fijn noorts en staet het u daer voor

3498 3551 2428 135 niet aen soo sende het mij wederom, want ick dit heb willen senden om

3499 3638 2461 161 u niet te vercorten ul gelt sal mij aengenaem sijn als mede waer in ick

3509 3700 1378 153 ul can dienen die naer groetenisse blijve.

5265 3726 313 161 22 ditto

3323 3754 888 199 loven bertolomees corthout

3509 3804 2454 190 in lange d heere niet gehadt van u brieven, nu is het winsters sisoen aenstaerd

3509 3965 2433 117 & alle engelsche goederen goden coop bidde doet mij de vrintschap van het

3514 4035 2330 103 hout te comen betaelen & nieuw provisie te coopen alles is seer

3502 4108 2333 154 want als d een hant der der wast kan men de negotie noch in trijn

3501 4161 2286 125 houwen, waer niet te vercoopen, & bij de 3 iaer borgen dat is

3473 4286 2422 127 gewoonte niet, en mijne groote schade. ick heb ul gescheven in julio

3488 4344 2420 118 lest & als dan te kenne gegeven het gene p'rest mij schuldich waert
