7984 4577
933 121 572 143 londen Kent

2542 151 621 122 3 octor 1695

1157 206 2199 127 on the 26 past remitted you £790: -  which I hope reached

1133 266 2244 144 handes, inclosed £100: more on fredrick bode due 23 cur in selond

1146 347 2228 130 bill whereof the kost accepted in handes of Charles balle, procur

1128 466 2243 107 the needfull, now have before mee yours of 10 past, with accompe

1148 506 2222 145 of N70 sent to hull where I exspect an other 40 bayes more

1134 592 2226 132 as directed to come p first for holland both the Amstm & Rott

1147 693 2219 102 convojes are departed for hull, if the Amst be the best convoj the

1153 783 2204 99 all for Amst, butt if equally then ship 2 packes with the

1118 816 2262 148 first departinge, yett rather for Amst then rott giveinge time

1142 942 2222 92 notice of what passes there about. I see all goods continue to idd

1134 1004 2223 141 & that you feare to gett sew goods readdy for this convoy for ostet

1118 1069 2240 153 for which am sorry, yett I hope better, & that I shall have att

1141 1197 2217 105 least some cottons the spat clothes some cottons, frises flannell

1118 1253 2234 93 & swanskins bayes, if the d there be no time for the dyinge of the

1131 1329 2195 117 flannels & cottons, lett them come white, & as I have writt

1128 1415 2197 104 before, sendinge more or less as best you can doe itt, limiseinge

1111 1476 2210 114 no prise. & I futt depend fulley upon your performance &

1113 1559 2253 104 what frises can not come for ostend, ship for Amst or Rott

1114 1646 2259 94 butt pray lett mee have the most part you can for ossend d

1122 1713 2213 126 though I know you have orders from others hands for all

1102 1784 2253 110 sort of goods perhaps more then you can buy, yett you must

1120 1870 2241 135 for this time serve your oldest freinds before others. I doutt

1107 1934 2241 138 I have then ill & been to hasty of late with my remises

1128 2002 2219 149 therefore intreat you to doe mee the favour to send some of

1112 2075 2244 153 your drawns ughts to mee, if att 28  or rather above, butt

1138 2159 2201 128 lower I will have non, help mee here in, att recept her of for

1138 2268 2212 126 I beleave that ex. will fall with you as itt doth here, & thoudd

1125 2359 2192 79 you have no monney in eash gett you prust favour mee thetuth though butt

1156 2413 2131 115 r £2:3 a £400  if butt att 28 or above, the convoy is still att

826 2426 1088 175 Londen Jan dumaistre ostend

2978 2477 115 95 3

1126 2494 2229 156 depuis maderniere de 26 passe reccu la vre de 10 ditto le tabag

1116 2605 2244 144 n'est pas encor ouvart chaqueun est persuade quil sera miene

1109 2655 2220 139 marche ie larrivement de 2 prodigense quantits arec la derniere

1112 2752 2219 119 flotte au rest ie me referre a ma derniere, pour desmanefacture

1105 2806 2183 107 dAngleterres, cest trop tard pour demander quelque chose pour

1112 2907 2183 109 la presente saison non cobstante si vous paurriez envoyes 12

1116 2984 2222 103 a 15 worster frises comme ceux que vous m'avez envoy assortii

1088 3057 2213 126 peu prez selon les eschant illiens cy ioint vous les envoyerez

1081 3131 2274 150 pour mon compte, mesme si le prix seroit 3 a 4  sil seroint

1093 3182 2234 156 enchir 3 a 4 dernier cependant si vous ne pourriez pas les en

1115 3255 2179 122 voyer avec la preiente convoy p'ostende, il ne faudroit pas

1120 3358 2167 140 les enterprendre, car sans que ie les ay avec cette convoy il

1100 3443 1324 133 me ne peuvent pas servir a governo

2660 3477 263 125 3 ditto

807 3508 823 195 Rotterd: Abram De ba

1105 3570 2152 171 den uwe van 6 passato ontfangen, versoeke niet te diliaren expeditie

1100 3687 920 141 aende ingeslotene die blijve.

1108 3745 1148 154 vervolgh vanden brief van kent

1095 3809 2183 164 het ostendie convoij is noch niet vertrocken sult gij sekerlijck tijdt

1102 3943 2225 123 genoch hebben om alles gereedt te maecken dat ick ul heb geordonmaert

1091 3998 2253 163 & alsoo het convoij van Amsterd: & rotterdam bij u is soo hebt gij selee

1088 4080 2259 153 occasie voor de convoij van ostende daer om sendt smet het conste vertie

2804 4160 165 77 vlaens

1081 4183 2238 125 convoij al de woster triesen die gij cont gereet hebben  mijn ordre

1090 4259 2236 149 en eenige witte frissaerden & oock soo moogelijck is een pack wi

1090 4315 397 125 pack lackens

5326 175 628 95 4 octasper Ao 16958

3378 159 866 142 loven Adriaen Everaerts

3550 188 2438 159 volgens ul ordre van pro deser heb ick ul gesonden per bode walninus 1 packen

3558 311 2423 134 seet wel geconditioneert daer in het fijn blouw lacken spaens somo de couleur

3556 399 2347 106 ende grijs te betaelen in de volgenden mede gaende facture bedragende

3547 437 2395 149 ƒ 533:4 en minder can ick dat niet doen witte kerseijen en heb ick niet en

3537 524 2335 144 voos flannellen waer het best dat ul uijt eenen winckel soo 3 laphen

3549 629 2443 123 want dat sullen doch maer 3 sappen weesen, evenwel ick sal om uwent wille

3548 670 2434 201 die laeten verven, als het u te pas comt gelt te senden ende de hou rest voldoon

3556 769 1961 147 sal mij seer aengenaem wesen, & het selve afwachtende blijve.

5221 860 222 115 5 ditto

3378 852 349 171 rugge Coots

3558 890 2423 147 n antwort aen den uwen van 26 passato sal naer alle apparentie uwe de comissie

3559 996 2368 135 sien te besorgen vant veneliaen schip tot ostende op gebrocht, hebbe over gent

3536 1067 2372 107 u toegesonden 1 pack met tijcken weert £ 7201- het welck op londen gelieft

3536 1135 2431 185 af te laeden & te consinneren samuel bluwte, en het conossement met den eersten

3537 1230 431 150 toe te senden

5206 1291 275 102 5 ditto

3362 1309 694 168 ieuportmicheel vallego

3529 1366 2450 187 den oorlogh is oorsake dat onse correspondentie soo lanck heeft stilgestaen

3513 1488 2451 179 daer en tusschen is het mijn hegligentie dat ick u niet eerder heb geschreven

3529 1607 2467 135 & u medegaende rekeninge coutant toegesonden waerbij ick u schuldich bijve

3516 1679 2416 158 £1:9:1 en 2 alsoo mijn boecken sluyte, soo bidde daer van te disponeeren

3538 1784 2437 140 dat ick in mijne nieuwe daer van geen mentie en hebbe te macken, bealven

3527 1845 2432 163 u ordre verwachte & u commande soo iets tot u dienst voor valt ter wijlen

3527 1907 750 129 naer groetenisse blijve.

3351 1992 802 162 mehelen weduwe betram

5226 1987 283 134 5 ditto

3510 2038 2344 202 ick heb u van hier tot hier verwacht oft u sone om ordre te geven

3535 2143 2412 185 wat ick doen soude met die 3 lakens ingeslotene de facture, en alsoo uwe

3531 2265 2373 124 sone oock vertrocken, soo bidde morge mij te laeten weten oft ick ul sal

3520 2313 2372 165 toesenden, ick twijffele dat ick die fijne lakens aen uwe voor ƒ5:15

3530 2398 2440 175 ƒ3: hebbe vercocht, is het maer gelijck het op de facture sthet soo sal

3522 2477 1080 181 uve daer goeden coop aen hebbe

5200 2570 230 136 6 ditto

3347 2577 548 170 mechelen taijdherbe

3514 2620 2450 173 Mons in antwor aen den ul van 4 deser sende ul in gesloten 2 staelen van

3515 2777 2412 90 3 fijne scarmosijne lacken no 35 sende het alder courieusse hollandts dat can

3511 2815 2456 185 gemackt oft gesien worden is tot ul dienst gelieft te commanderen die bijn

3511 2891 1109 127 N.35 a ƒ8: N84 ƒ7 N13 ƒ6:5

5509 2948 332 135 6 octob

3366 2966 1146 151 londen walter & Willem kent

3528 3001 2393 161 sence my last of 3 cur rec yours of 13 & 17 past, in answer where f

3528 3092 2408 153 t parteley referre you to my letter of 26 past & further about the flannels

3502 3167 2411 157 p cottons bay non to be dyed butt of each sort a pack for white & seeings

3512 3239 2435 153 the flannels so deare buy butt 20 p of the lesser sort att price cur, butt

3521 3323 2383 154 for cottons they must bee att least of such qualitie as wee usivally had of 28

3525 3401 2395 124 a 23 pence & lett them come att price cur, as also the frises, the swanskins

3525 3518 2395 98 bayes must be as I have writt you att least of the green streepken white &

3512 3552 2414 161 good, or else I can not sell them lett all packe have white cottons wiapper

3508 3621 2399 146 att price curd for I will have no bayes about them & take our fortume

3495 3700 2430 129 as now itt comes & can desire no more then what you writte to doe your endea=

3528 3777 2399 130 =vour for this time without profit, & there with see what treade will come

3521 3856 2415 134 to, for these orders beenge compleated intend to in order no more bill I annnary

3511 3921 2371 138 next, I have sent you patt on the 26 past for 16 single do zene, with

3497 4008 2353 122 order to be made up 20, viz, 2 grayes more to N1 of the higest prise & 2

3510 4076 2384 132 60N1 of the lowest prise, though they were some what leighter then the

3504 4145 2399 167 patt & as much upon the blew as possible, god send mason wel to arrive

3503 4213 2411 169 I wish there had seen some frises by, for wee know not, when the ostend convoy

3493 4250 2461 168 shall come to you, so if you can send anney for holland fefore ostend ire ith
