8180 4630
940 135 860 132 brussel guillt walravens

2554 149 819 134 Adij 28 april A° 1696

1175 217 2193 168 sedert mijnen lesten van 26 deser den ul van den selven datum

1199 328 2158 140 ontfangen waerbij ick sien ul ongevoelijck blijft en niet eens

1203 386 2131 184 considereet dat het goet int generael dierder is als het plaght

1200 527 2198 126 dese flannellen costen mij, 3 stuijvers delle meer ende en hebbe

1208 605 2129 115 het beste niet uijtgehouden maer is soo van boven af naer de

1198 686 2196 158 verf gesonden, costen mij nu ruijm 15 stuijvers dea ende het laken

1196 796 2202 137 is noch een van voorgaende iaer het gene wel eenen t op a beko

1181 858 2192 142 te differen ende die nu verwacht worden comen die qualitijdt

1191 996 2200 122 voor geen ƒ4:10 gegeven worden en is mij onmoogelijck ul beter

1194 1037 2206 201 coop te dienen als ick doen al waert dat gij al welde hebben dat

1192 1132 2115 174 in mijn packhuijs is en dat ick aen ul alleen mijn goet moeste

1204 1254 2139 106 debiteeren, daerom belieft het ul niet gelijck het gesonden is

1207 1334 2173 161 soo sal ick het met patientie wederom verwachten ter wijlen blijve

926 1407 824 134 brussel christiaen segers

2943 1422 299 128 28 ditto

1193 1455 2183 174 sedert den ul van 11 meert lest leden hadde ick gekoop ul hier te sien

1203 1579 2171 140 dan alsoo de meeste goederen nu vercocht sijn soo sal ul wel

1211 1679 2171 144 doen te wachten tot dat het eerste convoije arriveert het gene hope

1207 1737 2192 147 int cort sal geschieden als wanneer ick ul sulckx sal adviseeren

1200 1837 2133 156 ul fijn laken is noch niet vercocht om dat het wat qualijck

1176 1947 2161 121 geconditioneert is ende niet als menschen soo vees sijn dat elt

1181 2054 2143 122 al nieuw goet begeert soo gelieft daer van te disponeeren

1187 2098 2187 162 naer ul behaelen ick hebbe heden gesonden aen mons. rousseau

1196 2243 2174 122 een bewijken van ƒ 200: courant gelt bidde het selve met

1195 2329 2158 118 gelegenthijdt aen hem gelieft te betaelen en alsoo ul couleur

1165 2399 2152 174 laken is op sijn pins soo sal al dat sekerlijck wel comen

1213 2491 1934 166 benificieren oversulck verwachte ul orde ende blijve.

943 2564 870 164 brussel hendrick de smet

2895 2592 373 142 28 ditto

1187 2609 2184 203 in antwort aen den uwen van 26 deser desen morger eerst

1179 2739 2180 121 ontfangen hier sijn geen lakens in stadt volgens ul stael dan

1189 2851 2158 131 die couleuren worden met het eerste convoije verwacht all

1195 2923 2204 121 wanneer ul sal laeten weeten widdele tijdt iets voor vallende conn

933 2972 890 168 brussel Anthony rousseau

2997 3025 305 127 28 ditto

1182 3067 2172 176 ie vois par la chere vre d'hier le S. walravens a paye si iount

1162 3174 2178 167 un allingnes de ƒ200:- argent courant sur christ. aen segers

1180 3254 2089 126 longe ie doute le payemant pas si promte vous priant de

1171 3381 2163 130 prandre un peu patiance avec une i discrete, ie vous mariy

1178 3458 2198 118 il laffre pour les offers que vous m'a fait, ie parfiray mardj

961 3510 952 171 Brughe de wed causse

2993 3538 326 145 28d

1194 3624 2176 151 gisteren heb ick uliden geadviseert dat ick hadde ingetrocken ulide remiste

1169 3756 2152 106 Cop rejsel -10- 3 verlies op dat monsuer van huerck de versochte tijken

1177 3824 2185 90 ulide hadde toegesonden het e hoope tot aiden contentement sal weelen heddn

1171 3884 2180 102 i6 mij een caste voorgevallen waerom ick een rijse moet gaen doen voors

1262 3946 2127 69 4 weeken oversulckx hebick van doen en franse paspoorte en alsoo ick met

1144 3987 2239 96 de selve moet vertrecken 2 meij soo bidde mij een tel besorgen waer in de hond

1146 4070 2249 100 hier onder gescreven vermelt sijn principaeliel de clanseile van exemtere presue

1157 4142 2208 101 pet n die van blijlel niet willen geeven maer wel die van peren al waer

1164 4192 2210 103 ick geve correspondantie en hebbe over sulckx ick ulide daer toe moelick

1149 4263 2208 109 valle en bij roverir den governeur van corterijck paspoorten geeft soo

1168 4330 2232 110 gelieft van hem een te besorgen, maer soo tot corterijck geen pas portten

1166 4406 2185 62 verleent worden soo moet ui den een tot peren doeh vererijgen

3544 179 2411 112 met de ondergescreve houditien exemptere prepredalies het geene die van yaeren, sio

3528 241 2401 62 neven en die van reylel niet geeven en willen daerom val ick u moeylijck kan ulide

3523 302 2360 90 het tot corterijck becoomen het is wel, soo niet soo kant eenen expressen op

3530 370 2441 80 onfauck deeser naer iperen en doet de cligentie dat ick den sellsten ten lanck tten

3525 439 2292 86 den 3 mey hier hebbe coste wat het wil vant ick dien dagh moette vertrecken

3508 459 1084 127 soo verlate mij op isliden ende blijve

3550 488 2370 195 1 pasyert rove een maerde voor m Mesijn Coopwan

3524 636 2406 183 tot Antwerpen met een peerot en de seege en sijnen kneght gewa

3521 726 2397 151 nent tege volleurs te gaenen rijden waer het hem sal goet

3507 824 2423 187 duncken, sonder in eenege franse doeden te comen rempt de

3527 937 2437 188 represalies can het ul niet obtineren enempt de repre

3540 1040 2403 190 salies, sentse sonder dien clausule, meer die van spere

3526 1127 2184 228 geven het daegelijck en hebbe heden nogh een soo gesiht

3507 1251 1407 175 vervolgh vanden brief van walravens

3512 1324 2372 166 niet tegenstaende het bovenste soo om te toonen, dat ick liver aen u maer

3512 1454 2443 131 p & min als niet, soo sal ue twee ducatons afscrijven voor betalenge opr

3519 1505 1029 138 aie voordere differentie te maken.

5489 1556 364 152 30 april

3431 1582 908 133 aechelen Cornelis van Aken

3516 1690 2447 147 sedert den uwen van gisteren sende ul eenige staelen van spaense grijse

3521 1785 2451 133 lakens de minste prijse die ick hebbe, de modecouleure lakens van die sorte

3507 1867 2455 174 sijn al vercocht als mede de geperste bruijne ende andre grijse, wij verwacht

3513 1973 2411 130 in het eerst een convoij met verse goederen, sal ul sulck adviseeren. het

3507 2058 2298 112 gelt met den bode verwachte N417. a 3:5. 59. a 4: 4. 3 a 3:12

3496 2128 2314 176 N 596 a 3:10. 591. a 3:16. 41 a 3:15. 545 a 3:16. 522 a 4:4

5048 2253 448 139 30:d

3579 2219 568 166 Samuee Ceemitt

4372 2228 302 144 dt

3420 2290 113 182 Lond

3538 2286 2391 228 S serce my laston the 2. curt non from you, you yo. 2 packes oftykes

3501 2436 2406 161 bof loaden N.1 aboaro the hope francois beereock m. n°2 abour ds

3484 2513 2441 134 francis alement de manck, they intend to saile the firs t good vinde

3525 2609 2404 177 convoij beengreddy att ortens to saile the charges from hence to

3515 2683 2417 206 ostend aboard are ƒ 60: 3½, & added the provision &o have you inilo

5407 2799 525 152 flemish ilo

3494 2802 1603 205 les the need acctt where by rest due to mee £

3504 2905 2341 177 sed also bils ofloasinge of boath packes god sond them well over

5478 3016 236 143 60 d.

3498 3021 1806 197 whilst I restby shal dispos of dis rest nex post dis hout

3417 3122 2520 202 oterdam iAbramde bra, den uwen van 27 deser wel ontfangen beneffens de

3489 3257 2354 120 polissen van de £ 250 gereassureert het gene hope aen sacop le fort en

3498 3367 2422 144 companie toebetrouf sijnde, segeur gaet, omdat men mij bijrickt datter costij

3479 3462 2419 160 veel ereupele assuradors sijn, daer en tusschen ben verwondert dat ul de

3489 3537 2409 205 £100 van livorno op Amsterdam lujt a 12p. nademael de vraege

3472 3645 2475 206 van den makelaer self maer en il 10 p: gelijck ul bij sijn eijgen ingeslo

3493 3731 2439 228 ten notitie can sien ul preponeerende divoir te doen iets minders te bedinge

3494 3829 2416 201 en in plaets van 10 geeft 12 van venetien op Amst. heeft hier maer

3482 3965 2443 166 12p: ende uwe prepositie was maer 10 oversulck geloove dat het een abves

3491 4048 2461 199 is en daer om sende denolisse wederom om den prijste doen veranderen

3480 4146 2415 152 ter wijlen niet tegenstaende ul remittere ƒ 265:17 ten laste nicolaes

3489 4215 2427 168 bene in rotterdam op sicht, besorght het noodich, geeft den ingesloten

3473 4307 2466 181 citto voorssganck en laet redres op dese police gemaekt worden ter wijlen

3474 4365 2412 139 ick noch tjt blijve tot blijve. de hope woort gelooft in conael convoij te sijn
