8920 4678
1740 165 2398 124 et vre argent dhollande pour vre disposition carune trois autrement

1596 223 2488 161 et cela encor seulement pour vous rendre service pandant que ce suis

1825 298 448 152 naerd rover

3415 311 693 173 adij 23 April

1822 388 2248 156 Antwort aen duwe van 18 & 19 deser ben ul danckbaer voor ul

1832 498 2305 126 ick hebbende daer op voorgenomen dat remitteeren naer cadix te staecken

1848 599 2251 102 te derrewaerts wat te teeckenen op de scheepen die van hollant naer

1847 680 2231 128 ix met het eerste convoij staen te vertrecken, welcke convoijonse

1828 720 2309 161 ente andelaers voorgeven van 10 a 12 oorhoogh scheepen sal bestaen

1840 823 2283 100 alven versoecke van ul te lweten wat men costij daer van seght

1840 898 2293 147 e tot wat prijs men daer op teeckent, oock wensche wel mij de billietter

1838 1021 2279 111 liefde toe te senden van de principaelste bekende scheepen op cadix

1836 1093 2270 140 laeding, hier woort a 9 & 10p. to gedaen versoecke de billietten m

1846 1192 2274 133 te beter van de montere bekent te sijn & op hun retous met het

1839 1268 2218 95 ver mij naer advenant in de arssurantie te reguleeren, soo lancke

1848 1356 2199 122 le oosten wint continueeren hebben wij van engelant niets te

1849 1422 2299 153 wachten, blijvende de wisselop londen hier ontrent op 35 a staen

1853 1518 2247 115 k daer wort wijnich oft niets gedaen om dat ieder naer de brieven

1852 1613 2087 146 ot wachten, dingeslotene derrewaert versoecken te expediceren

3597 1671 497 154 Adij 25 ditto

1859 1699 507 139 comas potter

1881 1737 2248 166 last to you was on the 18 past, sence non from you occasioned bj

1839 1872 2305 142 e contrarie vrindes there beinge nouw 9 past beinde. the steetshon

1839 1952 2292 116 ll for hollandt lief in the river of london & kan not comeores

1846 2042 2306 139 the windes, turnes in the meane while I hope that you martut

1844 2125 2297 160 well stored of goods, so take yous measures as for your selfm

1844 2184 2301 188 ninge of what I desire bij de forst convoij for hollandt I rapport

1845 2281 2294 146 i have still the patterne whith I send yale 3 sanuarij last pleased

1845 2383 2299 135 bij the 12 single dosens of about 3 6ve raw w. omitted to that

1852 2443 2257 143 der what modecoleurs you can not finde to my patt. by insteed

1847 2559 2244 128 ayes tow1, 2 or 3 lett alsoo 2 packes more bee bought to the

1847 2648 2251 142 me instructions bed & patt. of 3 Januarij last, such as you sent m

1850 2719 2231 159 2  packes N. 3 or 4 naw onder way.. soo that this order iuf

1856 2795 2235 146 3 packes of clothes each to containe 19 single dosens. toilleted

1864 2909 2231 108 well them of 3ƒ6 a yard rouw as the fines such, soo, al by that

1847 2972 2296 133 bruckion of 3 sanuarij lest is expressed. butt in cas them patt. are last

1855 3065 2241 143 ill sent your orders I whilst you can buy the graynes videliect, stone

1855 3134 2139 168 eel & iron & ice grayes furthes on pack to containe

1858 3198 2241 207 10 manchester baye of tt 30 a p. of 10 ditto of t 32 a 33

1861 3326 2272 179 titto of 40 st, 10 ditto of £44:45:46 to beinge 40 p. in one

1766 3407 2370 197 pack as sone, as I know to prise courant of white kersies shall in order

1762 3490 2386 178 some & for what s order shall sent you remises directley & in large tunder

1750 3586 2337 134 when wee have letters from engelant sent you inclosed patt. segled thes

2317 3649 1793 103 forwan werplost ofdos thel instruction & kie them wel

1505 3682 2612 129 London walter & vWilliam kerst for servet for the fature I& theij beinge all goods 25d

1767 3754 2337 104 sence mij last of 18 cour: no post come yett neider do wee expect ennay

1773 3849 2325 132 or ship from engelant, till the windes tbe tounes, in the meane whils

1757 3952 2376 101 time passes & wee are tocaire for winter provisions for I feare

1747 4033 2396 103 wee shall ardeley have an other convoij wich for august next, they wrij

1752 4102 2376 110 from hollant that all your letters are att you side: soo expect my

1762 4161 2392 154 orders compleated in sp: clothes red clothes & flannels, as apressed

1770 4264 2373 121 bj fortmerlywhelst I delire you to continiue a beinge the spansclottes

1783 4310 2357 133 te the inclosed patternes the low prises thare are to bee had then

1779 4415 2183 77 other tare nieuves coulleurs the s, soo praij sent some patternes
