8214 4637
2608 157 702 130 Adij 18 July 1696

879 165 650 170 brussel herre lion

1126 198 2237 186 in antwort aen den ul van 15 deser ingeslotende noodige procuratie

1110 324 2264 88 voor al schoonsone om de daeringementioneerde bemden te vernaederen

1127 403 2251 96 sich bedienende vande bij sigge notarsale insinuatie notarialijck tot mechelen

1128 479 2139 93 alreede gedaen ick en twijffele niet ofte het stucken goet het gene int

1123 538 2203 119 een hof moet gepresenteert woorde can volstaen van de weerde van

1123 603 2209 143 30 stuy oft daer ontrent en dat ul van soodanige voorsien is, anders

1132 683 2218 156 soude ul soo danige sende, ick geloove den cooper niet sal compareeren

1123 719 2254 185 maer sich laeten versteecken ende alsoo geen cooppeningen sijn betaelt

1126 815 2207 180 moet ul daer parficuliere nota van maecken oock consideeren dat

1118 897 2215 191 ick de peningen self moet geven, waermede het den mombaer van

1133 981 2115 201 mijn kinderen soude betaelen, en alsoo het een de selve borsen

1137 1071 2075 183 ende partije geen coopeninge en heeft betaelt soo geloove ick de

1138 1189 2167 125 consignatie sal comen geexcuseert worden, ende met het voldoen

1131 1255 2166 152 van het recht van consignatie te volstaen, bidde alle mogelijcke

1097 1356 2208 144 sorge te draegen om soo veel te spaeren als doenelijcke is om

1136 1466 2121 137 dat het bijde voor mij is, wordende in dese den naem van

1095 1526 2205 194 Dhe Celias volgens ul advies den naem voor de for maletijdt

2921 1656 331 132 20 ditto

1101 1664 362 145 gebruckt

862 1700 1204 180 mechelen gilis van Cauwenbergh

1140 1748 2207 182 naer dat ick op 18 deser op ul hebbe geschreven, is jouff. hilma met

1138 1845 2222 176 hare soonen gisteren naer middagh bbij mij geweest om te sien op wat

1136 1936 2197 139 maniere onde sake te accomodeeren, mij docht sij soude wel wllen

1135 2012 2171 167 eenich gelt geven om cooper te blijven: ick hebbe hun gelijdt dat

1139 2105 2160 149 om merckelijcke rederen aen de properitijdt niet en is te comen

1144 2199 2094 177 en soo sij niet goet willichlijck daermede vergenoeghde dat sij hijn

1136 2328 2092 105 daerover int leenhof mochten detendeeren. sij vraghden sonder

1125 2349 2158 201 preiuditie van hien recht de partije te hueren voor 12 iaeren om

1133 2459 2041 154 dat ick hen voor dese een huere van 10 a 12 jaeren hebbe

1113 2534 2241 207 gepresenteert, en daer ick oock niet wel uijt soude connen waertsalen

1137 2645 2154 168 dat wij over den prijs eens ware, hebbe heer ƒ25: iaerlijck gevraght

1130 2713 2196 180 presenteerden 15 sonden gelijck S. francen nu 6 iaeren heeft gegeien

1128 2821 2132 168 waerop wij soo onverrichte laken sijn geschijden niets corditie

1124 2897 2225 147 dat ick Ph Clias soude sprecken, ende aen in 1 a 2 dagh adviseren

1124 3004 2224 164 wat wij doen oft laten mogen, mij dunckt uwe hier moet tusschen

1131 3105 2200 105 bijde comen, ende op het beste mogelijck die aen hun te verhaeren

1141 3190 2148 109 en hebbe liever wat minder in prijs dan dat sij daerover al te veer

1141 3279 2165 105 souden gestomageert sijn, sij sijden van gedaene costen et. waerrp

1143 3361 2154 134 ick niet anders antworde als het gene hun wettelijck toegamt

1132 3471 2102 133 sonder contradictie soude vergoeyt worden, dat se nu eene

1131 3523 2148 170 conditie van huere wilde aengaen ben te vrede de partije voor

1114 3624 2110 121 £20 iaerlijck laeten soo sij vrij gelt soo veel geven wilde dat is

1139 3689 2178 139 alle foeijogeeringe oft anders wat het soude mogen wesen tot hunne

1133 3779 2127 155 lasten, niets ick jaerlijck £ 20 vrij gelt soude mogen hebben

1143 3858 2181 175 al was het oock iets minder op dat mijne kinderen de properitijdt

1142 3935 2198 150 behouden, ten sij de selve in de opinie van de menschen. ick sijde

1135 4029 2173 132 aen Dh. helma dat sijne vrinden op die partije hadden genomen

1126 4117 2242 159 £1000:- ende hij mij hadt doen geloove dat het op de 10 2 binden

1136 4217 2236 135 samen hadt geweest het gene gaerckelijck differen de, enderalfier

1140 4302 2200 142 de leden tot casendieringe huffisant genoch waeren et: ick hebbe

1135 4422 1997 68 goet gedacht ul alles dit te kemen gegeven om hier over de

3514 173 2464 149 in stuckie te hebben op wat mamere ick sien antworden, wegens het verhuer

3529 253 2396 153 sijnde inde gedachte dat ick R Eligh een brief soude doen schrijven

3524 319 2386 178 dat hij die partije calendiert ten opsichte van de weerde waer van hij

3516 403 2325 170 soude aftandt doen, soo sij de £s000 wilde rembourseeren die hiunne

3512 502 2451 192 vrinden hebbe opgenomen en waerop de selve is geinfingeert geworde

3520 596 2172 192 echter bujten ul raet met die citto afwachtende blijve.

3432 728 52 92 6

5166 675 643 195 23 Jule 169

3411 711 305 201 en henb

4512 783 70 92 th

3493 785 2478 222 S. my last to you was on y. 15 cur. with order for 10 sp clothes more tebe

3541 926 2413 144 added, 1w & formars hope have reached y. handes, though sence non from

3530 1024 2416 166 you, att 10 I wonder, yett exspect that you loose no time to compleatt al

3498 1101 2451 209 my orders to come for f. first convoy, & if anney presentr for holland before

3508 1193 2454 186 ostend, faile not to send a Pack of sp. clothes that way, thereunder

3493 1276 2455 235 2 a 3 supre fine for I want fine cloth, & y courest sort I have

3530 1370 2411 262 seen ul bilt en Jansacken for £420: att 29: 11 de s0 G: orspect

3511 1482 2430 239 you shall do noless for mee, all that have payd you fot yo

5174 1587 722 190 J if sach Daynent

3485 1635 1385 201 donnghts have been the happiest these

3497 1700 2444 242 ques you content, why should you not take y same on mee, I leave

3497 1811 2423 239 my remises in money, in cash with you, because I now order againe

3499 1941 2399 215 what I remitt you to returne by protest if not payd in monne y

3505 2054 2429 208 for what Iow you s order to bay, draw on mee att least on the

3500 2149 2408 196 termes proposed by for marsy pray lett mee have every porst advise what

3498 2297 2415 194 posses, & faice not to compleat, my orders in all respects, & draw att

3494 2369 2380 197 legst a, thousand nound, whicte is the needfull att present fro

3491 2473 2442 199 inclosed £290:- on tourton & quiger, procured the needfull, when white

3481 2596 2473 130 colchester bayes. come to format prise tuij 15 p for ostend, butt pray bet

3497 2656 2399 134 mee have the whitest. 2 sinest for I fird difference lett the finest soh clothes

5410 2733 521 103 'att oftand wher shere

3498 2760 1934 112 beschipped aet tarrivell of the p onvoij for ostend that f can gelt themout

5433 2803 146 103 3d

3419 2785 833 124 stende mons: bruno mons

3494 2835 2411 157 ick ben gewoon mijne goederen van engelandt comende te brugge te doen

3483 2937 2413 105 verclaren, doch die offfcieren, willen niet gedoogen dat men uyt 2 a 3 schepen

3499 3029 2390 134 te samen eenige goederen soude lossen, dan dat ieder deen achter d'ander soo

3492 3107 2414 123 sij aencomen hem beurt hebben, waer door het gebeurt dat men somtijdt 14

3496 3189 2418 143 doegen wachten moet eermende packen hier can hebben daer men haestich

3482 3272 2358 119 mede is. men plackte mij tot ostende somige goederen te verclaren

3487 3340 2470 171 van costij par bargie op brugge en gent te senden en van daer par wagen

3479 3440 2417 119 , soo dat ick den derden oft vierden dagh naer het arrivemt van de schepen

3477 3550 2452 122 tot ostende somige pack en hier hadde, deralve is mijne vraege oft ul in dier

3477 3619 2467 138 gelijcke occasie mij can dienen, en oft de schepen van londen costij goederen

3485 3698 2455 172 lossen om vervolgens mijn messutel,en ul te ordoneeren wat goederen

3482 3784 2312 160 costij te lossen, ick sal sorgen dat de packen het laeste aen boort gebroght

3473 3884 2452 116 worden, gelieft wijders te adviseeren wanneer ons convoij naer londen staet te

3474 3947 2468 188 vertrecken van wat force en hoe veel schepen dat bestaet, en wat daer onven

3457 4009 2327 202 voor valt om mijn messeres vervolgens te nemen waermede blijve
