7952 4621
2920 179 412 132 19 aug 95

875 191 606 200 brugge Coots

1074 242 2234 225 Ick hebbe den ue van 17 deser gisteren over gent beantwoort, & tsedert

1086 339 2260 166 schrijven van herrebout becomen waer by sien dat die van gent niet minder

1101 420 2235 171 troubles maecken als wy, het is noch verre van huys dat teasteel van namen

1106 513 2239 170 op t snicken leyt van overgegeven te worden & vreese noch wel eer de franson

1105 591 2218 188 eene expeditie sullen gedaen hebben, wij weten wel dat t casteel van namen

1094 685 2258 141 over was, dat hun leger haest soude verdwjnen, hoe het is ofte niet, godt schoade

1088 749 2252 170 ons van voordere schaede & gebruyckt doch alle mogelycke devoiren & voorsientien

1034 838 2238 174 om het goet best te verscheren, & gelijck herrebout oock schrijft soo sijn

1097 936 2249 163 alle de waeters gestopt & moeten de goederen tot gent overgeslaegen worden

1120 994 2218 170 ondertusschen hope iuk dat eenige saecken packen sullen connen p bargie

1105 1076 2240 192 voortsgaen & gemerckt dat ick in soo veel differente schepen een hebbe

1112 1174 2203 170 soo can het niet missen, wie lost ofte niet ofte daer is een laken pack by

1102 1281 2237 162 van tmyn ofte N78, die serge pack wan mners 16 deserel

1103 1339 2230 209 claer en 17 d. ons Andee beamenderlofen soo hope

1093 1438 2250 204 ick geste een pack en heden noch een oft 2 te gent

1124 1528 2223 221 voor mij sal west de vinden meese aend

1093 1648 2251 197 officine ons vrosrk nu voorhoude en dat de

2832 1752 52 65 ƒ

1069 1756 2274 217 goed sonder p de halle te comen nghtst

1070 1849 2281 234 gesonden vvvnde, en gewaer het voodich dobbel

972 1965 2353 207 gjlt te geven om de placken te doen lossen, volch ti

1086 2062 2250 191 erygen om die deensap over dander uyt tn doen

1090 2187 2236 181 bidde andermael dr perticulier devoir van

1052 2279 2241 214 me tgen soo seer noet sooude recom waer

1015 2402 2131 228 dae niet soo merkelijk waere gentiesset

1047 2457 2287 268 rijft mij logh wat passeit hebbanden. brief als

1108 2575 2199 255 ges. geseyt ider int genicusen te lesten gege blijve

2883 2689 243 169 19

847 2729 1001 251 Gent fran hene Baut

1047 2788 2296 252 in antwoort aen den ue venigest. onkoecken sullen ij

1099 2940 2216 167 naergent begen e com  leet alles wistt

1209 2983 2131 199 vtgaen tschepe en te wagen gelijk geordoneert

1077 3094 2226 188 madr sien wel wel dat geen schepen sonder froms

1138 3183 2207 223 asport afcom, en dat oockk niets en wat

1079 3319 2174 159 eersanden soo de fausen bij oft ontdat eeen syn

1090 3374 2254 179 & in cas van bombardeninge de goed  gevovd

1097 3467 2231 177 worden naer den cant van 2 sal w vrsij

1081 3561 2252 210 rugsen seerijhee sijn ick hope heden e monen pajag

1086 3643 2261 190 ean iels te ontf waer tat den bode lenaers bij u

1055 3768 2281 191 heb gaen paten no en is wmet sekes, men heeft

1088 3866 2253 170 en casiael maer ksevwel leegenen te besetlen verlaet

1095 3971 1610 157 won aene wat abtin en blijve

2923 3994 148 160 20

856 4054 587 213 brugge coots

1113 4097 2241 202 &dit mepten van get den ue van sjlven dat is vco

1048 4226 2183 140 dit ons dan meerder confres maet als deveige

1065 4306 2296 139 aerbu seeen gen peryhel te vormnden &

1089 4383 2260 120 daer en tatlen hort gj al de goode estwer in

3525 109 2449 195 2dien veroelen ue oock

3511 204 2478 209 al de orgent alwaer ne in geedt pesnes is vnde esanden

3531 295 2423 185 te ontf emen seght naer manten walle en soo lanck die iet

3532 407 2471 187 op df  laemse rede naeden, en dat de barge continuere niet

3479 491 2465 203 sport vrisste van soo but mijn goet af sal een oft

3487 584 2497 185 2 packn ottfanb dobbeluur vestrekt morgen, en sal beworden

3481 706 2468 133 de lielens naer costij ryd, met vele costelijckx goed, in cas

3506 793 2416 177 van goet ariven iijt laet hem een pack m ede brengen

3490 913 2410 155 dereght van de goed. connen mij niet ont slughteen

3518 1021 2446 147 da en wore die costijverbrant wind, doch om

3474 1122 2386 128 die te caser eeen oogdij daer voet oer grande

3509 1178 2470 207 want men sten hier noct weijnich aparente wanneer hit

3537 1286 2440 209 lasteel van namen sal bde sijn, & ondertrussen can door

3518 1402 2423 159 dit velarden wirt groot ongeval voor comen, waer

3519 1558 2419 108 van a gotdeewars daerom laet mijn goeloo d

3332 1639 2599 178 Magalijn met ligegn en bet. liver de reghen on diete

3497 1709 1821 156 bewan en salvenn a governo blijve

5371 1829 399 129 20 auy

3343 1816 623 213 ugn de veans

3506 1903 2442 174 uk heb u heden bode ges desen s poet de fransen

3526 2048 2436 143 trecken op so het supt om maen e ett, soo is

3489 2164 2458 133 de passagin ben costij bij provise redelghelaert, soo

3494 2245 2448 153 sent onse aond. woerts, ten besen mogelekr lijse

3512 2317 2436 165 n en n la der dat

3517 2410 2400 177 een vanulab packen pr barge conn

3500 2501 2416 159 mar gent en dander acby p raplenct

3500 2595 2472 201 oft al pr barge naer bost geraden vrom sij soch

3486 2720 2449 168 sal lot gent modten overgeslagen worden en dat soo

3495 2860 2406 151 laenck als ue can ordeele met peer perjkel tewesen

3511 2934 2430 159 als mi daende deer in als voorteygen, all met

3496 3019 2484 156 om met dobbelver 2 packn mede tegeven hy sal

3330 3123 2549 188 eeert dijnsdach bij n sijn, fs seerriybelijk geladen

3507 3228 2442 190 gaet benworden delieen naer costij, nochcan oop

3332 3342 2631 141 londen, soo barte, ragieiuck als Dobbelaer goede

3476 3456 2445 174 r passoortghobbeen, depesserende der laken packen

3473 3546 2490 134 de oort al, en doende perticuler de voorn vn

3506 3674 2471 150 may muest alb eyg nochtans de cordent ewijhe

3328 3734 2346 161 iete te wagen, so betroue mij op

3494 3843 2419 194 samieuber genequitheyt in dese occase en blijv
