7751 4595
2451 143 612 126 25 april 1695

576 178 702 196 bredael lauerijs ka

856 236 2292 188 ick hebbe u brief van 20 deser ontfangen, ende sedert oock advies

878 333 2331 186 van mijn heer roovers dat hij geen wol can becomen met 1 ofte 2

863 418 2388 162 baelen omdat niemant sijnpartije wilt brecken ten sij tot een extrar

846 492 2314 200 tagante prijs soo dat wij moeten wachten tot dat de reste van de

841 601 2367 173 schepen binnen is die ick hope met desen wint gearriveert sijn

863 684 2398 122 de w. soo haest ick wete aen u schrijven sal om dat gij al selve der va

870 750 2319 145 gaet want ick hebbe liever dat u werckvolck wandelen goet als dat ick

866 814 2267 169 jde wol soo dier sou betaelen waer naer gij u moet reguleeren blijve

2549 904 587 112 van 25 aril

581 895 1815 255 londen vervolgh van den brief van kent

870 965 2301 180 temade up of about 16 pence a yeard 3 of 17 a 18 ifnot

867 1096 2306 154 itt must be for next convoy as soon as I know wheit shall

861 1192 1578 157 be shipped shall in large whilst I rest

2685 1241 204 195 25

620 1304 788 183 russel Bausseau

908 1388 2300 165 110 ven desen va abuevala quelse ienderfen

874 1494 2200 134 eepende ht eelettob desengleterneeno

854 1578 2232 176 manquent et an besomen £150 p vr

840 1670 2363 177 met midet accomodern 30 en onir

829 1794 2403 207 pme lenvoyen pour meegedia vnt qu

856 1893 2023 195 ljslettrs vrement ilekort

887 2001 2345 219 30: amstervan vededr dene

876 2187 2337 129 eticion ceult avir qil hausera

828 2272 2281 196 =fait comm ben venn seuiblera ost

813 2387 2353 220 an my tes apltis siont megtie

883 2526 1035 161 a d 16 ppillie

2522 2531 377 181 26 april

882 2638 655 128 iouffrour bouton

613 2635 208 150 bulst

883 2658 2338 144 volgens u.l brief van 20 feb: lest heeft iacob de vlieger mij comen

877 2742 2252 151 betaelen en hebbe sedert verstaen dat marous de vrent doet is. ick

885 2816 2375 160 ben verwondert dat mij heer blanchaert soo lanck dikeert dot betaeling

892 2933 2383 105 van de verloopen sonder de quitantie aen u gesonden isser wederop

883 3005 2199 101 een iaer verachtere. soo u.l het gelt noch niet hebt ontfangen

893 3068 2326 151 soo bidde gaet spreckt hem uyt mijnen naem, ende vraght wat

897 3166 2347 123 reden dat ick 3 saeren moet laeten verloopen daer andere ieder iaer

891 3207 2280 162 ontfangen ende soo hij geen gelt gelieft te gerven sent aen mij de

892 3286 2300 141 quitantie cito wederom sal sien andere middel te vinden tot

877 3387 2344 122 betaelingh angesloeten eenen brief aen de procureur volckaert

863 3444 2396 140 den 8: hem selven gelieft te beandigen ende versoecke ten eersten

874 3517 2204 136 daer over de willen antworden het welck verwacht hebbe blijve.

2825 3626 209 115 26d

631 3623 1093 187 Brussel Anthoni Rousseau

898 3666 2243 177 depuis ma derniere dhier receu les 2 vres du memdae pour la

879 3771 2387 156 remise de £ 414 sur godevaert schaep il dit quil payora lundy prochain

881 3879 2344 113 a cause que de femme en a ordorne a 2 iours de vre aen obstante quil

866 3981 2236 149 soit accepte le 25 meij 1694 de 8 sance, cependant si vous ne

887 4037 2244 166 voulez pas que i'attend ce temp la ordonne le protest iaij ioint

875 4101 2304 165 les 2 autres petittes p le mesme accepte, puisque mont vre beau

880 4183 2352 178 frede soit recevent, ivous me pourrez rendre tout le requise pour

881 4300 2343 143 le fond de mille livres que ie vous prie de mettre dans le levec

3477 150 2310 114 de ƒ125000 a scavoir cineggent livres sur mon nom et £500:

3488 195 2420 157 ser le nom de ma belle soeur onne bouwens a condition que iaurez

3493 330 2417 92 avec les lettres des rente copies des actes requises comme au pied de cette

3485 397 2424 132 comme ondonne ordinairement entel occasion pour la valeur vous prerck

3487 487 2480 147 sur moy quand il vous plaira avue peasse, ou si vous me lcaurez quand

3503 558 2358 132 largent doit estre conte pourroit estoe pie ie fournerois partie dicy

3481 658 2378 161 pour la lettre de ƒ62½ pistoles le Sr bombardo estant en hollande gra

3485 731 1252 158 adiusse a son retour puisque ie suis

5432 806 513 166 28 april 95

3294 817 973 199 londen Richard Southeel

3516 898 2350 196 6 posts been come together finde 2 of yours of 22 past & 9 cur

3509 1042 2383 160 goods must be vere scareie that I have no accompts yett whoever

3488 1116 2426 176 I hope you shall not disapoint mee, butt gett all cleare readdy for

3483 1213 2396 159 this convoij for ostend, wheater 2 english man of warr are goeng to

3492 1316 2387 118 convoij the ammonition ships, & where with I suppose the vessels

3495 1407 2389 142 that there loaden will depart, & I shall finde my self disapointed

3484 1498 2424 142 in case non copachs comes with them from you, yett haveinge ordered you to

3495 1599 2347 126 ship what you shall have readdy for mee, little op much, so must

3495 1705 2458 125 exspect other letters to know what is past, in the meane time so is my

3510 1796 2374 157 order to buy, when the opportunitie best shall presents 50 white

5233 1888 186 65 benc

3481 1885 2433 175 flannel yard broads assorted from 14 a 15 to ef must part about

3489 1972 2365 149 17 a 17 & 4 curious ones of about & a 23 pen & when white cottons

3913 2054 289 82 & cheapeck

3489 2080 2467 134 shall be best to be had, to buy 12 demie p from 20 to 22 pince a goad

3501 2198 2399 100 to be one pack, & each to be measmed afte particularley with the yeard

3491 2266 2399 135 & in the invoyce to note, first the yeard,  then the good as ithey cost

3489 2345 2464 151 d0 m kent doth, itt beenge comodions for us, because wee seel by the

3472 2420 2480 171 yeards, as soon as Isee invoyces & patt from you, shall order more nor=-

3514 2480 2477 181 threns& spans clothes, doe as best you can, & as for your sell & rather

3499 2635 2417 131 be stow 6 pence mon then I ordered to have a good cloth then abate

3509 2719 2389 130 a bad prixe to finde my order, for I can better sell a good cloth of

3512 2831 2319 144 7 a 8& then abad prise of 6 s, when you shall iudge time to buy

3495 2893 2453 205 goods in the nord, lett them yo white kersies be bonghe 30 yeards

3494 2985 2356 201 of standsield, rillyes makinge, or standfield or the like, butt I desire

3510 3094 2390 150 non courser then standfield, lett 30 thers of be send up to londen

3503 3196 2398 134 to be shipped for ostend & 40 to be send to hull by the first convoy

3493 3251 2424 192 for holland, lett also be bought 20 heavie white bayes from 44 to

3497 3366 2399 143 50 & weight & t0 of 40 8 10 of 5 a 36 , 20 of 30 s & 20 of

3503 3434 2375 147 18 a 9 6 to be 2 packes, for these orders take your owne time &

3501 3531 2369 176 gett them when you shall iudge best hopeinge that all marketts

3490 3601 2489 173 shall be well fulled next month & in June when these hasty buyes

3502 3714 2442 149 shall have their sto mach full, pray speave not now & then a letter

3504 3803 2376 164 that I might be informed what passes, wee can not butt wonder

3496 3849 2445 212 to see the running of eoe if itt doth not falli againe, shall bee

3502 3963 1315 179 att a los, yett wee must have pattence
