7896 4610
2185 129 663 140 adij 4 Juiy A 1695

989 174 2307 213 vander gauda per claes lendereens verboch op antwerpen 5 packe

992 282 345 124 te weten

1343 328 1106 154 N°6 met 32 witte kersijen

2671 323 187 145 ƒ 120

1921 422 613 142 18 ditto onder de

2656 449 196 131 30

1944 515 530 125 50 piet kersijen

1310 557 1521 171 no7 met 40 witte baeijen onder de s120

1295 669 1536 157 n°12 met 25 vritte baejen onder de ƒ20

1942 779 566 135 25 ditto onder de

2692 787 122 148 30

1944 879 389 126 40 stucken

1281 951 1558 117 n° 19 met 32 witte kerseijen oder sƒ20

1940 1046 543 115 18 ditto onder de

2649 1051 145 167 30

1914 1148 453 168 50 kersijen

1268 1265 1278 176 N17 met 12 gemengelde ordineire

1497 1385 1021 158 gemengelde couleure lakens

1835 1466 515 135 2 witte baeijen

1488 1533 1256 181 dese 14 stuck door een onder £90

1395 1647 860 165 noch eenen witten baeijer

1315 1756 1245 160 N°19 hout in 12 lakens en 3 baeijen.

730 1844 841 156 Rotterdam abram de bra

957 1860 2328 209 Mons. duwe van 23 en 30 passato ontfangen als mede de 2 pack

993 1978 2292 175 N° 70 en 71 ick hebbe voor dese soo danich goet ten deele alltijdt

1001 2041 2189 182 voor dosijnkens aengegeven en comen van londen meenichte

985 2133 2292 165 dosijnen gelijck Dheer rosendael met selve convoij heeft gelregen

988 2249 2250 147 ick ben blijde dat het convoeij van hul wel is gearriveert ick

985 2288 2274 218 sal sekerlijck daer bij sijn geintresseert, doch alsoo ons de brieven

992 2380 2279 164 van Engelant mankeren waer van 3 posten in hollandt sijn

973 2482 2320 202 soo can ick ul niet seggen wat voor mij gelaeden is evenwel

999 2545 2294 190 u.l sal vinden een pack p N45 inhoudende 10 gemenge

977 2687 2303 153 noortsse lakens aen te geven, en te verclaren voor 39 ½ dosijnkens

996 2747 2236 166 van ieder 18 a en 2 witte baeijen a 65 samen wert ƒ 2150:-

983 2842 2260 145 een pack  N°6 met 32 witte kersijen ieder van 38 a wert

989 2932 2188 157 ƒ750:- soo dese uwe ter hant comen, gelieft die te verclaren

988 3008 2262 143 en voorts te senden ter wijlen per naesten uwe conossementen

982 3077 2121 195 sal toesenden met voorder advies blijve naer groetenisse.

2715 3177 135 112 4d

720 3199 908 194 leijden gerrit vromans

973 3215 2252 217 ick heb u.l brief van 7 deser op sijnen tijdt ontfangen en oock

997 3330 2291 139 de 3 lakens daer vermelt die fijne sijn hun gelt niet werdich deo

981 3406 2202 111 u oncosten vallen groot, can mijn rekeninge niet vinden

969 3485 2330 158 ij goet valt te voddich en slap, de blauw misverft de voorgae

978 3558 2235 155 de 2 roeij niet vercoopbaer soo dat ick niet wel aen mijn gelt

971 3625 2297 161 sal geraecken u.l moet die verver die de roode geverft heeft

981 3696 2308 209 daer voor een ruijme satiffactie doen geven ten minsten 10 stijj

2537 3788 66 61 9d

993 3812 2265 146 per a want ick moet die hier noch eerps. herverven de 3 leste

987 3849 2310 189 lakens worde u.l maer ƒ24 arbijdts loon te rekenen ick hebbe

1004 3938 2265 180 u.l rekeninge naer gesien die ick u schuldich ben te weten eerst

3078 4052 143 99 90:

979 4044 1301 161 het brijden en verven van 2 lakens

3012 4111 245 126 1247:5

982 4127 1214 153 de tweede van de 6 lakens is cort

1001 4172 2054 159 missekent in de oncosten ƒ1 en in n°191 ƒ5:19 soo

988 4277 1242 125 die facture blijft maer ƒ1240:6

2964 4290 290 166 ƒ 694:3

958 4313 1565 162 de derde rekeningen van 3 lakens bedraght

3516 174 2448 124 doch daer in op n°1016 tot hun naerdeel 10 stuijvers en in oncosten tot mij

3510 225 365 133 6 stuijvers

5631 286 334 125 ƒ 2024:18

3498 248 1564 193 volgens u rekeningen ben ick u schuldich

3504 339 2488 163 waer op ick aen u.l hebbe gesonden op de 4 april lest leden eenen wisselbrie

3514 486 2473 121 tot laste delphina essam in amsterdam van ƒ900 in banco is met 4 ½ percen

3493 543 354 105 van ag10

5532 567 415 145 ƒ 940:10

3510 579 1241 173 soo soude ick u.l schuldich blijven

5626 677 309 114 1084: 8

3513 732 2076 141 dat ick nu wiste wat hunl sou connen aen die carmosijn

3508 782 2054 172 verver astrecken ick soude u.l de reste met eenen senden

3501 851 2082 145 daer om spreckt die man eens om te weten wat wij daer

3504 919 2088 168 mede doen sullen te weten die n° 283 en 508 geverft

3506 993 2131 181 heeft, want ick van sonder die te verbeteren niet vercoopen

3503 1113 2095 144 hier op sien u antwort te gemoet om te weten oft wij in

3498 1226 2450 120 Conse rekeningen accorderen gelijck als boven schreven, want op 24

3510 1278 2476 157 mert heb ick u.l de anteriele partije betaelt, op ontfanck van u.l

3511 1350 1510 157 antwort sal ick u rest senden die blijve.

5258 1393 181 181 9d

3304 1461 573 197 leijden bermanse

3520 1484 2354 187 eersoamen vrint ick heb u brief van 28 passato ontfangen maer de

3516 1607 2445 125 lakens noch niet te weten N°30 en 31 ick verwacht dese dese wecke, sendt

3505 1662 2480 169 mij nu eens de rekening van al het gene gij berijdt hebt tot n° 31 inclis

3500 1749 2431 187 want N° 32 sal op nieuwe rekeninge sijn en sal laverijs ka u.l

3513 1846 2380 154 noch dese weke 3 a 4 stucken senden, en gij sult die int toecomende

3495 1925 2421 173 doen persen gelijck lebenf doet en ick wensche wel dat gij die oock soo

3501 2015 2469 184 brijde want sijn goet is beter berijdt en geandelt als het mijn, daerom

3499 2095 2287 162 moet gij daer op letten, ick geloove dat N 35 bequaem sal sijn tot

3508 2205 2389 120 carmosijn draght daer sorge voor en laet mij weten hoet dat valt

3515 2268 2162 127 en sendt mij uwe rekeninge gelijck als boven ter wijlen blijve.

3312 2304 1049 176 Brussel giluam Walravens

3509 2386 2440 198 in antwort aen den u.l van gisteren ick can u.l de lakens die

3491 2503 2468 191 gijvraght niet senden ten waere saken gij den prijs wilde besteden

3492 2557 2465 221 gelijck ick hebbe geset dat gij hier waert gij moght dingen maer

3492 2655 2459 211 om uwe absentie en heb ick niet willen loven, en binnen 2 a

3500 2740 2479 240 3 maenden sullen die sorten bij avontuer & a 10 per a meer gellen

3497 2872 2473 210 daerom sal ick patientie hebben ift dat u.l helders voorsiet, ingesloten

3501 2942 2457 177 sende ick u.l eenige staelen van flanellen sende van iederminero

3500 3035 2466 186 seer wel voorsien den minsten prijs staet daer bij examineert die

3501 3130 2468 188 vrijelijck tegen andere en al hoe wel het goet in engelandt dier is

3503 3225 2475 176 soo laet ick het u.l seer goeden coop, ick hebbe noch seer curiose sijne

3494 3278 2371 213 gekeperde flanellen, en ongelheperde van 19 stuijvers del, alles

3510 3368 2412 212 courant gest, ick hebbe de ses stucken lakens bij provisie aen deen

3477 3479 2488 211 sijde gestelt en soo gij niet en begeert en mij morgen niet enants

3475 3549 2496 193 wort soo sal ick niet wachten die te vercoopen, ick doen dit om

3491 3653 2443 206 te toonen dat ick voor u.l doen wil al wat mogelijck is, sende

3487 3763 2047 163 dan daer niet een duijt aen af te dingen, blijve.
