8060 4582
2599 142 785 156 Adij 21 xber A 1695

1026 142 831 171 Brugge Raphael Coots

1227 216 2177 169 ul brieven van 10„ 16: en 19 deser ontfangen ul trato promt betaelt

1224 337 2185 112 ben blijde dat ons convoije van londen gearriveert is hope Jan bo

1221 433 2181 148 en soos de pouw daer bij sijn blijvende d'expeditie van N.2 als gemelt

1219 519 2192 141 uijterlijck gerecommandeert als soude het iet extrodinair moeten coster

1219 590 2176 157 in gesloten, de noodige certificatien adviseert wat passeert die blijve

925 641 850 154 namur Philippe lurond

2820 663 402 129 a 21 ditto

1203 662 2172 222 Monsr en suite a la vostre de 18 court, ie vous envoije auiordhuy

1209 770 2196 209 par engelbest une piece de drap de pacp £ ionce march fort bien

1207 854 1688 178 conditione paijabel en argent de change la piece

3144 940 255 99 £24:10:

1203 955 739 141 une livre de cassee

3138 997 267 76 „-:12:

2777 1015 632 150 ensemble £25:2:

1193 1116 2200 119 la melliere cassie du les bonne est si chere que ie neu pas envoiye pl

1212 1240 2200 133 quyne liiere en trouvent bonne ordonne librement d'avantage

1205 1290 2200 156 et tout ce quil vous plaira de memme marchandise, ioy ne mang

1215 1398 2172 153 puere pas a mon divoir pour vous bien servir, ie vous soiets

1218 1443 1916 168 les festes de de noiel tres glorieuxe et salutaires ie suis

938 1538 999 148 gent francois herre bous

2947 1535 342 165 22 ditto

1203 1595 2168 124 in antwort aen den uwen van 14 deser ick sal ul assingnatie

1201 1744 2213 103 promt betaelen, tis mij noch niet gevracht par aventure en

1218 1821 2169 108 hebt gij de assignatie noch niet gesonden in welcke gevallen

1211 1877 2194 102 versoecke die aenstons senden wilt, soo haest u een pack

1213 1947 2184 128 ter handt comt sendt het sonder tijdt verlies ter wagen hemem

1194 2032 1249 143 met advies wat passeert die blijve.

2923 2061 333 140 22 ditto

959 2057 698 162 loven Jan de goede

1175 2146 2228 146 ick can mij niet inbelden eenige reden waerom ul mij niet en

1207 2267 2203 153 betaelt, wilt gij van mij niet meer coopen patience ten mnst

1195 2337 2178 146 betaelt dan het gene gij mij schuldich sijdt: de menschen conmen

1204 2466 2195 114 malcanderen wel ongelijck doen, maer dat sal voor godt soo n

1207 2501 2197 173 verstaen worden, die niet betaelen, nochtans betaelen conmen

1195 2595 2200 148 doen niet veel beter als die een ander het sijn onthouden

1205 2720 2181 143 tegen rechtverdichijdt ick en wete niet met wat gemoetul

1178 2805 2214 153 sulck doen can doch ick wete dat tot leuven oock goet reckt

1173 2894 2229 125 is, en door experientie ondervonden dat ick op die manier wel can

1187 3009 2207 128 satisfactie becomen, gelijck ick oock gesint ben, te doen in gen

1206 3077 2185 160 gij mij niet gelieft promt te betaelen, soo hebbe dan gaetgeh

1184 3150 2220 147 voort lest u vrindelijck te vermaenen, oo dat ul geen reden soo

1178 3243 2191 126 hebben ovor mij te clagen soo ick ul cost aen doen het welcke

1191 3354 2217 155 verwachte sult preveniere het welck ul mensche een salichy

955 3394 1005 137 loven bartglomeus Corthout

2895 3444 331 110 22 ditto

1189 3490 2208 156 ik heb u brief van 23 sber lest leden op sijnen tijdt wel ontfan

1180 3576 2214 150 den selven heeft ul met wat passie geschreven doch dat is van

2317 3652 92 67 les

1169 3664 2222 143 een goede vrintsoo swaer af te nemen dan tis mij gevoelte

1171 3753 2218 158 dat ul soo wijnich considereet den tijdt die verloopt, en dat ick

1173 3859 2205 158 met schulden in mijn bock een ander niet can betaelen ick

1172 3916 2217 142 vinde sedert het 6 jaeren ontrent ƒ1400 hebt bestedt waer

1174 3983 2224 190 nu noch over de 300 resteeren, en in apris aenstande sal diu

1178 4067 2219 177 schult 5 iaer hout wesen hebt gij dan reden om verwordern

1169 4170 2188 161 te sijn dat ick schade bij u lijden want sce soo veel niet heb

1178 4217 2214 198 gewonen als den intreest can importeeren dat gij noch contini

1171 4312 2162 157 van mij te coopen soo soude deen handt dander waschen

3538 158 2413 137 maer niet met al, goeden vrins dat gaet met wel ick bidde ul sent

3389 212 1621 183 mij restken, en stelt mij buijsen clachten

5190 276 783 178 Adij 22 xber Ao 1695

3407 311 809 197 oven Adriaen Everaerts

3542 402 2381 165 ick hebbe nu een partije engelsche gemengelde frisetten ontfangen soo

3402 472 2575 207 grijse als mode couleuren ruijm ⅓ breet a st 38,de a is iets tot ul diens

3540 573 768 147 commandeert die blijve.

5418 608 345 125 22 ditto

3409 650 815 153 Amsterdam geraert rover

3539 691 2407 202 den uwen van 16 deser ontfangen, heb op gecomen vriese weder salde

3539 843 2384 102 convoijen in engelandt op houden, dat anders hadde gewenst want de wolle

3541 891 2438 153 goederen ordinair lijden met lanck aen bort te liggen de wisselop londen

3537 1008 2454 114 is hier nu weder tot ƒ 27:3at ve gevallen en ben ick en andere tot het geven

3533 1119 2456 125 in de voorgaende weeck vrij al wat bestet. het iaes is nu verloopen en het

3529 1202 2436 131 nieu aenstaende soo bidde mijn rekeningh courant gelieft te senden enden

3521 1247 2433 161 ingesloten voortsganck te geven de welcke de reden is vant schrijven

3524 1373 2459 140 desers geloove de lotterije van schiedam is wille in die costij en harlem

3507 1467 2334 127 wat beters hopen iets voorvallende gelieft te adviseren. specule costij

3521 1570 2417 135 iets te laeten afgeven soo a 27 st a 1 en te doen waere ul advies

3519 1644 2421 148 en naer goet duncken als voor eijgen ƒ100 a £150 te geven is dat

3531 1749 2233 139 vance voor mij p costij te doen is rijssel 10 a 10 ½ pascento

3411 1804 425 175 londen kent

5376 1860 303 115 22 ditto

3525 1847 2439 212 sence mij last of 15 cur non from you, the convoij from Lond arrive

3512 1955 2400 196 att ostend, butt Jhn hendrick is stranded & robert master droven back

3530 2095 2432 109 they hope he is gott save in England now wee have frost C by all ipearence

3538 2190 2418 108 the Amsterdam  Rotterdam cenvoyes niel not conte over, ifso I could wish

3539 2219 2412 192 my 2 packes could be taken ons  sent up to you nay my fraight E, for

3522 2355 2390 142 frather have them lye in london, then aboard & to ship them then for

3505 2393 2315 138 ostend, when oppertunitu shall present because when once hollands

3522 2508 2431 146 wat en foren, that is for 3 & torths I have contramanded the

3515 2590 2459 211 kersies, yett must desine you to buy 30 p. at priese cour to be

3515 2669 2387 172 send to hull & for holland p frist opportuintie with the bayes

3522 2787 2341 168 last orderes, for avee maij not leave tradr all toghether Ihope

3523 2849 2269 194 prises will rise here alsoo 1 op exspect to knoer what passes

3525 2911 701 138 hendrick hermanse

5345 2986 250 114 22ds

3537 2979 2386 222 verwachte mijne iek volgens ie geordonneert ingesloten eenen brief aen dh

3406 3075 2496 172 leyden Jan verseyden Ade. gaet metten selven bij hem hij sal u ƒ 400 tellen, in

3533 3205 2424 173 dien hjal reede geene heeft geremet. heeft hem eene quit van t gene gy van

3528 3284 2312 171 hem sult ontfangen voor mijnerek en adviseert van wat hassere

3393 3353 879 151 nechelen hendrick Jaijd herbe

5459 3403 356 122 24 ditto

3524 3468 2441 174 ick heb ul brief van 22 deser ontfangen als mede de ƒ171:10 in voldoen

3502 3566 2463 164 inge van ½ carmosijne laken aen ul gelevert d'ander elft is lanck vercocht

3516 3656 2395 169 ick hebbe noch 1 ½ stuck volgens de medegaende staelen sijnder als het

3513 3722 2332 201 bovenste wort er geen gemackt examineert den draet ul sal het soo

3519 3810 2437 229 bevinden tis oock in prijs niet minder te doen het ander is maer een

3511 3925 2446 214 ½ stuck gelieft ul deen oft d'ander ofte van bijde de helf diene geerne en

3501 3969 786 162 naer groetenisse blijve.
