8187 4644
2873 160 530 127 Adij 8 sber 1696

950 163 725 139 brugge raphael Coots

1208 181 2209 149 als ick vemiende een pack ofte 2 par waegen te ontfangen vinde ick gisteren

1193 284 2234 125 den ul van 6 deser uijt gent die, ofte femit dateert is ofte niet behoorlijck hette

1209 398 2206 102 ul afwesen van brugge voor 2 a 3 daegen, waere van clijn gevolgt, waert dat

2344 460 52 39 a d

2409 460 119 62 lch

1195 485 2164 121 in al absentie do diftesc een ander conde waernemen maer die ordre

1194 546 2178 105 van gent te stellen, comt wat spaede bij, wonsdaght bwijman te lossen

1208 623 2191 150 en 3 daegen te laeten doorgaen, saterdagh, en sondagh hulige dagh, dat comt

1182 716 2172 108 niet wel te passe, en sien dat ick andermael misleydt ben vand dat de

1200 808 2130 98 haestige packen tot ostende niet en hebt doen lossen, waer toe echter

1198 842 2161 167 alles hadt int werck gelijdt, sijnde de cognossementen tot dien eijnde soo

1188 930 2143 172 geteeckent, ende die packen boven op gelijdt, soo dat N 33 sekerlijck

1201 1016 2142 182 voorleden waensdagh is gelost, ende donderdagh ten langhte gisteren hadde

1196 1153 2130 100 comen gedespescheert sijn daer en tusschen andere en slaepen niet en

1188 1239 2049 123 geloove al veele goederen gisteren met de bargie tot gent fijngecomen

3193 1207 193 128 20 moste£

1200 1288 2209 132 het gene mij vrij wat mooveert, want alle mijne packen ten minste manichte

1206 1379 2218 113 ressens met eerste beurtschip van gent noodich hebbe, der alve laet daer in

1257 1458 2175 115 het versuymt woorden, want mij daer aen te veel is gelgen, ingesloten

1112 1513 2310 157 brie 366¼ a 90 en ten laste roberto contales voor desen geprotestert

1217 1585 2209 157 faute van acceptatie en wort nu geseght hij den selven accepteeren de

1201 1709 2234 95 het welck gelieft te vraegen doch in cas van refuel wederom te senden

1208 1763 2176 135 sonder protesteeren, blijve sijnde in groot verlangen traverstaen wat

1207 1842 476 145 passeert. blijve

3062 1855 165 137 8 d.

901 1890 949 223 gent Francois herrebout

1213 1930 2144 194 al soo M loots mij geschreven heeft dat hij te gent is, en niet

1206 2043 2163 156 voor heden soude naer huijs keeren, soo vreele ick datter versuiynt

1208 2127 2191 178 sal woorden int despescheeren van mijne packen, daerom bidde ick ul

1209 2231 2231 131 soo doet ul best om het eerste beurtschip herrewaerts soo lanck op te homen

1201 2346 2215 119 het sij met schoon worden ofte geloften, tot dat ick ten minsten 7 28

1195 2389 2224 146 packen in hebbe, sonder t N 30 en 33 die to waegen moet en comen

1194 2511 2117 95 als mede N25 prem waers ten waere N 23 quame opt stip van

1201 2557 2167 122 vertreckt vant schip ende wijnich conde profiteren met den waegen

1193 2622 1300 173 doet ul beste en shrijft wat passeert.

2963 2650 235 133 10 d.

952 2712 721 183 brugge raphael Coots

1203 2761 2231 156 ick hebbe aen ul voorleden laterdagh geschreven sedert heeft leven dobeles

1195 2872 2228 122 bij mij geweest ende mij gesijdt dat hij van voorleden dijnsdagh tot vrijdaet

1191 2987 2225 109 costij heeft gewacht opm t. de moen en andere eenige packen ofte taelen

1193 3032 2232 119 de welcke alhoe wel gereet waeren d'officeren soo hij seght niet wilde laete

1200 3112 2197 131 gaen, voorgevende, dat eerst alle de scheepen moeten gelost sijn en dande

1176 3186 2237 139 packen te samen sullen laeten passeeren, het gene mij niet can intelden

1199 3283 2083 123 waer te weesen, omdat het is buijten alle manieren van handelen

1210 3364 2221 124 soo het soo is sullen wij sulckx te prevenieren int toecomende coste wit

1204 3457 2209 114 het wil, deralven gelieft mij te laeten weten wat reden de offiieren

1191 3531 2188 110 hebben dan ofter eenige veranderinge is als ieder schip op sijn beurt

1200 3589 2188 144 te losten, ter wijlen als vooren ul recommande de uijtsterste diligentie

1205 3685 2157 112 voor £ 23: 30 en 33 wlcke nombers op een clijn billiet aendobbelaer

1190 3749 2245 162 hebbe mede gegeven, om het hem het een oft dander pack daer van te laeten

1201 3835 2230 162 volgen, soo voor sijn vertreck alreede niet waere versonden want om en

1201 3920 2203 147 eenige betere expeditie wille op ul het voor hem niet ophouden, de packen

1202 3988 2234 146 die packen die voorders voor al geexpeedeert wensche sijn al de laken packen

1193 4076 2234 139 en 1 pack flannellen, van de laken packen principaelste behalven, 30 N33

1200 4187 2074 114 N 20: 26: 29: en 32, verlangende ieder dagh te verstaen wat

1201 4245 587 159 passeert. blijve

3436 159 1100 115 mechelen Dp gilis van Cagewenbergh

5143 168 852 116 Adij 18 sber 1696 105

3520 188 2406 186 voor gisteren hebbe ick den ingelijden brief van den procureur die mons van

3533 302 2455 141 brussel ontfangen de welcke goet gedacht hebbe ul toe te senden op dat ul kemisse heeft

3540 380 2439 123 hoede saecke staet en sicht volgens gelieve te reculeeren, iet tot ul dienst hier voor

3531 435 1501 153 vallende gelieft te commandeerendie blijve.

5319 458 671 169 adij 10: & ber 1696

3807 552 65 59 1„

3571 527 620 176 8 Scaven

4995 585 134 124 th

3426 650 130 117 Londan

3561 636 2387 219 S. I have recd. in deue time yo. of 28: Julj last, y contents

3557 774 2360 155 whereof  doth incorridge to employ monney for bancknoates

3536 840 2430 209 butt all others ya most of yo nation are so much gentish, that

3550 944 2403 192 wle know not   what measutes totihe

5782 1050 184 64 sett

3536 1097 2465 154 severall are of opinion, that y next Partiament shall make, a

3548 1178 1368 177 sement upon banck noates & monney

5533 1261 179 166 10 d.

3444 1307 549 165 poas saques trivicer

3544 1398 2409 150 le 16 du passéé estoit a vre grace maderniere, comme le temps sepprosche

3523 1494 2412 133 du despardere de mon tils, nous avons apointe du 26 courant et comne

3536 1599 2421 127 mes affaires ne permitteront pas pour moij de luy accompagner  sera

3520 1664 2341 142 mon frere franciseur melijn parre de dorninicain quil luy tiendra

3527 1789 2461 120 compe que lusqua mons, et pour quoy ie vous pries de procurer un pasport

3523 1880 2471 147 pour dubit dominignen seulement pour quins iours accommanser 25 du

3529 1916 2387 175 cour: et la permission necessaire pour mon fils qus est anpelles petrus

3533 2033 2452 116 Josephus melijn avec ses ardes ou bagaiges, espesant que mons. le governeur ne

3534 2142 2427 127 faira pas de difficulte d'accorder cette grace, il est vray quils n'accordent

3551 2189 2458 163 pas un passeport a des religieurs, maisseulement pour 5 iours eft pour venir

4608 2279 52 74 1l

3536 2286 2415 161 a brussel de mons et revenir. on parle icy et on ostrit d hollande de la pars

3541 2379 2417 175 comne une affaire fait, ce pour quoy iay chocy un chanber a ma maison

3535 2489 2424 122 pour vous quand vous affaire appelleront icy vous aures un carsier dans

3528 2572 2474 154 ma maison, ou vous saures comme dans le vre sans inconnoditer de parsonce

3534 2692 2348 116 ma fiant qui vous en disponceres a ladvenant, ie vous asseure que ie suis

5505 2770 207 122 10 d.

3446 2753 814 161 Amsterdam geraerd rover

3527 2814 2436 196 in antwort aenden ul van 6 deser ben ick van gevoelen best waere de

3512 2980 2469 147 galnooten te vercoopen hoe eerder hoe beter, want van costij naer Ambor

3501 3033 2469 172 agh weder te senden sal de partije doch maer meerder beswaeren, en sekerlijck

3532 3120 2431 157 erger rekeninge maecken, hadde mons. du maistre mij int eerst sijne ordres

3537 3262 2428 130 largo gesonden soude voor de alepee ƒ46: ende smimacke ƒ23:- a 28:

3530 3330 2458 159 gemaeckt hebbe, hebbe voor de leste voor het versende maer ƒ22: eentoconne

3528 3427 2443 151 becomen, dan het spreckt woort is waer volght ordre en doet quaelijck soo

3523 3497 2464 181 isser niets te sengen gelijck ul oock sal gelieven te doen, soo wel intwer coopen

3512 3589 2430 141 vande galle als het volgen over de penningen daer van procedeerende te

3542 3693 2440 130 dispositie van mons. diu maistre, miets ick des wegens volcomentlijck ben

3531 3791 2467 113 voldaen. al hoe wel de wisselcosti herrewaert soo is gemonteert, wil hier

3543 3903 2430 141 sich niemant volgens reguleeren om dat men dat sonder gevolgh oordeelt

3551 3977 2446 155 sijnde iets ½ gedaen en op londen 32: 10 brieven maer geen gelt, ick wenshe

3417 4034 2480 182 dat de vloet van hul behouden gearriveert waere, want jan bart sal

3519 4128 2443 174 appayens naer huijs heeren dat de moscovische vloet hem ontlap is ende de

3538 4253 2432 131 gr lansvaeders van sijn dessejn kennisse hebbe, men wil mij doen gelooven

3543 4330 2464 129 tot de witte kersijen van  30 N30 tot rotterdam tot ƒ27:- worden versocht

3548 4365 2335 93 ende costij op leveringe tot dien prijs aengenomen wat daer van is wensche

3558 4442 1985 61 ick wel tes weten om dat ick dan van eingelant geen soude doen comen
