7612 4608
653 172 2516 158 & onloaden thenm there those of bridges keep the goods

705 250 2387 194 some time 3 weeke there of imploye now no boddy

705 355 2328 181 butt you therefore lett all my ordere be wall observed

687 469 2457 179 & that I no want of goods in the first markett pray

699 544 2368 224 if anney lotterye be ordered lett mee knowed & &heer

744 688 1645 171 onditions & advise of what passes rest

1341 796 1730 224 the patt for the darck senton the 16

1350 927 1724 171 sber is better this, this & be cause itt

1355 1019 1777 177 may no belighter then toss therefore

1055 1176 2008 128 dto be sent itt, & that I had them rathes as

557 1178 111 137 2

1030 1247 1101 173 Iwel mixe N10 of 26 xber

1457 1322 1648 205 3 a 4 p of 5 p.6 a 6 p a 6:6

1471 1455 1693 190 2 a 3 to N2 of 5 pƒ 6 pence to 6 p

1857 1628 94 88 6

1478 1610 1144 211 1 a 2 to N3 as abare

2670 1762 301 180 27 d

448 1760 1001 273 Brussel Rousseau

718 1889 2341 190 iay la chere vre de 25 cour il est bien que ie vous ay

704 1991 2459 225 servi a vre satisfaction, mais iaurois trouve anncoerdhuy

714 2106 2399 214 a 1 ¼ a cause que ce gele continne patience la presente

709 2211 2476 196 nest qua sutiect de mon Cosin van srest qui me prie de vous

701 2330 2470 164 crediter pour 2 pistoles a luy presuce quil est bien pour

693 2406 2497 239 quil desire mais ce nest pas stile mercantile ie ne desioe mille

699 2539 2455 192 argent paye pour moy sans ordre positive pour la doresne

692 2634 2469 203 vant aperson, non obstantte ie ne luy refasera iamais

701 2742 1571 230 quand il plaist demander aup

2652 2817 281 173 29 d

495 2891 902 187 brugge de Crits

675 2918 2296 236 hem ges het laken N81 met den sone van

690 3062 2335 245 lievene dobbelaer sal sijnden dogh dat niet minder als

791 3151 2346 217 4:4: can geven & dat hy aende staelen niet veel am

723 3255 2353 231 iensoo hij te geirde eenige op syn besien daer y gedan

730 3367 1997 199 te hebben heeft sulckx maer te ordonneren

2637 3484 180 174 29

454 3501 614 197 bredael ka

724 3557 2430 245 die ue van 26 deseronf suddeceevan ƒ178:4estien wat

705 3713 2446 173 lakens gij hebt gemaekt, laet geen 26oomeermaly

685 3843 2482 203 maer naer het smallest maer een 3 booen de ander

717 3913 2452 212 alsemael 3 200 heb wel van doen een doe de

713 4062 2474 185 bertie adviseert den enaanck en oft in die

732 4198 1097 184 vel hebte genaent

5251 156 737 151 29 Janu 1685

3242 162 906 231 Gent de wed. De bick

3478 250 2509 199 volgens u ordre van gisteren heb heden u toegesonden p voern

3455 371 2490 169 ah die morgen vertreckt het superfijn carmosijn laken

4792 461 1158 175 £6:12 corant £316:16

3389 488 1228 158 3600n° ƒ9048 a..

3461 581 2508 174 ende alsoo niet betere gemackt wort van die sorte soo

3457 663 2522 136 can ul: ul een beter senden oock van coleur want

3479 777 2496 142 dat nu de behonste verwe is, u bief is eerst naer middagh

3478 871 2493 198 gelevert daerom conde het laken niet voor morgen vrogh

3465 956 2409 179 sondagh vertrecken, ul sal daer voor een wisselbriefken

3480 1066 2215 200 verwachten, ende ue commande in alle occasie

5468 1173 278 157 31d

3224 1215 713 182 Londen mr. Kent

3459 1260 2535 194 sence my last of 27 cur recd yours of 11d, I wonder you had not yett mine

3467 1375 2506 240 of 13 with the severall remises of which I doubt must send seconds in case yours

3456 1457 2528 211 next doth not advise mee their recept, with some remise as write before though

3456 1542 2488 215 ena so low, yett lower here to have the advantage of remitting I see the patt

3442 1651 2531 265 of 12, clothes bought & reddy to pack, butt what I want most not by for not

3480 1772 2456 181 onep to 2 of 16 xber nor to 4 & 5 which I want most principally N2

3475 1842 2485 194 therefore recommend you onee more said N214 & 5 & all then I ordered on

3448 1969 2487 189 the 6 cur, I doe much wonder that you have not alreaddy 4 a 5 p to N2

3477 2073 2438 215 of 16 xber, because I have writt you before that you might buy anney p

3470 2156 2474 227 of anney prices when ever you meet that cull & where as, I want them

3489 2278 2432 161 above all & N4 of 20 cur so must tellyou that you must proferse mel

3465 2334 2466 203 this time, because I suppose you have manney orders for them cullours,

3464 2469 2462 186 haveinge writt you so longe, before you ought not to give anney to others

3469 2527 2491 204 before mine are compleated, the 12 patt you sent mee are all ordinarie culd

3466 2653 2439 170 of which enonghare to be had, I recommend you onee more the spa clothes

3460 2694 2481 238 & to send mee one pack where in the most demanded cloth by first convoy

3477 2812 2502 224 if anney departs for holland before that for ostend for this fross holdinge

3489 2899 2419 203 leutt will be att the dore before the goods can be here, as for reds &

3478 3020 2452 163 whites if deare & scareis lett them there till you finde them to content

3477 3126 2490 181 for though I could wish to have them yett to buy these goods 4 a 5

3449 3161 2536 300 p c deurer then last yeare rather have theless, & butt ½ the quantitie

3474 3277 2467 218 so pray minde my intrest & lett mee kxow from time to time, what

3452 3364 2484 277 passer, doe what you can to have the northrens att hull aboard thes

3479 3462 2428 258 convoy supposeinge you have goods then that you couserve mee

3463 3558 2410 218 there or there about or that time will permitt duringe this frost

3462 3630 2495 252 to gett them there though butt 5,6 a 8 p & that the 10 for

3476 3836 870 173 londen be ander wayt

5554 3846 226 187 31d

3256 3918 1026 249 Leyden hendrick Hermant te

3503 3938 2424 255 hem ges geordonneert de looden van de lakens voortaen niet meer

3490 4099 2399 196 alos te snyden maer een eynde van ieder stuck te laeten uytstalen &

5578 4177 196 186 31d

3255 4222 773 214 Rott Abrah de Bra

3483 4314 1448 150 hem een ingesloten gesonden voorts te seynden
