<?xml version="1.0" encoding="UTF-8"?>
<alto xmlns:xsi="http://www.w3.org/2001/XMLSchema-instance"
      xmlns="http://www.loc.gov/standards/alto/ns-v4#"
      xmlns:page="http://schema.primaresearch.org/PAGE/gts/pagecontent/2013-07-15"
      xsi:schemaLocation="http://www.loc.gov/standards/alto/ns-v4# https://www.loc.gov/standards/alto/v4/alto.xsd">
   <Description>
      <MeasurementUnit>pixel</MeasurementUnit>
      <OCRProcessing ID="IdOcr">
         <ocrProcessingStep>
            <processingDateTime>2022-02-04T12:21:31.984+01:00</processingDateTime>
            <processingSoftware>
               <softwareCreator>READ COOP</softwareCreator>
               <softwareName>Transkribus</softwareName>
            </processingSoftware>
         </ocrProcessingStep>
      </OCRProcessing>
   </Description>
   <Layout>
      <Page ID="Page1" PHYSICAL_IMG_NR="1" HEIGHT="4651" WIDTH="8173">
         <TopMargin HEIGHT="0" WIDTH="8173" VPOS="0" HPOS="0"/>
         <LeftMargin HEIGHT="4651" WIDTH="0" VPOS="0" HPOS="0"/>
         <RightMargin HEIGHT="4651" WIDTH="0" VPOS="0" HPOS="8173"/>
         <BottomMargin HEIGHT="0" WIDTH="8173" VPOS="4651" HPOS="0"/>
         <PrintSpace HEIGHT="4651" WIDTH="8173" VPOS="0" HPOS="0">
            <TextBlock ID="region_1641892223519_2309"
                       HEIGHT="3445"
                       WIDTH="2336"
                       VPOS="453"
                       HPOS="888">
               <Shape>
                  <Polygon POINTS="888,453 3079,553 3154,1677 3224,2258 3151,3898 888,3898"/>
               </Shape>
               <TextLine ID="region_1641892223519_2309l1"
                         BASELINE="1260,630 1348,619 1437,612 1526,606 1615,602 1704,599 1792,598 1881,596 1970,598 2059,599 2148,602 2236,604 2325,606 2414,610 2503,612 2592,616 2680,618 2769,620 2858,620 2947,620 3036,620"
                         HEIGHT="231"
                         WIDTH="1801"
                         VPOS="482"
                         HPOS="1248">
                  <String ID="string_region_1641892223519_2309l1"
                          HEIGHT="231"
                          WIDTH="1801"
                          VPOS="482"
                          HPOS="1248"
                          CONTENT="memorandum for G: ct: melijn"/>
               </TextLine>
               <TextLine ID="region_1641892223519_2309l2"
                         BASELINE="1932,720 1958,718 1985,716 2012,714 2039,714 2066,716 2092,716 2119,716 2146,715 2173,714 2200,712"
                         HEIGHT="202"
                         WIDTH="295"
                         VPOS="579"
                         HPOS="1919">
                  <String ID="string_region_1641892223519_2309l2"
                          HEIGHT="202"
                          WIDTH="295"
                          VPOS="579"
                          HPOS="1919"
                          CONTENT="1696"/>
               </TextLine>
               <TextLine ID="region_1641892223519_2309l3"
                         BASELINE="1126,892 1193,890 1261,890 1329,888 1397,888 1465,886 1532,886 1600,886 1668,884 1736,884 1804,884 1871,884 1939,885 2007,886 2075,886 2143,888 2210,889 2278,891 2346,894 2414,896 2482,900"
                         HEIGHT="214"
                         WIDTH="1383"
                         VPOS="757"
                         HPOS="1112">
                  <String ID="string_region_1641892223519_2309l3"
                          HEIGHT="214"
                          WIDTH="1383"
                          VPOS="757"
                          HPOS="1112"
                          CONTENT="do to be bought &amp; forwarded p first "/>
               </TextLine>
               <TextLine ID="region_1641892223519_2309l4"
                         BASELINE="998,994 1051,991 1104,989 1158,986 1211,984 1265,984 1318,983 1371,982 1425,982 1478,982 1532,982 1585,982 1638,980 1692,980 1745,980 1799,979 1852,977 1905,976 1959,974 2012,972 2066,968"
                         HEIGHT="148"
                         WIDTH="1094"
                         VPOS="894"
                         HPOS="985">
                  <String ID="string_region_1641892223519_2309l4"
                          HEIGHT="148"
                          WIDTH="1094"
                          VPOS="894"
                          HPOS="985"
                          CONTENT="esides what bought att hull"/>
               </TextLine>
               <TextLine ID="region_1641892223519_2309l5"
                         BASELINE="1042,1126 1079,1117 1117,1110 1154,1105 1192,1100 1229,1097 1267,1094 1304,1092 1342,1092 1379,1092 1417,1092 1454,1092 1492,1092 1529,1093 1567,1094 1604,1094 1642,1094 1679,1094 1717,1092 1754,1090 1792,1088"
                         HEIGHT="160"
                         WIDTH="777"
                         VPOS="993"
                         HPOS="1029">
                  <String ID="string_region_1641892223519_2309l5"
                          HEIGHT="160"
                          WIDTH="777"
                          VPOS="993"
                          HPOS="1029"
                          CONTENT=" 46: white bayes "/>
               </TextLine>
               <TextLine ID="region_1641892223519_2309l6"
                         BASELINE="940,1204 1041,1192 1143,1183 1245,1176 1347,1172 1449,1170 1550,1168 1652,1170 1754,1172 1856,1175 1958,1179 2059,1184 2161,1188 2263,1194 2365,1198 2467,1202 2568,1206 2670,1208 2772,1210 2874,1210 2976,1208"
                         HEIGHT="241"
                         WIDTH="2063"
                         VPOS="1071"
                         HPOS="928">
                  <String ID="string_region_1641892223519_2309l6"
                          HEIGHT="241"
                          WIDTH="2063"
                          VPOS="1071"
                          HPOS="928"
                          CONTENT="so £50: white kersier &amp; t0 y order of 3: 7ber &amp; 27: Aug."/>
               </TextLine>
               <TextLine ID="region_1641892223519_2309l7"
                         BASELINE="1196,1256 1221,1253 1246,1250 1271,1248 1297,1248 1322,1246 1347,1245 1373,1244 1398,1244 1423,1244 1448,1244 1474,1244 1499,1244 1524,1244 1550,1244 1575,1244 1600,1243 1626,1242"
                         HEIGHT="138"
                         WIDTH="455"
                         VPOS="1159"
                         HPOS="1182">
                  <String ID="string_region_1641892223519_2309l7"
                          HEIGHT="138"
                          WIDTH="455"
                          VPOS="1159"
                          HPOS="1182"
                          CONTENT="sb: Dezins"/>
               </TextLine>
               <TextLine ID="region_1641892223519_2309l8"
                         BASELINE="1706,1338 1749,1340 1792,1342 1835,1342 1878,1342 1922,1342 1965,1342 2008,1342 2051,1340 2094,1340 2138,1340 2181,1338 2224,1338 2267,1338 2310,1338 2354,1338 2397,1338 2440,1340 2483,1340 2526,1344 2570,1346"
                         HEIGHT="183"
                         WIDTH="891"
                         VPOS="1210"
                         HPOS="1692">
                  <String ID="string_region_1641892223519_2309l8"
                          HEIGHT="183"
                          WIDTH="891"
                          VPOS="1210"
                          HPOS="1692"
                          CONTENT="Ferom hull Holondon"/>
               </TextLine>
               <TextLine ID="region_1641892223519_2309l9"
                         BASELINE="1240,1456 1331,1458 1422,1462 1514,1465 1605,1470 1697,1475 1788,1481 1879,1486 1971,1493 2062,1498 2154,1505 2245,1510 2336,1516 2428,1521 2519,1525 2611,1530 2702,1532 2793,1534 2885,1536 2976,1536 3068,1534"
                         HEIGHT="277"
                         WIDTH="1850"
                         VPOS="1340"
                         HPOS="1226">
                  <String ID="string_region_1641892223519_2309l9"
                          HEIGHT="277"
                          WIDTH="1850"
                          VPOS="1340"
                          HPOS="1226"
                          CONTENT="36: singledezins 2 so y. order of 3: gber &amp; 27: bug"/>
               </TextLine>
               <TextLine ID="region_1641892223519_2309l10"
                         BASELINE="944,1578 990,1571 1036,1567 1082,1562 1128,1560 1175,1556 1221,1554 1267,1552 1313,1550 1359,1549 1406,1548 1452,1548 1498,1548 1544,1548 1590,1548 1637,1548 1683,1548 1729,1548 1775,1548 1821,1546 1868,1546"
                         HEIGHT="170"
                         WIDTH="951"
                         VPOS="1466"
                         HPOS="930">
                  <String ID="string_region_1641892223519_2309l10"
                          HEIGHT="170"
                          WIDTH="951"
                          VPOS="1466"
                          HPOS="930"
                          CONTENT="a 30 more 40: white kersees "/>
               </TextLine>
               <TextLine ID="region_1641892223519_2309l11"
                         BASELINE="1252,1666 1332,1664 1412,1662 1493,1662 1573,1662 1654,1663 1734,1664 1814,1666 1895,1668 1975,1670 2056,1672 2136,1674 2216,1676 2297,1678 2377,1681 2458,1682 2538,1683 2618,1684 2699,1684 2779,1682 2860,1680"
                         HEIGHT="222"
                         WIDTH="1633"
                         VPOS="1535"
                         HPOS="1240">
                  <String ID="string_region_1641892223519_2309l11"
                          HEIGHT="222"
                          WIDTH="1633"
                          VPOS="1535"
                          HPOS="1240"
                          CONTENT="8: a 10 white bayes from 42 so 48 &amp; weight"/>
               </TextLine>
               <TextLine ID="region_1641892223519_2309l12"
                         BASELINE="1470,1794 1554,1794 1638,1794 1722,1794 1806,1794 1891,1796 1975,1797 2059,1799 2143,1801 2227,1804 2312,1806 2396,1809 2480,1812 2564,1815 2648,1818 2733,1822 2817,1825 2901,1829 2985,1832 3069,1836 3154,1840"
                         HEIGHT="232"
                         WIDTH="1714"
                         VPOS="1671"
                         HPOS="1455">
                  <String ID="string_region_1641892223519_2309l12"
                          HEIGHT="232"
                          WIDTH="1714"
                          VPOS="1671"
                          HPOS="1455"
                          CONTENT="Brom london for holland ifan opportunitee presen"/>
               </TextLine>
               <TextLine ID="region_1641892223519_2309l13"
                         BASELINE="1466,1894 1495,1894 1525,1894 1554,1894 1584,1894 1613,1894 1643,1894 1672,1894 1702,1892 1731,1892 1761,1892 1790,1890 1820,1889 1849,1888 1879,1888 1908,1886 1938,1886 1967,1884 1997,1882 2026,1882 2056,1880"
                         HEIGHT="173"
                         WIDTH="617"
                         VPOS="1798"
                         HPOS="1451">
                  <String ID="string_region_1641892223519_2309l13"
                          HEIGHT="173"
                          WIDTH="617"
                          VPOS="1798"
                          HPOS="1451"
                          CONTENT="before ostend"/>
               </TextLine>
               <TextLine ID="region_1641892223519_2309l14"
                         BASELINE="1174,2010 1259,2010 1345,2012 1431,2014 1517,2014 1603,2016 1689,2017 1775,2018 1861,2020 1947,2020 2033,2022 2118,2023 2204,2026 2290,2027 2376,2030 2462,2032 2548,2034 2634,2038 2720,2041 2806,2044 2892,2048"
                         HEIGHT="223"
                         WIDTH="1749"
                         VPOS="1884"
                         HPOS="1159">
                  <String ID="string_region_1641892223519_2309l14"
                          HEIGHT="223"
                          WIDTH="1749"
                          VPOS="1884"
                          HPOS="1159"
                          CONTENT="o: white flannells &amp; 6 a 8 swanshins bayes"/>
               </TextLine>
               <TextLine ID="region_1641892223519_2309l15"
                         BASELINE="1316,2120 1367,2120 1419,2120 1471,2120 1523,2120 1575,2122 1627,2122 1679,2122 1731,2123 1783,2124 1835,2124 1886,2124 1938,2124 1990,2124 2042,2124 2094,2124 2146,2124 2198,2122 2250,2121 2302,2119 2354,2118"
                         HEIGHT="140"
                         WIDTH="1064"
                         VPOS="2040"
                         HPOS="1303">
                  <String ID="string_region_1641892223519_2309l15"
                          HEIGHT="140"
                          WIDTH="1064"
                          VPOS="2040"
                          HPOS="1303"
                          CONTENT="&amp; pack whit e P maet"/>
               </TextLine>
               <TextLine ID="region_1641892223519_2309l16"
                         BASELINE="1232,2238 1331,2236 1430,2236 1529,2236 1629,2236 1728,2236 1827,2236 1927,2236 2026,2236 2125,2238 2225,2240 2324,2241 2423,2242 2522,2244 2622,2248 2721,2250 2820,2252 2920,2256 3019,2258 3118,2262 3218,2266"
                         HEIGHT="186"
                         WIDTH="2013"
                         VPOS="2135"
                         HPOS="1218">
                  <String ID="string_region_1641892223519_2309l16"
                          HEIGHT="186"
                          WIDTH="2013"
                          VPOS="2135"
                          HPOS="1218"
                          CONTENT="if y convoy for ostend before anney other there oith"/>
               </TextLine>
               <TextLine ID="region_1641892223519_2309l17"
                         BASELINE="1244,2342 1309,2342 1374,2342 1439,2342 1504,2343 1569,2344 1634,2344 1699,2346 1764,2346 1829,2348 1894,2348 1959,2348 2024,2350 2089,2350 2154,2352 2219,2352 2284,2352 2349,2352 2414,2352 2479,2352 2544,2350"
                         HEIGHT="171"
                         WIDTH="1325"
                         VPOS="2250"
                         HPOS="1232">
                  <String ID="string_region_1641892223519_2309l17"
                          HEIGHT="171"
                          WIDTH="1325"
                          VPOS="2250"
                          HPOS="1232"
                          CONTENT="I say p first convoy for of dend "/>
               </TextLine>
               <TextLine ID="region_1641892223519_2309l18"
                         BASELINE="1158,2488 1250,2484 1343,2480 1435,2480 1528,2480 1621,2480 1713,2482 1806,2484 1898,2486 1991,2490 2084,2492 2176,2496 2269,2498 2361,2500 2454,2502 2547,2502 2639,2502 2732,2501 2824,2497 2917,2492 3010,2488"
                         HEIGHT="240"
                         WIDTH="1878"
                         VPOS="2341"
                         HPOS="1146">
                  <String ID="string_region_1641892223519_2309l18"
                          HEIGHT="240"
                          WIDTH="1878"
                          VPOS="2341"
                          HPOS="1146"
                          CONTENT="S a 10: 88 yallow marck pack whites "/>
               </TextLine>
               <TextLine ID="region_1641892223519_2309l19"
                         BASELINE="1176,2600 1268,2596 1361,2594 1454,2592 1546,2592 1639,2592 1732,2592 1824,2592 1917,2592 2010,2594 2103,2596 2195,2596 2288,2598 2381,2600 2473,2602 2566,2605 2659,2608 2751,2610 2844,2612 2937,2614 3030,2616"
                         HEIGHT="185"
                         WIDTH="1880"
                         VPOS="2490"
                         HPOS="1162">
                  <String ID="string_region_1641892223519_2309l19"
                          HEIGHT="185"
                          WIDTH="1880"
                          VPOS="2490"
                          HPOS="1162"
                          CONTENT=" ditto Emiet if not sent for rotterdam"/>
               </TextLine>
               <TextLine ID="region_1641892223519_2309l20"
                         BASELINE="1210,2722 1309,2718 1409,2714 1508,2712 1608,2712 1708,2710 1807,2710 1907,2712 2006,2714 2106,2716 2206,2718 2305,2720 2405,2723 2504,2726 2604,2729 2704,2732 2803,2736 2903,2738 3002,2740 3102,2742 3202,2744"
                         HEIGHT="200"
                         WIDTH="2019"
                         VPOS="2612"
                         HPOS="1197">
                  <String ID="string_region_1641892223519_2309l20"
                          HEIGHT="200"
                          WIDTH="2019"
                          VPOS="2612"
                          HPOS="1197"
                          CONTENT="do white flanneels from 15 to i8 pence a yd &amp; if yo"/>
               </TextLine>
               <TextLine ID="region_1641892223519_2309l21"
                         BASELINE="1254,2810 1349,2809 1445,2808 1541,2808 1637,2808 1733,2808 1828,2810 1924,2812 2020,2814 2116,2816 2212,2818 2307,2822 2403,2824 2499,2826 2595,2828 2691,2830 2786,2832 2882,2834 2978,2834 3074,2836 3170,2834"
                         HEIGHT="184"
                         WIDTH="1942"
                         VPOS="2728"
                         HPOS="1241">
                  <String ID="string_region_1641892223519_2309l21"
                          HEIGHT="184"
                          WIDTH="1942"
                          VPOS="2728"
                          HPOS="1241"
                          CONTENT="20: not sent for Rotterdam te send 40 a 50 for"/>
               </TextLine>
               <TextLine ID="region_1641892223519_2309l22"
                         BASELINE="3176,2902 3196,2906"
                         HEIGHT="171"
                         WIDTH="78"
                         VPOS="2770"
                         HPOS="3157">
                  <String ID="string_region_1641892223519_2309l22"
                          HEIGHT="171"
                          WIDTH="78"
                          VPOS="2770"
                          HPOS="3157"
                          CONTENT="6"/>
               </TextLine>
               <TextLine ID="region_1641892223519_2309l23"
                         BASELINE="1310,2930 1336,2925 1363,2920 1389,2916 1416,2914 1443,2912 1469,2912 1496,2910 1522,2910 1549,2909 1576,2908 1602,2907 1629,2906 1656,2904"
                         HEIGHT="169"
                         WIDTH="375"
                         VPOS="2794"
                         HPOS="1294">
                  <String ID="string_region_1641892223519_2309l23"
                          HEIGHT="169"
                          WIDTH="375"
                          VPOS="2794"
                          HPOS="1294"
                          CONTENT="ostend"/>
               </TextLine>
               <TextLine ID="region_1641892223519_2309l24"
                         BASELINE="3162,3006 3182,3002"
                         HEIGHT="188"
                         WIDTH="82"
                         VPOS="2855"
                         HPOS="3119">
                  <String ID="string_region_1641892223519_2309l24"
                          HEIGHT="188"
                          WIDTH="82"
                          VPOS="2855"
                          HPOS="3119"
                          CONTENT="6"/>
               </TextLine>
               <TextLine ID="region_1641892223519_2309l25"
                         BASELINE="1238,3040 1293,3035 1349,3030 1405,3028 1461,3025 1517,3022 1572,3020 1628,3018 1684,3018 1740,3016 1796,3016 1851,3016 1907,3016 1963,3018 2019,3018 2075,3020 2130,3020 2186,3022 2242,3024 2298,3025 2354,3026"
                         HEIGHT="205"
                         WIDTH="1141"
                         VPOS="2894"
                         HPOS="1226">
                  <String ID="string_region_1641892223519_2309l25"
                          HEIGHT="205"
                          WIDTH="1141"
                          VPOS="2894"
                          HPOS="1226"
                          CONTENT="12: swans kins white bayes"/>
               </TextLine>
               <TextLine ID="region_1641892223519_2309l26"
                         BASELINE="1252,3140 1307,3136 1362,3134 1417,3134 1472,3132 1528,3132 1583,3132 1638,3132 1693,3132 1748,3132 1804,3134 1859,3134 1914,3136 1969,3136 2024,3138 2080,3139 2135,3140 2190,3142 2245,3143 2300,3145 2356,3146"
                         HEIGHT="188"
                         WIDTH="1131"
                         VPOS="3030"
                         HPOS="1239">
                  <String ID="string_region_1641892223519_2309l26"
                          HEIGHT="188"
                          WIDTH="1131"
                          VPOS="3030"
                          HPOS="1239"
                          CONTENT="2: bales of white cottons"/>
               </TextLine>
               <TextLine ID="region_1641892223519_2309l27"
                         BASELINE="3156,3196 3176,3192"
                         HEIGHT="164"
                         WIDTH="78"
                         VPOS="3095"
                         HPOS="3125">
                  <String ID="string_region_1641892223519_2309l27"
                          HEIGHT="164"
                          WIDTH="78"
                          VPOS="3095"
                          HPOS="3125"
                          CONTENT=""/>
               </TextLine>
               <TextLine ID="region_1641892223519_2309l28"
                         BASELINE="1130,3272 1204,3262 1279,3254 1354,3250 1428,3247 1503,3246 1578,3246 1652,3246 1727,3248 1802,3251 1877,3254 1951,3256 2026,3260 2101,3262 2175,3264 2250,3264 2325,3264 2399,3264 2474,3259 2549,3255 2624,3248"
                         HEIGHT="199"
                         WIDTH="1520"
                         VPOS="3138"
                         HPOS="1116">
                  <String ID="string_region_1641892223519_2309l28"
                          HEIGHT="199"
                          WIDTH="1520"
                          VPOS="3138"
                          HPOS="1116"
                          CONTENT="40: single reds of £9 a double"/>
               </TextLine>
               <TextLine ID="region_1641892223519_2309l29"
                         BASELINE="1264,3348 1292,3349 1320,3346 1348,3342 1376,3337 1404,3333 1432,3332 1460,3336"
                         HEIGHT="135"
                         WIDTH="225"
                         VPOS="3239"
                         HPOS="1247">
                  <String ID="string_region_1641892223519_2309l29"
                          HEIGHT="135"
                          WIDTH="225"
                          VPOS="3239"
                          HPOS="1247"
                          CONTENT="48"/>
               </TextLine>
               <TextLine ID="region_1641892223519_2309l30"
                         BASELINE="1846,3354 1881,3355 1917,3356 1952,3357 1988,3359 2024,3360 2059,3362 2095,3363 2130,3364 2166,3364 2202,3366 2237,3366 2273,3366 2308,3368 2344,3368 2380,3370 2415,3370 2451,3372 2486,3372 2522,3374 2558,3376"
                         HEIGHT="148"
                         WIDTH="740"
                         VPOS="3264"
                         HPOS="1832">
                  <String ID="string_region_1641892223519_2309l30"
                          HEIGHT="148"
                          WIDTH="740"
                          VPOS="3264"
                          HPOS="1832"
                          CONTENT=" 20 a £10:10:-"/>
               </TextLine>
               <TextLine ID="region_1641892223519_2309l31"
                         BASELINE="1182,3436 1251,3436 1320,3434 1389,3436 1458,3436 1527,3438 1596,3440 1665,3442 1734,3445 1803,3448 1873,3452 1942,3454 2011,3458 2080,3462 2149,3465 2218,3468 2287,3472 2356,3475 2425,3478 2494,3480 2564,3482"
                         HEIGHT="182"
                         WIDTH="1411"
                         VPOS="3349"
                         HPOS="1168">
                  <String ID="string_region_1641892223519_2309l31"
                          HEIGHT="182"
                          WIDTH="1411"
                          VPOS="3349"
                          HPOS="1168"
                          CONTENT="pd: .. 11: a £11:10:-"/>
               </TextLine>
               <TextLine ID="region_1641892223519_2309l32"
                         BASELINE="1230,3564 1295,3564 1360,3564 1425,3564 1490,3564 1555,3566 1620,3566 1685,3568 1750,3570 1815,3571 1881,3572 1946,3574 2011,3576 2076,3578 2141,3580 2206,3582 2271,3584 2336,3586 2401,3588 2466,3590 2532,3592"
                         HEIGHT="193"
                         WIDTH="1328"
                         VPOS="3449"
                         HPOS="1218">
                  <String ID="string_region_1641892223519_2309l32"
                          HEIGHT="193"
                          WIDTH="1328"
                          VPOS="3449"
                          HPOS="1218"
                          CONTENT="60 sp clothes as shall dircet"/>
               </TextLine>
               <TextLine ID="region_1641892223519_2309l33"
                         BASELINE="3132,3582 3152,3582"
                         HEIGHT="178"
                         WIDTH="46"
                         VPOS="3425"
                         HPOS="3119">
                  <String ID="string_region_1641892223519_2309l33"
                          HEIGHT="178"
                          WIDTH="46"
                          VPOS="3425"
                          HPOS="3119"
                          CONTENT=""/>
               </TextLine>
               <TextLine ID="region_1641892223519_2309l34"
                         BASELINE="1210,3668 1293,3666 1376,3665 1459,3664 1542,3664 1626,3664 1709,3666 1792,3668 1875,3670 1958,3672 2042,3674 2125,3677 2208,3680 2291,3683 2374,3686 2458,3689 2541,3691 2624,3694 2707,3696 2790,3698 2874,3698"
                         HEIGHT="202"
                         WIDTH="1689"
                         VPOS="3564"
                         HPOS="1198">
                  <String ID="string_region_1641892223519_2309l34"
                          HEIGHT="202"
                          WIDTH="1689"
                          VPOS="3564"
                          HPOS="1198"
                          CONTENT="all packes to bee urapped with a whit"/>
               </TextLine>
               <TextLine ID="region_1641892223519_2309l35"
                         BASELINE="3136,3688 3156,3688"
                         HEIGHT="89"
                         WIDTH="44"
                         VPOS="3636"
                         HPOS="3124">
                  <String ID="string_region_1641892223519_2309l35"
                          HEIGHT="89"
                          WIDTH="44"
                          VPOS="3636"
                          HPOS="3124"
                          CONTENT=""/>
               </TextLine>
               <TextLine ID="region_1641892223519_2309l36"
                         BASELINE="1214,3784 1240,3784 1267,3784 1293,3784 1320,3784 1346,3782 1373,3780 1400,3779 1426,3778 1453,3778 1479,3777 1506,3777 1532,3778 1559,3779 1586,3782"
                         HEIGHT="152"
                         WIDTH="398"
                         VPOS="3673"
                         HPOS="1200">
                  <String ID="string_region_1641892223519_2309l36"
                          HEIGHT="152"
                          WIDTH="398"
                          VPOS="3673"
                          HPOS="1200"
                          CONTENT="Cotten"/>
               </TextLine>
               <TextLine ID="region_1641892223519_2309l37"
                         BASELINE="3136,3786 3156,3782"
                         HEIGHT="153"
                         WIDTH="69"
                         VPOS="3687"
                         HPOS="3108">
                  <String ID="string_region_1641892223519_2309l37"
                          HEIGHT="153"
                          WIDTH="69"
                          VPOS="3687"
                          HPOS="3108"
                          CONTENT=""/>
               </TextLine>
            </TextBlock>
         </PrintSpace>
      </Page>
   </Layout>
</alto>
