7622 4606
2471 160 549 171 17 feb 1695

460 177 1035 190 londen Wall & Will Kent

712 328 2374 135 sence my last of 3 cur 5 posts come by them yours of 15:18:22

705 433 2472 139 & 29 past first with a remise of 4 £200:- on Piwoelaert which

693 560 2464 118 is well seenge exs comes so low remitt no more, by the second I have

693 638 2463 133 the bill on S stephen Ewans with protes for charges where of you

699 710 2448 130 have credit 3 p, I feared itt would comeso & therefore have no pard

705 810 2508 133 the drawer afarting. I have the patt of 3 packes of 1 pas clothes amonge

715 880 2380 140 them severall which I suppose bought for peirle cullours, which

700 1027 2482 135 will not do, itt is a miserable thing: I blamed you last yeare for buying

719 1107 2398 122 N 360 in N53 & told you I would not accept there of att itt is no

701 1219 2445 110 bodde will loose upon that cullour & will never sell N 366 in N55

721 1305 2396 113 & N375 & 382 in N56, & N388 in N57 are the vere same for

704 1397 2414 158 donles apeirle cullour be upon the blew & to the patt. N3 of 20 Janu

708 1469 2445 164 I can not sell them & I have yett 6 a d such light cullours which will

725 1613 2464 131 not sell for want they be not upon the blew & if you please to examen

719 1707 2418 142 my patt of 20 past with all these not one comes by all the grayes so

711 1760 2405 172 N2 & 5 of 16 xber & to N4 of 20 past are most wanting & them

707 1866 2476 175 I want first & above all some patt loock vere treadbare & principally

733 1973 2414 144 4 in N 57 pray S send mee no clothes what are sappy or thread bare

724 2048 2420 164 & above all no light cullours butt that they be as I order for tis not

727 2149 2445 142 to be expressed what paines wee have in selling & for perle cullours you

712 2269 2436 123 have now so often send mee miserable cullours they I all a long told

715 2331 2351 180 you I would have non exceptas I send my patt I hope a pack

729 2427 2364 195 of northrens & the bayes shall comes with this convoy for

713 2581 2383 122 Rott & you could doe mee aservice to send mee a pack of

735 2634 2404 155 white kersies of 30 yearde of 40 a 50 p of the best sort if

705 2764 2436 157 you have anney for yours actt or to spare att hull with sayd

710 2837 2417 163 convoij pray do itt the second pack of northrens I exspect

698 2946 2449 178 & frost convoij for ostend as also the rest of my orders com

731 3018 2345 202 =pleated & pack whites EE yeallow marckes if reasouable to your

731 3116 2345 168 content, I might wish wee might have soone convoj of

730 3213 2437 157 one for Rott send N57 that way & advise wheat passxs frest

2563 3326 318 164 17 fb

476 3346 644 193 Amst Rover

722 3423 2424 235 hedet dat uk de ue van 27 p heb ontffen mijn vanden

675 3577 2484 175 aen inhout l, is huet heet wat gedaens, en nat

720 3656 2434 143 aen gesolutie om het geproctaerde te besluyt,

715 3795 2462 125 seadon dentijtldat de loteree sande aenjae en

743 3858 2442 162 mijn is oock van geveelen, dat die salven lenght word

736 3940 2449 146 dich soo die niet veiyde verleng is sijn voortganck

730 4026 2362 181 hadd moo sonde wel vaulen dat u voor me ser loten

726 4130 2474 190 lis anreeken ujterghaght make niete eehonder

722 4240 2505 192 gulden: ick vriese dit doy indelweden  sal voorr

732 4338 2088 151 thaen, alhoewelden tijt e sasoen a van ceert

3453 167 2521 154 diet openende water versok alle poet die misgelijk

3439 233 2529 157 ns aen diigen packen want de kewijen sijn seor geeville

3464 320 2448 187 en londen die van Hull e7 Rotterdah wel haet

3453 445 2449 170 arriveee & seven voor de gaed. van costij hier

3461 548 2479 158 aende men wese middelertijt bi ick u costy

3441 635 2490 150 te informen eat ue soode vom, maken

3513 740 2420 155 soo de beste huyen van 30 geirden vant

3521 835 2382 187 viera deel virdede soude die la vercoop

3465 937 2519 126 eghter daeromme geentijt te veelesen tot depeditie

3445 1047 2507 173 de selve herneaens vecom ding sn adve alge

3463 1167 346 174 blijve

5288 1269 573 200 17 feb 1695

3251 1253 1159 278 Londen Richard Southell

3480 1359 2435 236 5 post beenge come att home finde yours of 18 past for the futture

3460 1519 2501 166 in the invoyces from the nord doe as best is to be don I knom yours sin-

3476 1639 2448 125 ceritye that I shall satisfie my self there with, & if itt bee more or less you

3477 1701 2437 164 can rectifie int in the acct cur my kersies & baeys arestill att Amstt & I

3460 1790 2473 178 wish I had soo kersies more there if you have anney att hull or abrard

3470 1892 2487 185 the vessels for Rott I am continded for 50 a 60 p if you can serve

3464 1993 2455 223 mee there in if not itt shall be for next opportunitie as them

3455 2084 2426 246 Ishall order the acct of tykes is vere pitefull & loosinge yett to

3478 2190 2445 195 content because I am sure of your endeavour, you are mistaken in the

3467 2288 2474 166 charges if costoite &  beet 18:19:5 a great article you mis last 10 p

3481 2340 2409 250 then insteed off 128:5:6 the proceed shall bee onley £128:15:6

3479 2445 2510 232 butt I hope those charges are oulef 18:9:3 as you order shall directivild

3478 2589 2505 174 when you meet, the E yeallow marcks to content you may buy them

3458 2694 2438 172 the patt of mode culd are not particular I hope with the fouwinge

3479 2796 2423 153 wheather marketts will be better stoled, of which pray your opinion

3464 2878 2443 174 to take my measures, a to m batkin I know no better butt he

3480 2977 2436 160 be well with his wises parents he vs avere civil & actire man had

3483 3077 2419 167 he butt monney enough all thingh would be well, butt of him self

3488 3180 2477 129 he hath vere little of his wise is to have itt all & which will be

3474 3259 2411 142 considerable, butt that can not help him new, so could advise you

3482 3353 2414 168 to g0 on moderateley, butt what needs that sence notingh is to be

3473 3487 2430 128 done sence monney with you & when he remitt you or you draw

3484 3554 1276 152 on him is a creditt of small time

5478 3560 403 216 17 fb

3273 3665 976 216 brussel frans Jacobs

3497 3735 2317 202 ue brief van gisteren heb ick naerden middagh naerden

3499 3825 2375 206 6 uren ontfangen als wanneer den post op hollant nist

3501 3921 2451 205 was vertrocken soo dat ick over de kersyn niet heb connen

3507 4027 2391 224 schrjven oock tgene ue nu presenteert en can ick niet aen

3479 4132 2425 199 nemen, want ick de kersyen tot Amst wel wille leveren a ƒ27:

3495 4228 2438 202 oisslgelt maer gean niet gehouden syn conige oncosten te betal

3485 4326 2381 163 inden verstande dat als ick die behaiidige aen volgens ue ordre
