7579 4615
1153 273 697 199 brugge Coots

2948 364 314 195 22 ditto

1277 393 1649 203 comgst de packen te sien texpediere

1147 537 920 227 meggen wemaken

2958 642 238 132 l

1328 716 2043 240 iIn antwoort en den ue van 20 deser & daer is

1278 794 1993 233 aen groor kennisse van noode cnte sien

1242 936 2153 240 wat van de gesonden stalen t bestaert vooreert

1224 1066 2210 220 het swert van my is merkelijk &ijnder van wolle

1252 1174 2142 276 &n een volder handelinge, en waer het heet geperst

1243 1299 2081 247 het voud wel 1off p elle heter toon en van het

1226 1404 2158 259 blouw, behoeft geen vraege, aen met den drae

1236 1533 2108 193 & fijnte van wolle, en dan ue mijn colvin wel

1243 1606 2124 239 es a ceter, e omdat het n saen soude sookeb

1204 1702 1978 255 het heden p wagensiu torgesonden sver wel

1196 1850 2150 263 gecoutondert maer in prijss onder de ƒ 5:8

1160 1930 2132 237 niet weser dit is soock gelt, & het skwert can

1223 2021 2094 269 nit mander geve als heb ges21pant naer myn

1187 2150 2174 262 pett. costhaet my selder om de ƒ 5:10, en minder all

1177 2218 2144 311 ƒ5 p t a mach ick niet ewien, dan evenwel ick

1150 2322 2202 270 uete dat ul mente goude cge coopen is om al

1120 2436 2209 299 te doen, wat ick can  mitt dat het swrt blijve gelijk

1103 2557 2236 255 dat hebbe gistelt soo sal ul voor het bleove betalen

1101 2643 2268 304 alleen ƒ 5:5: synd N 501:51½ ƒa 1 a50 ½ aƒ 5:5- ƒ 265:2

1237 2790 2077 247 aer vere geliefte vened in, doch soo ue hier mede

1070 2887 2108 233 geyde tnvreden is sar n e ick patientije hebbe, en

1091 2992 2242 253 dooogen dat ue mij stnt oft blijven wel er seyn

1074 3050 2146 266 te sckep wel gecond. gelijk ick ul b ggesenden

1096 3188 2146 246 ue canwel ordeelen dat ick iek conde ncg det

1065 3257 2085 240 ick liver soude verevop 7, wan ick cane

1022 3369 2123 246 mij n et alewedvrander goet heyge

1032 3458 1879 214 gen anders gat u dienent &l

957 3567 881 159 Leyden geerd vromans

2837 3624 362 181 23 srr

955 3701 2259 211 tsedert dat ick ue brief van 19 gter laest hebbe ontfange

966 3820 2325 207 soo hebbe ick voorleden vrijdagh de 3 bouwe lakens eerst tecome

975 3884 2211 197 de welcke wat dier vallen omde oncosten die wat swaer tenne

969 4009 2250 166 in hollant is men gewron 2 pe voor prompte betalinge te geven

961 4061 2283 227 ten minsten 1x, twelck ick oock pretandere & op de toecommende

1023 4149 273 117 r

3486 342 2143 204 nd sal goet vinden, midts dat ick ue hier ingesloten tot voldoen

3469 429 2220 239 ige remittere ƒ 618 court gelt op ½ uso ten laste dheer geere

3477 547 2217 229 in Amst den ont fanek gelieft mij te adviseren & vervolgens

3461 645 2236 194 ue reken ontlasten want ick ue nu niet meer schuldich ben

3477 780 2093 135 voorde prompte betalinge op de naeste sal vonden R soo dese

3451 870 2207 172 elinge te lanel waire sal liever, het gelt van te vooren seynde

3442 1001 2190 153 tot my moeten minegeren al wat mogelyck is mde cleyne

3452 1098 710 147 nete waermede blijve

5130 1099 495 219 23 xb 1694

3442 1192 900 169 den Hendrick Hermante

3443 1251 2139 205 dese dient om ue te laeten weten dat lauroijs ka als gisteren van

3430 1362 2240 209 bredael aen ue heeft toe gesonden met den schipper van bredael op Rott

3439 1450 2275 225 rouwe lakens om deselve te doen vollen op 2 a breede & tot swert

3422 1584 2301 225 te fereyden & midts deselve seer euriense lakens sijn, soo moet

3421 1708 2299 194 gij daer seer wel opletten, dat sij tot mijne avantagie gevalt wijde

3416 1765 2219 252 & wel bereyt, ick hope dat deselve voor t' friesend weder sy

3419 1868 2308 242 ue sullen syn, & om dat die met den leydenaer niet addroiturs cmen

3443 1954 2263 216 soo moet gij sor gedraegen dat sij tot oft niet blijven ligge de

3428 2064 2268 216 want die beurtman can gemaeckelijck met desen wint van bredael tott

3436 2170 2192 252 Boft wesen daerom draeght goede sorge want daer sullen noch

3455 2272 2174 216 meer lakens volgens & schrijft mij soo haest ij die lakens hebt

3465 2377 1518 235 ontfangen t' welck verwaghte & blyv

5116 2470 306 169 25d

3376 2546 788 204 Amst geerd Rover

3499 2592 2217 249 In antwoort aen due van 17 deser volgens onse laeste brief van Engelant

3500 2698 2203 192 soo was het huls convoj 11 deser naer costij vestrocken, als mede dat

3476 2791 2222 211 naer Rotterdam Godt wilt haer te saemen bewaeren, ben mede

3467 2865 2282 237 niet wejnige voor hun bedaght, want Jan fart heeft de mesco

3487 2964 2278 226 =oische schepen gemist & moghte wel thuyskeeren als & diehen

3455 3052 2311 247 int gemoet comen wel niet licht schapperen sullen, ingesloten

3476 3169 2303 237 remittere ue ƒ250:- ten laste d'el vigna & tany 5 toecommande

3472 3278 2281 211 vallende a 94¼ £98: 3:6 en m fanco het noodigh gelieft

3482 3366 2268 217 te besorgen, dat tegens in ue getrocken heden ½ uso ƒ 638:-

3484 3470 2270 283 coup gelt te betaelen aen geendorrmans twelck gelieft te vereet=

3473 3615 2244 219 & van t gepasseerde mij advis geven & addres aonden ingesloene

3498 3794 961 142 sal ue verobligere die blijve
