7905 4596
825 188 2334 102 clothes that way, you will doe mee service to minde the shipping

829 229 2364 168 of a pack of spas clothes now & then for holland when good convoyes

811 309 2389 193 present that for Amst is ordinarie good, & never had yett misfos

832 402 2326 159 pine this warr, & these of ostend menadge their bussnes so tad

820 525 2336 121 that wee can make no accompt upon their coming & the clothes

815 605 2358 185 I last ordered care wanting above all therefore provide themp fist

829 698 2372 187 & shipt by the first convoij for holland or ostend, inclosed £1254

822 774 2172 177 on S will scawen procure the needfull & advise what passes

2761 891 404 164 23 mey d

592 888 869 220 Amst geeraerd Rover

834 995 2277 181 Ick hebbe de ue van 18 & 16 deser onbeantwoort om dat ick hadde

837 1061 2356 163 verwaght facture van de 5 baelen wol die sakreys ka heeft gecoght die dan

831 1179 2221 149 noch te gemoet sien remitterende ue hier beneffens £360:- ten laste

831 1243 2358 160 billions & sardij door hun geaccepteert eerst 1e july vervallende op lmet

826 1319 2407 165 in gedaghten dat ue den vercooper vande wolle met desebrief contante betaling

841 1399 2345 160 sal connen consenteren eghter wildaer niet aen verliesen ofte niets van

836 1501 2337 174 prompte betalinge missen, anders sal op sight remitteren maer om

820 1559 2346 182 dat men hier & in Engelant met soodanige betalinge voor contant vol

835 1705 2373 140 doet soo verwaghte trelve van ue. met dat geenebtieren van londen come

2659 1740 93 49 de

2782 1739 144 56 van

814 1789 2222 157 soo is de wissel hier niet williger geweest geloove die voor nu in

835 1828 2266 165 hollant syn gearriveert & dat wij die morgen hier sullen hebbe

858 1933 2137 152 biddende den ingesloten voorteganck begeven met advies van

851 2028 711 132 wat pasteert blijv

2770 2047 312 172 28d

556 2092 1108 208 leyden Hendrick Hermant ze

845 2123 2367 208 In antwoort aenden ue van 6 deser ick hebbe de ½ lakens ontfange

847 2264 2364 145 die syn wel geporst & net opgedaen, soo moet p diealtyt laeten doen

829 2316 2318 156 maer gij moet corter scheiren want dat goet ompt op in 't draege

850 2401 2269 156 daerom schrijve ick expresselyck desen brief op dat gij corter scherden

832 2497 2357 192 sout & seynt het goet soo drae voort alst mogelyck is want het blijft

836 2594 2276 147 noch lanck genoegh opden wegh & wilt gij veel voor mij bereyde

831 2658 2317 183 soo moet gij daer wel opletten & cort schupen want laureys ka sal

835 2725 2373 177 met 2 getouven al wat sterck doorwercken op dat ick tegen samis

829 2853 2257 129 veel goet mach bijder handt hebben, daerom recommandee ick

836 2953 937 168 ue dit andermael & bly

2750 2980 240 156 23d

566 3057 888 216 leyden geert Vromans

850 3098 2222 204 In antwoort aenden ue van 10 deser ick hebbe de 2 laeste packen

839 3218 2354 153 noch niet vernomen, nu soo hope dat volgens ue schryven het lake

852 3288 2285 170 N1018 & de 2 andee voor nu gereet sijn & soo die alreede niet en

842 3379 2337 177 versonden, soo seyntse in een pack aen laurejs ka op bredael, sy moete

838 3490 2320 179 wel geporst & nottekens ofe gedaen wesen & soo het carmosyn niet

861 3535 2373 168 schoon bruyn genoegh & waer soo moght gij mij dat niet seynde

830 3613 2310 183 want ick can die e laeste niet vercoopen daerom siet een stuye

864 3690 2289 210 ofte 2 op delle niet aen omde schoinste verwe te hebben & soo haest

855 3774 2312 217 dese 3 lakens gedaen sijn seynt reken, & sal die dan weder betaelen

861 3931 527 126 waermede blyve

2862 4006 228 115 23d

621 4015 847 179 brusge Raphael Coots

756 4092 2433 175 In antwoort aenden ue van 11 deser ick ben over de saecke vanden baillier

849 4199 2372 152 van oosteamp te reght geraeckt derhalven bedancke ue voorde geecomen

844 4291 2363 125 moeyte ick wete niet wat dencken war ons convoy van londen blijft het

851 4338 2337 127 ue eene fleetedisecke ten dinste vande coplieden die van nollant

3478 172 2496 145 gaen & coma maendelyckx andee bedienen hm daer van daerin

3462 228 2434 134 tusschen is mijn goet alle op ostende gelaeden & meer als ick tot

3464 330 2380 95 noch toe wete omdt one debrieven manqueren biddei

3469 384 2476 144 gelieft te schryven wat tiyjdingene daer van heeft & hoe het daer

3457 449 2497 151 mede gelegen is omdat de franssen eene groote menighse capers van

3440 526 2404 171 duynkercken in see hebben gebroght mijn intrest is als aende

3470 632 2440 156 voet deser voor soo veel ick noch wete waervan p naeste breede

5089 714 303 147 25 maij

3438 772 249 123 blijve

3652 779 499 161 N 61: a 67

3243 903 537 187 brussel ververs

3483 939 2358 173 in antwart gonden l aengenamer van 23 deser ick hebbe heden per

3466 1087 2501 133 beurtschip u.l toegesonden een packens gemerckt M ende een op schrieft aen ul

3464 1138 2428 162 om voorss te bestellen aen de weduwe davan tot iivelle daer in sijn 30

5728 1157 240 122 siupertij

3467 1233 2468 147 swaerte laeckens, soo conviens, sijn en wel gemaeckt, dat ick wel geloove dat noodt

3472 1300 2474 151 diergelijcke tot brussel sijn geweest de wedergae van no28 is hier 22s vercocht

3472 1380 2441 158 no 25 is door den selven cam en handt gemackt van die dat voor monsieyre

3477 1420 2482 179 vander clooster gemaeckt heeft, en waer van ick u.l hebbe gesijdt dat ick 3 stucken

3453 1498 2516 220 hadde dandere 2 sijn noch te leijden, sullen apparent heden van daer ervenoel

3466 1589 2487 203 versonden sijn dit laecken N° 25 valt bijde 3a corter ingevalt als dat van

3454 1683 2422 160 mons: vander clarster soo dat ick daer niet can aen toecomen ower sulcke

3470 1736 2424 169 magh ick in de mate van dien oft dander niet een duijt missen meerap

3458 1803 2473 158 ick op de facture stelle, en u.l gelieft u rekeninge naer advelant te maten

3459 1874 2463 155 en als u.l in toecomende een oft dander sorte gelieft te hebbe hebt maer te

3468 1955 2421 140 commanderen ick sal mij voortaen avondantelijck voorsien, ende met

3462 2033 2368 147 een clijn winste consentere omdat die coopmanschap geen riseco

3462 2147 2447 109 vande see moet uijtstaen, en om u.l te toonen dat ick uwe hier inn

3468 2179 2401 157 getrouvelijck op mijn wort diene soo segge andermael dat ick inde

3459 2252 2507 190 prijs ofte lenghde en can laeten vallen, en bij soo verge dienofte dander ul

3488 2373 2351 118 niet aen enstaet sent dat het welck u.l niet begeert tusschen de berdens

3467 2408 2458 186 int selve cleeteen te vugh omdat ick die hier meer can vercoopen, en

3479 2480 2454 180 geerne u.l dit gesicht geven op hope dat u.l mij meerder sal commanderen

5366 2609 144 126 26

3257 2574 456 189 Rott Bra

3480 2672 2249 174 mons gaedertn van 16 deter geende van u

3453 2798 2494 152 gesten vdetaen dat en convay van londene p 24 costen

3465 2861 2308 168 nas gearriveert en ƒ 23 ditto dat van hull fewrck

3462 2945 2432 176 twijfele oft e saer is egleter op hop deserue srjve

3458 3058 2336 130 tol hullereaen voor mij greert nidt de lest

3437 3150 2464 152 buve 5 packn dB N 6: 7:12:17 en 19 wat gelavn is oft

3445 3290 2488 116 oe daer e hede gedese oneen can t een om

3486 3344 2421 149 dat debeven marqive der halven is mijn versch

3466 3438 2296 146 enorgen mij te layfverij deat deer van

3469 3556 2343 145 een var de vvers: n omver scoti   ut

3474 3647 2470 176 sat ick u can beryen lgvodic il, verwalt

3481 3738 2451 171 oock van loudu een pack oft 2 N 68 a 69 daen mij

3436 3845 1405 158 slot geeft want ich blijve
