7936 4585
1015 191 2272 115 lesbenll doet want sijn werck en porssen wort hier wel gewilt

1007 263 2266 103 daer ick can u niet genoch de saeck commanderen want, de

1013 322 2263 181 lieden hier sijn seer courieus. soo haest eenigh goet gereet is

985 409 2311 178 sendt het met 3 stucken seffens voorts en schrijft wat passeert

1015 515 1400 151 om mij volgens te reguleren blijve.

2602 541 701 175 adij 21 Julij A 1695

719 586 1051 158 amsterdam geraert Rover

983 643 2339 198 Mons: op 18 deser was aen u mijnen lesten behelsende 2 remisen

1014 747 2299 151 eenen geaccepteerde van £210: ten laste Jacob men desana de ander

1011 838 2269 117 van £440:- ten laste willen con welckers ontfanck morge

1008 915 2229 169 verwachte te verstaen, als mede het redres over de obiectien van

1005 991 2336 148 mijne rekeninge, om vervolgens samen te sluyten, hebbende

1021 1075 2045 178 te inlargeren versoecke aenden ingeslotene ende blijve.

2860 1176 233 115 21 d

760 1188 1014 173 Londen walt & will kens

998 1225 2241 225 on the 18 curt remitted you £650  in 4 severall bills inclosed

1015 1332 2266 188 £375 more viz £200:- op pickering & robbison & £175: en

2611 1421 74 65 Rel

1005 1411 2320 206 thomas shepard for which procure the need, wee are inforneed that

1006 1538 2278 164 the letters of the 4 were taken & that them of 7 are not by

1024 1610 2181 196 so I hope they reaced your handes, no post come here butt

1007 1710 2272 165 some ase arrived in holland which is vere troublesome to us &

1020 1801 2275 162 are the duitsh ordrnarie 2 posts forward in answer then wee

1005 1912 2282 125 can bee, so have no much to mlarge till I see you letters which

1018 1967 2252 224 whil be here to morrow & is the needfull at present fione

2621 2082 186 117 23d

743 2109 802 195 bredael laureijs ka

1000 2129 2199 213 gij sult 2 lakens aen harremans stieven N:39 breelest

1027 2235 2267 187 3600 en no41 drap de dam waer is N° 36:37: 38 daer sijn

1013 2329 2202 205 noch maer 4 lakens tot seijden ick hebbe u gesijdt dat

1024 2422 2297 171 gij 3 baele wol sout gesloten laeten en gij en antwort

1017 2521 2328 146 daer op niet laet sulckxx gedaen worden want ick sien wel

1018 2623 1767 140 dat ick voor banes un packhuijs sal hebben

2594 2719 241 138 29d

766 2715 985 196 brugge Raphael Coots

1008 2830 2293 159 Mons: in antwort aen duwe van 15, 21 en 22 deser tis goet

1043 2913 2217 146 dat onse schepen en convoijen ten lesten te londen sijn

1031 2976 2229 126 gearriveert bidde uwe ten vollen te informeren vo

1040 3084 2220 143 den heer directeur van de convoijen hoe sterck de selve

1027 3150 2259 166 staen af te comen, oft de 5 convoijer positive ordre

1046 3278 2292 139 hebbe samen te comen want ben seer geinntresseer

1042 3330 2165 158 waer op u dvies te gemoet sien. tis stecht dat men

1038 3455 2274 116 soo onbequame schepen wilt gebruycken die oock leedich

1045 3566 2272 133 sincken het gene soo bock in retoer hadde oock comen

1049 3609 2269 162 geschieden daer ick bij gentresseert ben iss de Anna marie

1028 3743 2311 133 chestu marie, de tonme ornijne wol  moet tol

1022 3787 2267 220 betaelen want is commisse en heb u sulckx voor dese

1038 3912 496 149 geschreven.

2931 4008 134 102 23

836 3987 1062 224 brussel Anthoin Rousseau

1066 4014 2247 206 en responce a la vre de 21 court lerreur que vous me marque dans

1046 4131 2281 173 la partie de 22 feb n'est pas car £500 ary court fait £76:18:

1056 4224 2279 151 & non pas £76:17:6 en aissu que cette partie est bien, mais pr

1064 4285 2254 179 celle de 17 may fait £14:14:10 sur quoyvous aura ratatt u

3507 148 2447 113 6 sols ainsi quil ne rest que £15:13:15 et comme ie vous ressee

3486 213 2439 162 reduable £188:6:8 en, y adde un eschelin rest £188:3: 8 en can

3494 277 2423 169 me iay aussi salde absolutement aq ie payerez promptement vre traite

3507 413 2292 139 de £120:8 & et vous serez debite sur compte hoveatt comme vous est

3507 459 2323 204 pour les 4 pasitites parties precedentes ie vous suis oblige pour le

4742 531 209 74 derentes

3513 539 2430 181 soin que vous avez pour mes lettres vous priant de continner  le peu=

3488 634 2358 175 =dant ie vous prie de m'envoyer la quittances mainuele du recevand

3501 758 2240 151 les quelles ils donnent endoivent donner en recevant le Capital

3505 838 882 176 vous saluant ie medirez

5413 901 403 171 25 July 9

3326 926 867 202 Londen Wall & will kent

3507 988 2351 210 the 21 curt remitted you £375:- & the post befare £650:- which

4468 1097 180 72 came

3512 1089 2424 207 makes £1025:- hope to come o to your hands, butt if anney should

3526 1188 2411 191 bewanting advise presenteley that y might sond seconds, I referre you

3514 1268 2462 198 to their contents & formar letters, haveinge before mee yours of 2 & 5 ditto

3517 1367 2387 188 with bills of loadinge of N 75 & 77 79 & 80 abourt all aboard

4913 1473 69 66 Le

3516 1463 2371 189 English, & such as whoes names I never of before, I hope you

3513 1557 2369 159 know them to be good seaman & to have good ships or elce tis

3507 1639 2396 212 to hazardous, our convoj is att your side & there with you have

3486 1741 2426 199 ships enough for ostend devide the nsico & ship no more in Engeth

3504 1823 2368 193 butt aboard binlanders the best & oldest seaman, for selldone a

3532 1908 2356 212 voyage butt that one english man or other suffers, I have accompt &

3501 2005 2424 227 patt of N82, wherein I finde the cullours not assorted as I desdre

3522 2136 2449 161 & that are most wanting pray feale not to send a fyne cloth or two

3532 2205 2382 184 to N 13 of 13 june for I see not one p to that patt. what ever you

3520 2288 2412 171 doe you must send 5 packwhites E E yeallow marchs if you can not send

3525 2393 2314 173 10 at prise curt & make itt so, that I have with eacl convoy att

3526 2481 2427 159 least 5p all the yeare round, which is the needfull att present from

5451 2582 270 152 25d

3332 2613 772 207 Amst geeraerd rover

3525 2641 2298 241 In antwoort aenden ue van 21 deser onse maeckelaers genioten geene

3523 2772 2380 152 courtagie als van het netto tgene voorde goederen betaelt wort sulckx dat

3530 2843 2321 176 die niet van ƒ 2226:- maer van ƒ 1928:- courtagie en soude moeten

3531 2924 2428 175 hebben wat nu demandere costij is, wete ick niet, alsmede of men ontfan

3523 3021 2403 165 aen aende waegh, waegh loon & te loon met cour of banck gele betaelt om

3532 3108 2403 146 dat dese rekerit daer over in banck gelt d belast, vorder gisden ue redenen

3525 3197 2417 149 soo over d'agie van het coart gelt als dat ue verscheyde mael in tver=

3516 3268 2438 156 =schot is geweest principaelijck voor die £360:- soo hebbe ick myne

3526 3358 2366 171 reken netto conform aenduwe gesloten & mits ick niet anders hebbe te

3516 3459 1700 161 in largeren versoecke expeditie aenden ingesloten

5469 3565 296 168 25d

3330 3578 973 239 London Richard Southell

3577 3651 2345 227 In answer to yours of 5 cur I have the invoyce of N9 att Hull

3544 3763 2368 180 which to be shipped p first convoij for holland, which Io beleave

3540 3839 2416 173 will bee. that for Amst & therefore lett the lye there till convoy

3542 3927 2436 202 comes, ship my pack of cottons & flannes aboard binlanders for ostend

3549 4025 2412 171 & no Englesh man. I wonder that is all what you designe to send mee

3539 4107 2321 169 where as I ordered 5 E E yeallow marks more which pray buy att

3537 4231 2426 149 prise curt & send for ostend or holland as best you can, wherein pray

3553 4273 2340 167 lett bee no fould for I relie there yn & is the needfull att present
