8920 4815
4310 311 2521 91 that I my have better choies all these modecouleurs are also goods in northerent 1668

4304 367 2489 123 clo thes butt the grayes must bee as by the particulier note iender mentioned

4297 424 2550 142 the quantitie & assortement of northerens shall advise you here after a mought

4302 539 2476 112 the spanisclothes is de patternes N. 14 a very goods coffe coulloes in all prise

4303 602 2518 148 &N:15 alsoo if not brounes a governo. the pock whete EE y alle march continue

4292 701 2550 140 to bee full of failles so pray time nough to buy 10 ps that are pure white

4290 795 2534 142 whithaaut streps fit whrtned for religiaus abits. for the last s had cost mee

4200 904 2557 138 puchmits abatement & xp. noust bee dayed & then they are not worth that

4290 980 2496 136 they cost for ouwes inlans fabrick for blach coulleur is chaeper the better

4296 1067 2477 145 flannels low prijse ranskins bayes & red clothes from £9 to 11:-

4294 1148 2528 147 moust bee prepared for next convoy alsoo white & red cotton, so praij

4296 1246 2512 123 take measure accordinley to einer to bij now or to expect the neuw woll

4305 1325 2506 139 & shall timeley advise you the quantitie I desire shall alsoo remitt voitte

6356 1410 401 140 26 April

4303 1430 1235 143 foillatt the aprivel of the lettres

4182 1512 1071 146 russel meiouff: vander borght

4319 1540 2441 178 ick hebbe ul brief van 19 meert lest ontfangen en ter wijlen sat laken

4296 1688 2525 116 N. 257 niet langer en is als ick ul daer voore hebbe gedebiteert. soo sal ick pakente

4317 1745 2474 128 hebben en daerover naer engelant schrijven soo lanck den wnit soo blijft soo isser geen

4308 1824 2467 91 hope van versgoet te bekomen, ick hebbe heden een bewijfken aen mons. rousseau

4319 1915 2422 117 gegeven om van ul 5 a ƒ600:- te ontfangen sijn quitantie sal ul met de mij

4313 2006 1670 109 valideeren die naer naer cordialijcke groetenisse blijve.

6367 1990 434 186 26 April

4177 2012 994 168 brussel benaert van den closter

4302 2093 2489 147 de reeekeninge die ick ul hebbe medegegeven gesloten met de nieuwe iaer lest leden

4298 2197 2441 122 wijff aen dat ul mij schuldich was £211:1:2 wisselgelde waer op ick op 26

4304 2304 2409 145 Jah. lesf & 6 meert £100 hebbe getrocken soo dat daer noch af resteert

4318 2398 2490 106 £61:1:9 waervore heden een belrijs hebbe gesonden aen mons rousseauom

4303 2469 2467 142 de voorgaende reeekennge daer mede te sluyten, soo datter niet sal open blijven

4303 2573 2416 96 als het swaert laken 6 meert aen ul vercocht. waeraen ick sal laeten

4295 2647 2524 113 corten het different van het voordeelgemest blau laken gelijck ick ul hebbe gescheven

4297 2732 2519 131 oversulckx bidde ick ul de voorsch. reste soo te voldoch om het op mijn volgen

5165 2782 88 67 o

4311 2791 2493 131 boecken vervolgens te sluyten al was het oock dat ul eenige andere contra

4256 2884 2603 117 dictie hadde die ick niet en wete sal sich op het voorsch. sweert laken vinden

4324 2961 2395 127 soo lanck den wint soo waeyt comen wij geen vers goet becomen blijve

4187 3029 699 146 russel francois Jacobs

6345 3055 219 94 26d

4310 3133 2521 116 op 23 passato wataen ul mijnen lesten met facture van 5 witte flannellen

4285 3197 2456 129 aen de wed. remenant voor ul gelevert & door neskens bedongen, huben

4299 3277 2428 125 ick gelt schuldich aen mons. rousseau deralven hebbe ick op ul getrocken

4287 3368 2550 145 ƒ356:16¼ courantgelt op ½ uso te betaelen sijnde het import van de

4299 3422 2470 141 10 stucken op 26 sber lest aen ul gelevert biddende mijn brief vervolgenste

4296 3560 2528 122 verheeren en warin ick ul andere dienst can doen commandeert liberlijck die blijve

6375 3609 193 109 26d:

4187 3574 773 170 brussel Jan Jonaerts mj

4303 3623 2464 177 de reeckeninge & Januarij lest leden gesloten bedraght £146:11:6 volgens

4299 3751 2497 141 de selve ick ul hebbe overgegeven daer op hebbe ick van ul £100: ontfangen

4318 3835 2435 156 op 23 febru & 20 meert ieder rijs £50:- soo dat daer van noch risteert

4320 3924 2509 130 £46:11:6 wisselgelde het welck heden op ul trecke aen mons. Antoniroussea

4307 3987 2528 143 te betaelen om vertvolgens die voorgaende reeekeninge soo te sluyten bidde het selve

4310 4096 2479 109 diens volgens het selve promt te voldoen, en oft ul iets hadde daer tegen te

4308 4103 2526 195 seggen dat sal sich op de volgende partije vinden der bidde conlormaen mijn

4328 4223 2419 132 bRbloet te voldoen om mij cude bocken soo te connen sluyten, waerop mij

4334 4279 2425 148 sal verlaeten, soo lanck den wint niet en vranders soo user geen hope van

4315 4359 2486 113 verl goet waer van ul kennisse sal geven, soo haest het arriveert het gene

4318 4433 1988 142 ick bij mij hebbe is tot ul diest ter wijlen naer cordialij
