8214 4665
883 194 1530 132 deser mij tadviseren  blijve met haeste

3039 194 123 99 o

2743 252 610 139 Adij 17 Juny 1713

784 244 1225 180 gees bergen toome van op broecks

958 326 2306 132 hebbe den brief van M W: opbrock u sone van 12 meert lest leden

938 424 2388 179 op sijn tijt wel ontfange, waer bij adviseerde dat hij binnen 14 dagen

946 502 2276 154 met den bode naer antwerpens soude comen, om tose andre

949 589 2305 159 goedren te coopen & dat hij soude comen besocke, & met eenenhel

949 668 2370 159 restant dat ue mij schuldigh is soude betalen sedert hebbe vernome

930 745 2385 170 hij overgeweest is sonder mijn hujs aen te doen, oft gelt tedoen

2300 840 212 76 thebbe

919 820 2216 145 betalen waer over seer verwondert bent heden aen monsr

2027 927 392 65 sben ue larthe

914 879 2416 214 schalier mijne a signatie gegevent voor ƒ56 wissel gelde sijn het

935 1009 2324 142 netto impost dat ue mij schaldeghe p rest van de partijt van

946 1083 2280 139 12 meert 712 nne toree javer & dra maenden geleden versoeke

935 1178 2299 171 dan vrindelyck van de selve, sonder faute te voldoen het is

957 1275 2347 183 maer een clijne bagatelle derhalve vertrouwe ue daer niet aen

951 1390 1618 177 manqueren sal ue van herte gootende blijve

2848 1433 460 197 Adij 6 umy

769 1507 1472 160 brussel de wed: Henrico Borremans

952 1562 2314 197 ue seer aergename van gistren wel ontfange, daer benevens

946 1677 2289 178 de 3 staelboehier terugge, het is mij leest dat de couleuren

950 1751 2343 171 ue niet en aggreeeren, de couleuren, sijn nochtans ontrent ul

948 1838 2313 152 stalen. hebbe noch mael naergesiet de stalen van alle mijne

953 1963 2353 133 packen dogh bevinde datse alle al iets van ue gesondene stalen

945 2027 2242 168 schillen die couleuren, sijn van de schoonste niet soude ue

949 2135 2359 145 wel betere connen fornieren hebbe gestren eenige, naer ue wet

960 2191 2320 162 met rootgemengelt t stael geordonend als ue overcomt verhope

956 2312 2290 125 ue beter contente mens sal konnen geven ingeslote gaen volgens

942 2392 2361 142 ue begeire ue staeltiens berugge. D heer henrils van haere is naer

1185 2506 217 76 gesont

948 2462 2285 206 een ier & wel te passe iae met sijne vrinden noch vrolijck sijnde

941 2573 2157 165 subiet overleden door een caterne supercet if godt wil seyne

930 2636 2324 189 fiele d'cainge luste verleenen &ous bewaren, van so dage

939 2774 2343 170 toeval waer in capabel ben ul te doen gelieve te commandere

931 2864 1424 182 die blijve naer cordiale grottenisse

2827 2929 456 159 Adij 2 unij 1713

768 2980 747 171 Ath Ignace horion

1145 3085 94 69 me

925 3029 2039 145 le 9. d'avris ettois a vre grace ma derniere depuis sans vre

958 3077 2341 215 celle servira pour vous dire que mos joseph de boeg me reeud compter

933 3186 2326 214 pour vre compte cint cent vint eing florins argent courant faipart

958 3288 2258 154 en argent de change septant cincq livres des grot pour le quellet

953 3359 2270 176 vous est credite, tous mes nouvelles ballots avec des sarges sont

953 3441 2268 173 arrivez chez moy aunsij ie sauhaitray l'honneur de vous voire

949 3489 2389 223 pour vous accommoder d'un tres beau assortement les sarges montend

950 3607 2065 202 de jour en jout ie vous salue, & suis de tous mon cour

2635 3694 607 133 usel ee Aon dy 3

718 3742 680 151 twerten John apcost:

952 3785 2212 205 op 31 pass was aen ul mijnen laeste met remise voor  £150:

951 3885 2250 177 ten laste fran perera en sorden vorders referrere mij aenden

944 3965 2354 182 selve sedert van uel: niets ternomen, desen om ue te versoche

951 4052 2371 184 van de voors remise auttons op ontfanck, om acceptatie te serde

921 4159 2282 170 & bij by faute van dier te doen protesteren, &gepasseert mij

941 4244 2374 174 laten weten de tijden sijn present soo dangereus, dat men

3553 215 2481 104 bij na niet vreet vrie men fieren, ingesloten den seconda om in tijde van nodr de

3556 277 2475 88 sigh daer mede te behelpen, & sal met groot verlange afwachte te verstaen

3548 344 2478 114 oft geaccepteert is, oft wel met protest terugge sien, ul van herte groet

3552 412 420 123 ende blijve

5572 444 468 192 Adij 3 Junij 1713

3375 510 828 166 twerten Henriy Blagdon

3558 566 2457 164 ue seer aengename, van 29 april & 6 pas sijn mij op hen tijdt wel geworden

3529 673 2516 134 bij den eersten verneme ue mijne remise van stl £100:- ten laste Eduued frouwde

3551 740 2438 169 wel kebt ontfange als oock met den laestel de remise van st£ 126:19 p

3553 852 2470 132 ue twee bale & N.° 198: 199 sijn hier wel aengecomen, dogh macht groove

3529 916 2476 202 moylicheyt, om de packen te doen lossen, als men de cognossementen

3550 1002 2479 190 niet en heeft soo versoecke int toecomende de cognossemente, op sijn beher

3537 1107 2450 190 lijcken teijdt toe te senden, John beridge tunior sagh in ladinge voor

3541 1206 2484 160 ostende tot noch toe manqueert mij niets van Corfees van de blae hebbe

3537 1279 2466 187 noch 5 clijne baeltiens bij te weten 3 van de beste met name g2 sonder

3536 1381 2496 170 name geloove heden aen den man een baeltien sonder name brengen sal

3547 1470 2431 162 soo dat int cont van de twede soorte 30 psi soude conner ordoneeren

3530 1520 2490 199 preparcert voor nu een baeltien, met 18 witte perpet., gelijck het baestie

3545 1661 2489 176 & 178 is geweest van prijsen, als heer onder genateert, benevens 2 laettie

3545 1763 2404 173 royeles 24gd.p gelijck baeltie & 158 gesorteert den tijdt sal leeren wat

3536 1872 1683 165 voorders sal ordoneren ue van hert groetende blijve

4009 1975 1399 164 voor 30 Roya les sarges 24 gd, in twee set

4003 2098 1371 131 5 bruyn rosse sarges 24 gdsn naer dit staet

3954 2162 939 158 10 ditto Caffees  28 gd

3833 2246 819 162 syn 25 ps. en une sett

3969 2308 1059 187 15 ditto in one stt. als voors

3747 2437 902 136 voor 30 royeles a 49dso

3519 2495 1894 169 de royalie coffees moetn sgn naer het stael van voor 18 witten perpet

3531 2603 1840 140 18 mert lest niet bruynder maer wel eenige 6 perpet. van 38 p

3522 2680 1177 136 lighter doch noet veel, assorteet die, dat se

4707 2675 664 175 6 perpet. van 42 p

3523 2767 1227 127 al wat verschullende sijn, & niet alle van

3530 2786 1832 189 een couleur dat van heeten recomandere, 6 ditto van 48 p

3515 2917 767 146 boven al segeel geverft

4688 2903 334 176 18 pagied

3540 3053 2381 124 dese 3 baeltiens te samen in eene groete bale te samen op te paeken

5424 3119 566 172 Adij 3 Juniy 1713

3402 3144 723 151 Don Richard Swocke

3388 3240 2535 111 sedert ue over ompte van ae niets vernomen, verhope ue goet arrivement

3541 3334 2350 129 in coton, terwijlen aen ue hier sjnde mijne comissie mondelinchte gelooft

3523 3395 2484 159 hebbe toe te senden, soo hebt ue hier benevens een stael bockil accorderende

3525 3496 2397 129 ontrent de laeste bele, die van ue gekoght hebbe gemarckt seyn de

3521 3562 2389 153 & & 89 soo gelieve twee balen oat in one bale te prepareren voor het

3522 3665 2415 159 eerst aenstaende Convoij ider bale van 66 ps &4 sets van 15 ps in ane

3533 3775 546 128 bale te weten

3729 3809 2271 164 1baeltien met 15 olives gelijck het baeltien  £195 is gewest sijn „ 15 ps

5689 3890 289 121 „15 ps

4090 3931 648 108 „ 15 ditto als tcorp

3710 3943 213 84 1 ditto

5704 3963 297 118 „15 ps

3728 3988 1674 131 ditto „ 15 schades naer dit ingeslote stael bockte

5706 4061 148 87 „15

3728 4067 956 136 1 ditto„ 15 schades ditto

3542 4122 2428 158 sijn 4 sette in one bale eder sets van 15 ps makende eene bale van „66:2s

5690 4210 276 108 „60 ps

3513 4243 1650 126 hem alnoch eene groote bale als voors sijn

4856 4290 1121 183 waermede de 2 groete bale sijn „120 ps
