7892 4637
2129 126 179 126 A

2654 183 605 158 Adij 11 July 1712

976 179 1013 181 D. heer Dionijs verburgh

519 195 469 169 rotterdam

732 301 2496 190 ul aengenaeme van 8 courant wel ontfanghen de schepen van absem, &

753 487 2480 91 edringe en burdige waere godt lof7 behouden gearriveert, soo sende hier aen

730 547 2471 117 den voet deser de notitie van acht packen inde sebve geladen, die vervolgens

736 629 2486 172 gelieve te verclare oversenden ge de beste schippers, in  N. 38 sijn 20 prince

741 742 2512 149 saeyen, hoe lanck die sijn weete niet wel, geloode eghter niet over de mate sijn van dan

733 832 2531 164 die sarges, staen mede onder de gemeyne ordinaire sarges in den holanschentaris

735 939 2496 196 gespecisieert, soo dat oock niet meer van rechten moeten betalen de bale R N. 171

749 1071 2506 158 sijn geverfde, soo wort ul de gerecommandeert, als voor desen ul: sal de vier packen

762 1166 2477 157 uyt Jakn ewings te gelyck versenden als ooc de vier andre in daknburdige, om

746 1279 2516 184 de paspoorten te solageeren, & dingesloten voortgancoy te geven, ul van herte

2236 1402 260 147 l

745 1413 773 159 groetende blijve

1479 1497 428 178 dozijn heer

1059 1622 738 190 Dn Jakon ringe

1033 1755 1078 177 3Dy 38 met 20 prince sarges

1149 1838 1286 190 „39 met„ 60 ordinaire Sarges ider a 27

2246 1966 185 114 „30

1131 1964 675 111 „ 40 met 60 ditto

2230 2040 198 112 „27

1015 2039 906 109 „ 41 mety 60 ditto iden

1024 2149 76 123 C

1160 2186 814 196 2 belen 200 sarges

896 2344 833 194 D Dn John bardige

959 2475 1465 186 S N. 44 met: 70„ sarges eder a . a. 27

2184 2619 227 124 „ 27

949 2617 967 148 D„ 45. met„ 55: ditto iden

2175 2719 253 130 „30

1073 2722 826 126 ty mery 28  ditto eden

947 2805 1472 159 N171 met„ 60, sarges geverfde iden. „ 27

1057 2890 687 210 t belenp 213 sange

2622 3057 609 171 Adij 11 July 1712

558 3078 982 212 Brerson Thore blaydon

801 3236 2322 125 op 27 pasto & twee deser waren aen ul: mijne leste, met den eersten remises voor

789 3316 2402 136 st £240:- voor mons: George thorne voorders referrere mij aen de selve sedert

773 3414 2467 127 become ul. aengenaeme van 21 pas met de retpeninge courantt die d'accoore

794 3512 2437 172 hebben bevonden, waer bij ul. & saldo noch is comende st£ 70:13:5 en soude

794 3623 2412 171 ul die wel mede remitteren, maer de twee baeltiens  141:142 sijn daer biy

774 3738 2488 160 gerekgent sijnde de sarges van 29:6 et die blijve liggen als steenen & ick, kan

795 3830 2411 167 sulcke goederen niet vercoopen, als tot een merckelijcke laegeren prijs, nu

787 3912 2441 164 vermits die hier sijn, & dat gaerne een eijnde soude maeee de repe

783 4026 2466 159 ninge van ue companie sluyten soo sal die aennemen tot 26 s, soo niet

795 4165 2456 122 soo kont daer van disponeren, kan het soo niet sijn laet het 27  wes en

788 4250 2474 147 pasientie om tedinst te doen waer op mij cito gelieve te scantwoe

5884 136 103 111 1d

3520 184 2452 139 rden, & dat herij blagdon die somme dan goet doet aen mons: george thorne

3515 275 2522 144 segge het slot, oft wel de reste vant gene op die refeenige dan noch debet blijve me

3500 342 2490 147 die dan te sluyten & de nieure begonste rekpeninge met hem daer voore te debiteren

3511 427 2516 151 sal e naesten eenige stalen senden voor couleure sarges om eene preuve, & w

3525 529 2492 133 ue die wel doet, konnen wel partijen op een jaer ordoneren, want debiteren iele

3529 601 1699 170 ontrent de vier duysent stuckken op een jaer tot governo

3483 700 2553 197 hebbe mede becomen stalen & fracturen van mond. blaydon van N. 178 a 183 mons

3496 800 2493 172 samen st £ 178:0:8½ in houdende de 18 geordoneerde pepetuanen dat wel is soo

3508 899 2506 151 die hun leinge breede & sijnte, naer de prijsen hebben, sal wel meerdere partije

3520 986 2483 168 ordonere, van die &hoogere prijse. wat de bale  179 aen gaet, die goederen sijn

3516 1069 2497 176 mij onbespent, & hebbe die soorte hier noyt gesien, nochte geloove niet, die hier trecke

3524 1172 2510 173 en sullen soo ick magh daer niet aencomen ue behoorde mij geen andre goederen

3516 1294 2512 136 te senden als die vrage, anders is alte veel moyte veloren, heeft ul eenige vrinden

3529 1388 2474 132 in rlaenderen, addreseert vrijlijck die bale aen hun voorders ickx meest van de

3528 1513 2478 130 eerste claver van 31:6 en geordoneert & sie sent meest al van de beste soorte

3530 1603 2487 147 wel dat is ommers niet wel, als men piant a contento kan bedienen, moet

3520 1708 2489 170 men de goederen van prijsen senden, als gevraght wort, voove dat sent ue als

3525 1813 2496 169 vreder  mooren, daer is noch niet een staelx vercocht van de laeste partije in

3518 1949 2494 120 John burdige dunion ue magh wel meer senden voor ue rekeninge maer daerr

3515 2049 2496 148 bij behoorde mij gerief en sortement te doen, vermits nu alle van de beste bynaer

3534 2139 2483 130 bij hebbe, soo prepareert voor het eerste convoij twee balen ider van 60 ps

3544 2238 2471 176 van 31 geene van d'andre, ten het voorders ordoneerde ingeslote remittere ue

3521 2354 2493 163 st £100:- ten laste Cward frond in londen, dienende voor de eerste remise

3522 2442 2468 182 voor onse nuwe rekeninge, besorght het noodigh Jokn bardige Junior is

3536 2581 2398 119 tot rotterdam behouden gearriveert van het convoij op ostende hoort aen

3539 2650 1111 157 noch niet, uls groetende blijve

3268 2694 377 140 Aiverton

4249 2692 1762 227 soo aentons become de goede tijdenadij 11 July 1712

3541 2797 2484 204 Bere & Enck marck dat Jan coringe sunior tot ostenden behouden is gearriveert

3538 2912 2504 184 op 29 pasto was aen ul mijnen laeste, met remise voor st £160:- ten laste

3538 3012 2501 206 Jan merley in londen, sedert hebbe het brieffpe van 60:- op laureijs galdij

3537 3122 2470 179 & comp door de mess: chidmangschid met protest tensegge gespregen soo is ue daer

3528 3206 2499 182 vooren gecrediteert, hebbe mede ue aengenaeme ontfangen van 21 pasto met

3541 3289 2496 188 facture en stale van de bale P N°47 inhoudende 28 rojales 24 gdistanterende

3536 3407 2434 151 samen st £68:- ue stelt geniraliter 1  hooger als d'andre wel de rojales

3528 3509 2482 145 sijn emmers niet op geslagen, ick heb ter selver tijdt van een ander vrint oock

3519 3594 2495 185 oock een bale royales becomen die de selve stelt, als voor desen te weten a

3525 3703 2503 156 47 & 47:6 en soo dat wel asneten kan dat ul: meer wilt vrinnen als andre

3527 3764 2494 204 en kan mij sekerlijck met animeren, brrings en birdege sijn behouden in goede

3532 3897 2453 141 rede gearriveert van John Pwing Tunior op ostende hoort men mets. niet eens

3526 3996 2484 88 hoe dat ul mijn addres volght int laeden hadde geordoneert de helft op rotte

3498 4090 2484 140 dam & te verdeelen in twee schepen, & ue sent drij balen & op ostende in een

3515 4172 2490 101 schip sis balen godt wilt hem mede salvo laeten arriveren, als wanneer ue

3544 4268 2477 94 voorders remitteren sal laet wij weten hoe de goederen hun in de prijser schielen

3531 4329 2459 101 en oft sij daelen oft monteren om volgens te reguleren blijve in astachtinge

3541 4374 574 59 naer groetenisse
