<?xml version="1.0" encoding="UTF-8"?>
<alto xmlns:xsi="http://www.w3.org/2001/XMLSchema-instance"
      xmlns="http://www.loc.gov/standards/alto/ns-v4#"
      xmlns:page="http://schema.primaresearch.org/PAGE/gts/pagecontent/2013-07-15"
      xsi:schemaLocation="http://www.loc.gov/standards/alto/ns-v4# https://www.loc.gov/standards/alto/v4/alto.xsd">
   <Description>
      <MeasurementUnit>pixel</MeasurementUnit>
      <OCRProcessing ID="IdOcr">
         <ocrProcessingStep>
            <processingDateTime>2022-02-11T21:38:27.552+01:00</processingDateTime>
            <processingSoftware>
               <softwareCreator>READ COOP</softwareCreator>
               <softwareName>Transkribus</softwareName>
            </processingSoftware>
         </ocrProcessingStep>
      </OCRProcessing>
   </Description>
   <Layout>
      <Page ID="Page1" PHYSICAL_IMG_NR="1" HEIGHT="4637" WIDTH="7878">
         <TopMargin HEIGHT="0" WIDTH="7878" VPOS="0" HPOS="0"/>
         <LeftMargin HEIGHT="4637" WIDTH="0" VPOS="0" HPOS="0"/>
         <RightMargin HEIGHT="4637" WIDTH="0" VPOS="0" HPOS="7878"/>
         <BottomMargin HEIGHT="0" WIDTH="7878" VPOS="4637" HPOS="0"/>
         <PrintSpace HEIGHT="4637" WIDTH="7878" VPOS="0" HPOS="0">
            <TextBlock ID="region_1643819390094_4275"
                       HEIGHT="4240"
                       WIDTH="2746"
                       VPOS="172"
                       HPOS="529">
               <Shape>
                  <Polygon POINTS="529,172 3275,172 3275,4412 529,4412"/>
               </Shape>
               <TextLine ID="region_1643819390094_4275l1"
                         BASELINE="684,262 811,264 938,266 1065,268 1192,268 1319,270 1446,270 1573,270 1700,270 1827,270 1955,270 2082,268 2209,268 2336,268 2463,268 2590,266 2717,266 2844,264 2971,264 3098,264 3226,264"
                         HEIGHT="111"
                         WIDTH="2575"
                         VPOS="226"
                         HPOS="668">
                  <String ID="string_region_1643819390094_4275l1"
                          HEIGHT="111"
                          WIDTH="2575"
                          VPOS="226"
                          HPOS="668"
                          CONTENT=" la barque de termonde, et addresser a Piere de Baut, pour "/>
               </TextLine>
               <TextLine ID="region_1643819390094_4275l2"
                         BASELINE="766,366 797,366 829,366 861,366 893,365 925,364 956,364 988,363 1020,362 1052,360 1084,360 1115,359 1147,358 1179,356 1211,355 1243,353 1274,352 1306,349 1338,348 1370,346 1402,344"
                         HEIGHT="119"
                         WIDTH="669"
                         VPOS="281"
                         HPOS="750">
                  <String ID="string_region_1643819390094_4275l2"
                          HEIGHT="119"
                          WIDTH="669"
                          VPOS="281"
                          HPOS="750"
                          CONTENT="vre ordre, contenent"/>
               </TextLine>
               <TextLine ID="region_1643819390094_4275l3"
                         BASELINE="998,440 1106,438 1214,436 1322,434 1431,432 1539,430 1647,430 1756,430 1864,428 1972,428 2081,428 2189,428 2297,428 2405,426 2514,426 2622,426 2730,426 2839,424 2947,423 3055,422 3164,420"
                         HEIGHT="151"
                         WIDTH="2197"
                         VPOS="310"
                         HPOS="982">
                  <String ID="string_region_1643819390094_4275l3"
                          HEIGHT="151"
                          WIDTH="2197"
                          VPOS="310"
                          HPOS="982"
                          CONTENT="5 sacqes vray melieures bastardes 22 verges ƒ21:10 . ƒ107:10"/>
               </TextLine>
               <TextLine ID="region_1643819390094_4275l4"
                         BASELINE="1150,522 1239,522 1329,522 1419,522 1509,522 1599,522 1688,522 1778,520 1868,520 1958,520 2048,518 2137,518 2227,518 2317,517 2407,516 2497,516 2586,516 2676,518 2766,518 2856,518 2946,520"
                         HEIGHT="172"
                         WIDTH="1828"
                         VPOS="420"
                         HPOS="1133">
                  <String ID="string_region_1643819390094_4275l4"
                          HEIGHT="172"
                          WIDTH="1828"
                          VPOS="420"
                          HPOS="1133"
                          CONTENT="pour voiture pasport frac jusqua termonde"/>
               </TextLine>
               <TextLine ID="region_1643819390094_4275l5"
                         BASELINE="2156,626 2208,625 2261,624 2314,622 2367,621 2420,620 2472,618 2525,618 2578,616 2631,616 2684,615 2736,614 2789,614 2842,614 2895,612 2948,612 3000,612 3053,612 3106,612 3159,612 3212,612"
                         HEIGHT="162"
                         WIDTH="1091"
                         VPOS="519"
                         HPOS="2138">
                  <String ID="string_region_1643819390094_4275l5"
                          HEIGHT="162"
                          WIDTH="1091"
                          VPOS="519"
                          HPOS="2138"
                          CONTENT="en sembe argen de hange £108:10"/>
               </TextLine>
               <TextLine ID="region_1643819390094_4275l6"
                         BASELINE="740,724 865,720 991,716 1117,714 1243,712 1369,712 1495,712 1621,712 1747,714 1873,714 1999,716 2124,717 2250,718 2376,718 2502,718 2628,718 2754,716 2880,712 3006,709 3132,704 3258,696"
                         HEIGHT="177"
                         WIDTH="2550"
                         VPOS="605"
                         HPOS="723">
                  <String ID="string_region_1643819390094_4275l6"
                          HEIGHT="177"
                          WIDTH="2550"
                          VPOS="605"
                          HPOS="723"
                          CONTENT="Pour les quelles il vous plaira me credite, vre grace a eu la bonte de "/>
               </TextLine>
               <TextLine ID="region_1643819390094_4275l7"
                         BASELINE="746,844 869,836 993,828 1117,823 1241,818 1365,816 1488,814 1612,814 1736,814 1860,814 1984,814 2107,814 2231,814 2355,814 2479,814 2603,814 2726,812 2850,810 2974,806 3098,801 3222,794"
                         HEIGHT="180"
                         WIDTH="2508"
                         VPOS="713"
                         HPOS="730">
                  <String ID="string_region_1643819390094_4275l7"
                          HEIGHT="180"
                          WIDTH="2508"
                          VPOS="713"
                          HPOS="730"
                          CONTENT="dire que les sacqes coffres sont melieur marche, que les autres, il "/>
               </TextLine>
               <TextLine ID="region_1643819390094_4275l8"
                         BASELINE="788,942 909,936 1030,932 1151,927 1272,924 1393,922 1514,920 1635,920 1756,920 1877,920 1999,920 2120,920 2241,920 2362,918 2483,918 2604,916 2725,914 2846,912 2967,908 3088,904 3210,898"
                         HEIGHT="119"
                         WIDTH="2454"
                         VPOS="857"
                         HPOS="773">
                  <String ID="string_region_1643819390094_4275l8"
                          HEIGHT="119"
                          WIDTH="2454"
                          VPOS="857"
                          HPOS="773"
                          CONTENT="vray monsr. mais puis que vous ordonne les melieures que j'ay, ie"/>
               </TextLine>
               <TextLine ID="region_1643819390094_4275l9"
                         BASELINE="764,1052 877,1046 991,1040 1105,1037 1218,1032 1332,1030 1446,1028 1559,1026 1673,1026 1787,1024 1901,1024 2014,1024 2128,1022 2242,1022 2355,1022 2469,1020 2583,1018 2696,1016 2810,1014 2924,1010 3038,1006"
                         HEIGHT="151"
                         WIDTH="2306"
                         VPOS="932"
                         HPOS="748">
                  <String ID="string_region_1643819390094_4275l9"
                          HEIGHT="151"
                          WIDTH="2306"
                          VPOS="932"
                          HPOS="748"
                          CONTENT="n'ay pas ausu vous envoyer de la marque de lestoil, ou du"/>
               </TextLine>
               <TextLine ID="region_1643819390094_4275l10"
                         BASELINE="770,1150 888,1145 1006,1140 1125,1137 1243,1134 1362,1132 1480,1130 1598,1130 1717,1128 1835,1128 1954,1128 2072,1126 2190,1126 2309,1125 2427,1124 2546,1122 2664,1120 2782,1116 2901,1112 3019,1108 3138,1102"
                         HEIGHT="167"
                         WIDTH="2401"
                         VPOS="1046"
                         HPOS="753">
                  <String ID="string_region_1643819390094_4275l10"
                          HEIGHT="167"
                          WIDTH="2401"
                          VPOS="1046"
                          HPOS="753"
                          CONTENT="pention, mais bien au feûil de tres, qui est un beaute &amp; bonte "/>
               </TextLine>
               <TextLine ID="region_1643819390094_4275l11"
                         BASELINE="772,1254 890,1249 1009,1246 1127,1242 1246,1241 1365,1240 1483,1238 1602,1238 1720,1236 1839,1236 1958,1236 2076,1236 2195,1234 2313,1234 2432,1232 2551,1232 2669,1228 2788,1226 2906,1222 3025,1218 3144,1212"
                         HEIGHT="185"
                         WIDTH="2404"
                         VPOS="1125"
                         HPOS="755">
                  <String ID="string_region_1643819390094_4275l11"
                          HEIGHT="185"
                          WIDTH="2404"
                          VPOS="1125"
                          HPOS="755"
                          CONTENT="sans pareille. ie les vend a vos voisins a ƒ22::- &amp; comme c'est"/>
               </TextLine>
               <TextLine ID="region_1643819390094_4275l12"
                         BASELINE="778,1362 899,1357 1021,1354 1143,1350 1264,1348 1386,1348 1508,1346 1629,1345 1751,1344 1873,1344 1995,1344 2116,1342 2238,1342 2360,1340 2481,1338 2603,1336 2725,1334 2846,1330 2968,1327 3090,1322 3212,1316"
                         HEIGHT="171"
                         WIDTH="2467"
                         VPOS="1243"
                         HPOS="762">
                  <String ID="string_region_1643819390094_4275l12"
                          HEIGHT="171"
                          WIDTH="2467"
                          VPOS="1243"
                          HPOS="762"
                          CONTENT="une preuve ie les ay mis a ƒ21:10: mais pour l'avenir il ne"/>
               </TextLine>
               <TextLine ID="region_1643819390094_4275l13"
                         BASELINE="770,1470 894,1465 1018,1462 1142,1460 1266,1457 1391,1456 1515,1454 1639,1452 1763,1450 1887,1450 2012,1448 2136,1448 2260,1446 2384,1444 2508,1442 2633,1438 2757,1436 2881,1432 3005,1428 3129,1422 3254,1416"
                         HEIGHT="171"
                         WIDTH="2519"
                         VPOS="1348"
                         HPOS="752">
                  <String ID="string_region_1643819390094_4275l13"
                          HEIGHT="171"
                          WIDTH="2519"
                          VPOS="1348"
                          HPOS="752"
                          CONTENT="cont pas moins que ƒ22:- ie ne doubte pas mons: que vre grace"/>
               </TextLine>
               <TextLine ID="region_1643819390094_4275l14"
                         BASELINE="758,1570 880,1566 1003,1564 1125,1562 1248,1560 1371,1558 1493,1558 1616,1558 1738,1556 1861,1556 1984,1554 2106,1554 2229,1552 2351,1550 2474,1548 2597,1546 2719,1542 2842,1537 2964,1532 3087,1526 3210,1518"
                         HEIGHT="179"
                         WIDTH="2484"
                         VPOS="1443"
                         HPOS="742">
                  <String ID="string_region_1643819390094_4275l14"
                          HEIGHT="179"
                          WIDTH="2484"
                          VPOS="1443"
                          HPOS="742"
                          CONTENT="serat tres contante, ie vous doibt dire aussy. que ces sacqes sont "/>
               </TextLine>
               <TextLine ID="region_1643819390094_4275l15"
                         BASELINE="770,1676 888,1673 1007,1671 1126,1670 1245,1668 1364,1668 1482,1666 1601,1666 1720,1666 1839,1666 1958,1664 2076,1664 2195,1662 2314,1660 2433,1658 2552,1654 2670,1650 2789,1644 2908,1636 3027,1629 3146,1620"
                         HEIGHT="168"
                         WIDTH="2410"
                         VPOS="1539"
                         HPOS="753">
                  <String ID="string_region_1643819390094_4275l15"
                          HEIGHT="168"
                          WIDTH="2410"
                          VPOS="1539"
                          HPOS="753"
                          CONTENT="ausse en engletterre 20 sols p ps &amp; outre cela, on ne peut pas "/>
               </TextLine>
               <TextLine ID="region_1643819390094_4275l16"
                         BASELINE="774,1778 892,1776 1011,1774 1129,1774 1248,1774 1367,1774 1485,1772 1604,1772 1722,1772 1841,1772 1960,1772 2078,1770 2197,1768 2315,1766 2434,1764 2553,1760 2671,1756 2790,1750 2908,1742 3027,1736 3146,1726"
                         HEIGHT="182"
                         WIDTH="2406"
                         VPOS="1651"
                         HPOS="756">
                  <String ID="string_region_1643819390094_4275l16"
                          HEIGHT="182"
                          WIDTH="2406"
                          VPOS="1651"
                          HPOS="756"
                          CONTENT="encor avoir de la marchandise a son gray pour de largent"/>
               </TextLine>
               <TextLine ID="region_1643819390094_4275l17"
                         BASELINE="770,1886 894,1884 1018,1882 1143,1880 1267,1878 1392,1876 1516,1876 1640,1876 1765,1874 1889,1874 2014,1872 2138,1872 2262,1870 2387,1868 2511,1865 2636,1862 2760,1858 2884,1854 3009,1847 3133,1842 3258,1834"
                         HEIGHT="172"
                         WIDTH="2520"
                         VPOS="1758"
                         HPOS="752">
                  <String ID="string_region_1643819390094_4275l17"
                          HEIGHT="172"
                          WIDTH="2520"
                          VPOS="1758"
                          HPOS="752"
                          CONTENT="&amp; cela sur le grand espoir de la paix ie vous conseillerez mons."/>
               </TextLine>
               <TextLine ID="region_1643819390094_4275l18"
                         BASELINE="778,1996 898,1992 1018,1989 1139,1986 1259,1986 1380,1984 1500,1982 1620,1982 1741,1980 1861,1980 1982,1979 2102,1978 2222,1976 2343,1974 2463,1971 2584,1968 2704,1964 2824,1958 2945,1953 3065,1945 3186,1936"
                         HEIGHT="152"
                         WIDTH="2443"
                         VPOS="1883"
                         HPOS="760">
                  <String ID="string_region_1643819390094_4275l18"
                          HEIGHT="152"
                          WIDTH="2443"
                          VPOS="1883"
                          HPOS="760"
                          CONTENT="de prendre un peu vos mesures a ladvenant ie vous salue &amp; suis"/>
               </TextLine>
               <TextLine ID="region_1643819390094_4275l19"
                         BASELINE="2646,2054 2676,2056 2706,2056 2736,2058 2766,2058 2797,2058 2827,2058 2857,2058 2887,2058 2917,2056 2948,2055 2978,2053 3008,2052 3038,2050 3068,2048 3099,2046 3129,2043 3159,2040 3189,2038 3219,2035 3250,2032"
                         HEIGHT="165"
                         WIDTH="641"
                         VPOS="1963"
                         HPOS="2626">
                  <String ID="string_region_1643819390094_4275l19"
                          HEIGHT="165"
                          WIDTH="641"
                          VPOS="1963"
                          HPOS="2626"
                          CONTENT="Ady 26 Juny 1712"/>
               </TextLine>
               <TextLine ID="region_1643819390094_4275l20"
                         BASELINE="614,2126 665,2124 716,2122 767,2118 818,2116 869,2114 920,2112 971,2110 1022,2108 1073,2108 1125,2106 1176,2104 1227,2103 1278,2102 1329,2100 1380,2100 1431,2098 1482,2096 1533,2096 1584,2094 1636,2092"
                         HEIGHT="189"
                         WIDTH="1061"
                         VPOS="2001"
                         HPOS="593">
                  <String ID="string_region_1643819390094_4275l20"
                          HEIGHT="189"
                          WIDTH="1061"
                          VPOS="2001"
                          HPOS="593"
                          CONTENT="laterijck wed: Pieter goet geburr"/>
               </TextLine>
               <TextLine ID="region_1643819390094_4275l21"
                         BASELINE="804,2206 916,2201 1029,2196 1141,2192 1254,2188 1366,2186 1479,2184 1591,2182 1704,2180 1816,2180 1929,2178 2041,2176 2154,2175 2266,2174 2379,2172 2491,2169 2604,2166 2716,2162 2829,2156 2941,2151 3054,2144"
                         HEIGHT="206"
                         WIDTH="2282"
                         VPOS="2047"
                         HPOS="787">
                  <String ID="string_region_1643819390094_4275l21"
                          HEIGHT="206"
                          WIDTH="2282"
                          VPOS="2047"
                          HPOS="787"
                          CONTENT="ue seer aengename van 22 deser wel ontfanghen wae uyt met groot"/>
               </TextLine>
               <TextLine ID="region_1643819390094_4275l22"
                         BASELINE="788,2300 911,2294 1034,2288 1157,2284 1280,2282 1404,2278 1527,2277 1650,2276 1773,2274 1896,2274 2020,2272 2143,2271 2266,2270 2389,2268 2512,2264 2636,2260 2759,2255 2882,2248 3005,2241 3128,2231 3252,2220"
                         HEIGHT="217"
                         WIDTH="2495"
                         VPOS="2146"
                         HPOS="772">
                  <String ID="string_region_1643819390094_4275l22"
                          HEIGHT="217"
                          WIDTH="2495"
                          VPOS="2146"
                          HPOS="772"
                          CONTENT="gevoele verstaen dat ul op 12 mj, ae my stale gesonden hadde met"/>
               </TextLine>
               <TextLine ID="region_1643819390094_4275l23"
                         BASELINE="792,2392 909,2388 1027,2384 1145,2382 1263,2378 1381,2376 1499,2374 1617,2372 1735,2370 1853,2368 1971,2366 2088,2364 2206,2361 2324,2358 2442,2355 2560,2352 2678,2346 2796,2342 2914,2336 3032,2329 3150,2322"
                         HEIGHT="181"
                         WIDTH="2391"
                         VPOS="2248"
                         HPOS="775">
                  <String ID="string_region_1643819390094_4275l23"
                          HEIGHT="181"
                          WIDTH="2391"
                          VPOS="2248"
                          HPOS="775"
                          CONTENT="ordre voor 630 ps &amp; dat die brief mij niet is geworden, &amp; dat ue sugh"/>
               </TextLine>
               <TextLine ID="region_1643819390094_4275l24"
                         BASELINE="804,2486 920,2480 1037,2476 1154,2472 1271,2470 1388,2468 1505,2466 1622,2464 1739,2464 1856,2462 1973,2462 2089,2460 2206,2458 2323,2456 2440,2454 2557,2450 2674,2445 2791,2441 2908,2433 3025,2425 3142,2414"
                         HEIGHT="182"
                         WIDTH="2370"
                         VPOS="2338"
                         HPOS="788">
                  <String ID="string_region_1643819390094_4275l24"
                          HEIGHT="182"
                          WIDTH="2370"
                          VPOS="2338"
                          HPOS="788"
                          CONTENT="van een ander hebt laten bediene me ick moete patientie hubben"/>
               </TextLine>
               <TextLine ID="region_1643819390094_4275l25"
                         BASELINE="796,2584 916,2578 1036,2572 1156,2567 1277,2564 1397,2561 1517,2560 1638,2557 1758,2556 1878,2554 1999,2552 2119,2552 2239,2550 2359,2547 2480,2544 2600,2541 2720,2538 2841,2532 2961,2526 3081,2518 3202,2510"
                         HEIGHT="136"
                         WIDTH="2441"
                         VPOS="2478"
                         HPOS="778">
                  <String ID="string_region_1643819390094_4275l25"
                          HEIGHT="136"
                          WIDTH="2441"
                          VPOS="2478"
                          HPOS="778"
                          CONTENT="naaer hadde ue de goetheydt gehadt van voorde tweede male"/>
               </TextLine>
               <TextLine ID="region_1643819390094_4275l26"
                         BASELINE="794,2674 909,2670 1024,2666 1139,2662 1254,2660 1369,2658 1484,2656 1599,2654 1714,2652 1829,2650 1944,2648 2059,2646 2174,2644 2289,2642 2404,2640 2519,2636 2634,2632 2749,2628 2864,2623 2979,2618 3094,2612"
                         HEIGHT="117"
                         WIDTH="2331"
                         VPOS="2571"
                         HPOS="778">
                  <String ID="string_region_1643819390094_4275l26"
                          HEIGHT="117"
                          WIDTH="2331"
                          VPOS="2571"
                          HPOS="778"
                          CONTENT="te serijven soiude selierlijck den eenen oft diee andern become"/>
               </TextLine>
               <TextLine ID="region_1643819390094_4275l27"
                         BASELINE="782,2766 901,2764 1021,2760 1140,2758 1260,2756 1380,2754 1499,2752 1619,2749 1738,2746 1858,2744 1978,2742 2097,2740 2217,2737 2336,2734 2456,2732 2576,2728 2695,2726 2815,2722 2934,2718 3054,2714 3174,2710"
                         HEIGHT="187"
                         WIDTH="2423"
                         VPOS="2626"
                         HPOS="766">
                  <String ID="string_region_1643819390094_4275l27"
                          HEIGHT="187"
                          WIDTH="2423"
                          VPOS="2626"
                          HPOS="766"
                          CONTENT="hebben voorder  sal de sacges voijales tegens ue over comptie"/>
               </TextLine>
               <TextLine ID="region_1643819390094_4275l28"
                         BASELINE="794,2866 914,2862 1034,2858 1155,2856 1275,2854 1396,2852 1516,2850 1636,2848 1757,2846 1877,2844 1998,2842 2118,2840 2238,2838 2359,2836 2479,2832 2600,2830 2720,2826 2840,2822 2961,2816 3081,2810 3202,2804"
                         HEIGHT="173"
                         WIDTH="2442"
                         VPOS="2735"
                         HPOS="777">
                  <String ID="string_region_1643819390094_4275l28"
                          HEIGHT="173"
                          WIDTH="2442"
                          VPOS="2735"
                          HPOS="777"
                          CONTENT="bewaren, &amp; soude uls raeden, van soo haest mogelijck ove te comen"/>
               </TextLine>
               <TextLine ID="region_1643819390094_4275l29"
                         BASELINE="802,2970 922,2962 1042,2956 1162,2952 1282,2948 1403,2946 1523,2943 1643,2942 1763,2940 1883,2940 2004,2939 2124,2938 2244,2938 2364,2936 2484,2934 2605,2931 2725,2928 2845,2924 2965,2918 3085,2912 3206,2904"
                         HEIGHT="125"
                         WIDTH="2437"
                         VPOS="2854"
                         HPOS="784">
                  <String ID="string_region_1643819390094_4275l29"
                          HEIGHT="125"
                          WIDTH="2437"
                          VPOS="2854"
                          HPOS="784"
                          CONTENT="om dat de sacges van ne af 10 stuyves p stuck sijn gemonteer"/>
               </TextLine>
               <TextLine ID="region_1643819390094_4275l30"
                         BASELINE="778,3068 900,3060 1023,3053 1145,3050 1268,3046 1391,3042 1513,3040 1636,3040 1758,3040 1881,3038 2004,3038 2126,3038 2249,3038 2371,3036 2494,3034 2617,3032 2739,3028 2862,3024 2984,3017 3107,3009 3230,3000"
                         HEIGHT="226"
                         WIDTH="2483"
                         VPOS="2908"
                         HPOS="763">
                  <String ID="string_region_1643819390094_4275l30"
                          HEIGHT="226"
                          WIDTH="2483"
                          VPOS="2908"
                          HPOS="763"
                          CONTENT="&amp; hebbe ne wederon brieven becomen die mulden dat soo haest de"/>
               </TextLine>
               <TextLine ID="region_1643819390094_4275l31"
                         BASELINE="798,3160 921,3155 1044,3150 1168,3146 1291,3144 1415,3142 1538,3140 1661,3138 1785,3138 1908,3136 2032,3136 2155,3134 2278,3134 2402,3132 2525,3130 2649,3126 2772,3124 2895,3118 3019,3113 3142,3106 3266,3098"
                         HEIGHT="147"
                         WIDTH="2499"
                         VPOS="3043"
                         HPOS="782">
                  <String ID="string_region_1643819390094_4275l31"
                          HEIGHT="147"
                          WIDTH="2499"
                          VPOS="3043"
                          HPOS="782"
                          CONTENT="sarge masiert een stuck gemaeckt hebben  wel vijfee twendigh hande"/>
               </TextLine>
               <TextLine ID="region_1643819390094_4275l32"
                         BASELINE="828,3256 944,3250 1061,3245 1177,3242 1294,3240 1410,3238 1527,3238 1643,3238 1760,3238 1876,3238 1993,3238 2109,3236 2226,3236 2342,3234 2459,3232 2575,3229 2692,3225 2808,3218 2925,3211 3041,3203 3158,3192"
                         HEIGHT="162"
                         WIDTH="2362"
                         VPOS="3149"
                         HPOS="812">
                  <String ID="string_region_1643819390094_4275l32"
                          HEIGHT="162"
                          WIDTH="2362"
                          VPOS="3149"
                          HPOS="812"
                          CONTENT="bijn om het selve in te coonen &amp; dat daer door, als oock om die"/>
               </TextLine>
               <TextLine ID="region_1643819390094_4275l33"
                         BASELINE="806,3356 915,3352 1025,3348 1135,3346 1245,3344 1355,3342 1464,3341 1574,3340 1684,3340 1794,3338 1904,3338 2013,3336 2123,3334 2233,3333 2343,3330 2453,3328 2562,3322 2672,3318 2782,3312 2892,3305 3002,3296"
                         HEIGHT="173"
                         WIDTH="2229"
                         VPOS="3238"
                         HPOS="789">
                  <String ID="string_region_1643819390094_4275l33"
                          HEIGHT="173"
                          WIDTH="2229"
                          VPOS="3238"
                          HPOS="789"
                          CONTENT="groete gerughte van weede noch meerder monteren ullen"/>
               </TextLine>
               <TextLine ID="region_1643819390094_4275l34"
                         BASELINE="808,3458 923,3452 1039,3450 1155,3446 1271,3444 1387,3441 1503,3440 1619,3438 1735,3436 1851,3434 1967,3432 2082,3430 2198,3428 2314,3426 2430,3422 2546,3416 2662,3410 2778,3404 2894,3396 3010,3388 3126,3376"
                         HEIGHT="205"
                         WIDTH="2346"
                         VPOS="3290"
                         HPOS="792">
                  <String ID="string_region_1643819390094_4275l34"
                          HEIGHT="205"
                          WIDTH="2346"
                          VPOS="3290"
                          HPOS="792"
                          CONTENT="mevonff. soude wel gare hebben, dat ul costij een stwele servest "/>
               </TextLine>
               <TextLine ID="region_1643819390094_4275l35"
                         BASELINE="828,3570 943,3562 1059,3556 1174,3550 1290,3547 1405,3544 1521,3540 1636,3538 1752,3537 1867,3535 1983,3533 2098,3531 2214,3529 2329,3526 2445,3523 2560,3518 2676,3514 2791,3508 2907,3499 3022,3491 3138,3480"
                         HEIGHT="171"
                         WIDTH="2341"
                         VPOS="3408"
                         HPOS="810">
                  <String ID="string_region_1643819390094_4275l35"
                          HEIGHT="171"
                          WIDTH="2341"
                          VPOS="3408"
                          HPOS="810"
                          CONTENT="voor mij wilde coopen va 14 a 15 strijvert delle, maer soude"/>
               </TextLine>
               <TextLine ID="region_1643819390094_4275l36"
                         BASELINE="794,3672 915,3666 1037,3662 1158,3656 1280,3652 1402,3648 1523,3646 1645,3642 1766,3640 1888,3636 2010,3634 2131,3630 2253,3628 2374,3624 2496,3621 2618,3616 2739,3612 2861,3607 2982,3602 3104,3595 3226,3588"
                         HEIGHT="208"
                         WIDTH="2466"
                         VPOS="3499"
                         HPOS="776">
                  <String ID="string_region_1643819390094_4275l36"
                          HEIGHT="208"
                          WIDTH="2466"
                          VPOS="3499"
                          HPOS="776"
                          CONTENT="moeten schoon goedt &amp;witt sijn, &amp; van gee ander ander marck"/>
               </TextLine>
               <TextLine ID="region_1643819390094_4275l37"
                         BASELINE="810,3776 925,3769 1040,3764 1155,3758 1270,3754 1386,3750 1501,3747 1616,3744 1731,3742 1846,3738 1962,3736 2077,3734 2192,3732 2307,3728 2422,3725 2538,3722 2653,3718 2768,3713 2883,3707 2998,3701 3114,3692"
                         HEIGHT="181"
                         WIDTH="2338"
                         VPOS="3624"
                         HPOS="792">
                  <String ID="string_region_1643819390094_4275l37"
                          HEIGHT="181"
                          WIDTH="2338"
                          VPOS="3624"
                          HPOS="792"
                          CONTENT="als pavie, hier sian mee al een fraeye soorte voor die puijs"/>
               </TextLine>
               <TextLine ID="region_1643819390094_4275l38"
                         BASELINE="802,3878 921,3869 1041,3861 1160,3854 1280,3850 1399,3844 1519,3842 1638,3838 1758,3836 1877,3834 1997,3832 2116,3830 2236,3828 2355,3824 2475,3821 2594,3818 2714,3812 2833,3806 2953,3798 3072,3790 3192,3780"
                         HEIGHT="182"
                         WIDTH="2425"
                         VPOS="3734"
                         HPOS="782">
                  <String ID="string_region_1643819390094_4275l38"
                          HEIGHT="182"
                          WIDTH="2425"
                          VPOS="3734"
                          HPOS="782"
                          CONTENT="coopen dogh als me het van costij uyt de eerste hant becomen"/>
               </TextLine>
               <TextLine ID="region_1643819390094_4275l39"
                         BASELINE="816,3972 936,3963 1057,3955 1177,3950 1298,3944 1418,3941 1539,3938 1659,3934 1780,3932 1900,3930 2021,3930 2141,3928 2262,3926 2382,3924 2503,3922 2623,3918 2744,3914 2864,3910 2985,3904 3105,3896 3226,3888"
                         HEIGHT="166"
                         WIDTH="2443"
                         VPOS="3826"
                         HPOS="799">
                  <String ID="string_region_1643819390094_4275l39"
                          HEIGHT="166"
                          WIDTH="2443"
                          VPOS="3826"
                          HPOS="799"
                          CONTENT="sal seherlijck ee beetere soorte syn &amp; vermits wel verseiert ben"/>
               </TextLine>
               <TextLine ID="region_1643819390094_4275l40"
                         BASELINE="794,4068 909,4060 1024,4056 1139,4050 1254,4046 1370,4044 1485,4041 1600,4038 1715,4036 1830,4036 1946,4034 2061,4032 2176,4030 2291,4026 2406,4024 2522,4020 2637,4016 2752,4011 2867,4004 2982,3996 3098,3988"
                         HEIGHT="187"
                         WIDTH="2337"
                         VPOS="3945"
                         HPOS="775">
                  <String ID="string_region_1643819390094_4275l40"
                          HEIGHT="187"
                          WIDTH="2337"
                          VPOS="3945"
                          HPOS="775"
                          CONTENT="dat uk cen groete sientster daer van is, soo gebruycke de"/>
               </TextLine>
               <TextLine ID="region_1643819390094_4275l41"
                         BASELINE="836,4162 956,4157 1076,4152 1196,4148 1316,4144 1437,4142 1557,4138 1677,4136 1797,4134 1917,4132 2038,4128 2158,4126 2278,4124 2398,4120 2518,4118 2639,4114 2759,4110 2879,4104 2999,4100 3119,4093 3240,4086"
                         HEIGHT="177"
                         WIDTH="2433"
                         VPOS="4024"
                         HPOS="821">
                  <String ID="string_region_1643819390094_4275l41"
                          HEIGHT="177"
                          WIDTH="2433"
                          VPOS="4024"
                          HPOS="821"
                          CONTENT="vrijsgheyt van mij bij ue te addvisseren verhopende ul: dit niet"/>
               </TextLine>
               <TextLine ID="region_1643819390094_4275l42"
                         BASELINE="818,4260 930,4256 1042,4254 1155,4252 1267,4250 1380,4246 1492,4244 1604,4242 1717,4240 1829,4236 1942,4234 2054,4231 2166,4228 2279,4225 2391,4222 2504,4218 2616,4216 2728,4212 2841,4208 2953,4204 3066,4200"
                         HEIGHT="154"
                         WIDTH="2280"
                         VPOS="4166"
                         HPOS="800">
                  <String ID="string_region_1643819390094_4275l42"
                          HEIGHT="154"
                          WIDTH="2280"
                          VPOS="4166"
                          HPOS="800"
                          CONTENT="qualijck sal neme, &amp; sal p eerst il antwoort daer v"/>
               </TextLine>
               <TextLine ID="region_1643819390094_4275l43"
                         BASELINE="810,4366 927,4362 1045,4358 1163,4354 1280,4352 1398,4348 1516,4345 1633,4342 1751,4339 1869,4336 1987,4332 2104,4330 2222,4326 2340,4322 2457,4317 2575,4312 2693,4306 2810,4301 2928,4294 3046,4287 3164,4278"
                         HEIGHT="160"
                         WIDTH="2389"
                         VPOS="4231"
                         HPOS="791">
                  <String ID="string_region_1643819390094_4275l43"
                          HEIGHT="160"
                          WIDTH="2389"
                          VPOS="4231"
                          HPOS="791"
                          CONTENT="verwaghten, &amp; groete  benevent de famelier uyt ter herten"/>
               </TextLine>
            </TextBlock>
            <TextBlock ID="region_1643819395542_4278"
                       HEIGHT="4293"
                       WIDTH="2738"
                       VPOS="135"
                       HPOS="3316">
               <Shape>
                  <Polygon POINTS="3316,135 6054,135 6054,4428 3316,4428"/>
               </Shape>
               <TextLine ID="region_1643819395542_4278l1"
                         BASELINE="5890,234 5922,236 5954,237 5986,234"
                         HEIGHT="89"
                         WIDTH="131"
                         VPOS="176"
                         HPOS="5873">
                  <String ID="string_region_1643819395542_4278l1"
                          HEIGHT="89"
                          WIDTH="131"
                          VPOS="176"
                          HPOS="5873"
                          CONTENT="26"/>
               </TextLine>
               <TextLine ID="region_1643819395542_4278l2"
                         BASELINE="5500,314 5525,312 5550,312 5576,312 5601,312 5627,312 5652,312 5678,312 5703,310 5729,310 5754,310 5780,310 5805,310 5831,310 5856,310 5882,310 5907,311 5933,312 5958,312 5984,312"
                         HEIGHT="146"
                         WIDTH="515"
                         VPOS="236"
                         HPOS="5484">
                  <String ID="string_region_1643819395542_4278l2"
                          HEIGHT="146"
                          WIDTH="515"
                          VPOS="236"
                          HPOS="5484"
                          CONTENT="Adj 27 Juny 1712"/>
               </TextLine>
               <TextLine ID="region_1643819395542_4278l3"
                         BASELINE="3622,344 3652,342 3683,342 3713,342 3744,340 3775,340 3805,340 3836,339 3866,338 3897,338 3928,338 3958,338 3989,338 4019,340 4050,340 4081,340 4111,341 4142,344 4172,344 4203,347 4234,348"
                         HEIGHT="154"
                         WIDTH="646"
                         VPOS="249"
                         HPOS="3606">
                  <String ID="string_region_1643819395542_4278l3"
                          HEIGHT="154"
                          WIDTH="646"
                          VPOS="249"
                          HPOS="3606"
                          CONTENT="adrianus dan den Drief"/>
               </TextLine>
               <TextLine ID="region_1643819395542_4278l4"
                         BASELINE="3320,352 3346,350 3372,349 3398,348 3425,348 3451,346 3477,346 3503,345 3530,342"
                         HEIGHT="160"
                         WIDTH="245"
                         VPOS="238"
                         HPOS="3303">
                  <String ID="string_region_1643819395542_4278l4"
                          HEIGHT="160"
                          WIDTH="245"
                          VPOS="238"
                          HPOS="3303"
                          CONTENT="brussel"/>
               </TextLine>
               <TextLine ID="region_1643819395542_4278l5"
                         BASELINE="3538,482 3661,482 3785,484 3908,486 4032,488 4156,490 4279,492 4403,494 4526,496 4650,500 4774,502 4897,504 5021,506 5144,508 5268,510 5392,512 5515,514 5639,514 5762,516 5886,516 6010,516"
                         HEIGHT="220"
                         WIDTH="2506"
                         VPOS="368"
                         HPOS="3521">
                  <String ID="string_region_1643819395542_4278l5"
                          HEIGHT="220"
                          WIDTH="2506"
                          VPOS="368"
                          HPOS="3521"
                          CONTENT="ul seer aengenaemen van gisteren wel ontfangen, in antwoort het is mij onmogelijck"/>
               </TextLine>
               <TextLine ID="region_1643819395542_4278l6"
                         BASELINE="3548,562 3668,566 3789,570 3910,574 4031,579 4152,583 4273,587 4394,590 4515,594 4636,598 4757,601 4877,604 4998,606 5119,608 5240,610 5361,612 5482,614 5603,616 5724,618 5845,618 5966,620"
                         HEIGHT="175"
                         WIDTH="2452"
                         VPOS="499"
                         HPOS="3532">
                  <String ID="string_region_1643819395542_4278l6"
                          HEIGHT="175"
                          WIDTH="2452"
                          VPOS="499"
                          HPOS="3532"
                          CONTENT="vl staelen toe te senden, om dat die niet derven hang velle momenten noodigh"/>
               </TextLine>
               <TextLine ID="region_1643819395542_4278l7"
                         BASELINE="3540,650 3661,658 3782,662 3903,668 4024,672 4145,677 4266,680 4387,684 4508,687 4629,690 4751,692 4872,694 4993,696 5114,698 5235,700 5356,700 5477,702 5598,702 5719,704 5840,704 5962,706"
                         HEIGHT="154"
                         WIDTH="2454"
                         VPOS="589"
                         HPOS="3524">
                  <String ID="string_region_1643819395542_4278l7"
                          HEIGHT="154"
                          WIDTH="2454"
                          VPOS="589"
                          HPOS="3524"
                          CONTENT="hebbe, soo versoecke van ul: staelen, van de couleuren die sout noodigh hebbe, mij"/>
               </TextLine>
               <TextLine ID="region_1643819395542_4278l8"
                         BASELINE="3542,736 3662,742 3783,747 3904,752 4025,756 4146,760 4267,764 4388,768 4509,770 4630,774 4751,776 4871,778 4992,780 5113,782 5234,784 5355,784 5476,786 5597,786 5718,786 5839,786 5960,786"
                         HEIGHT="157"
                         WIDTH="2450"
                         VPOS="679"
                         HPOS="3527">
                  <String ID="string_region_1643819395542_4278l8"
                          HEIGHT="157"
                          WIDTH="2450"
                          VPOS="679"
                          HPOS="3527"
                          CONTENT="toe te senden, sal alle mogelijcke de voiren doen, om die wel naer te volgen, waer"/>
               </TextLine>
               <TextLine ID="region_1643819395542_4278l9"
                         BASELINE="3556,828 3676,832 3796,838 3917,842 4037,847 4158,852 4278,856 4398,860 4519,866 4639,868 4760,872 4880,874 5000,876 5121,878 5241,878 5362,879 5482,878 5602,878 5723,874 5843,872 5964,868"
                         HEIGHT="169"
                         WIDTH="2439"
                         VPOS="776"
                         HPOS="3540">
                  <String ID="string_region_1643819395542_4278l9"
                          HEIGHT="169"
                          WIDTH="2439"
                          VPOS="776"
                          HPOS="3540"
                          CONTENT="op ulsigh wel magh verlaten, soo wel vande caffies alderreste soorte als van"/>
               </TextLine>
               <TextLine ID="region_1643819395542_4278l10"
                         BASELINE="3544,924 3663,930 3783,934 3902,938 4022,942 4142,946 4261,950 4381,954 4500,956 4620,960 4740,962 4859,964 4979,966 5098,968 5218,970 5338,970 5457,970 5577,970 5696,970 5816,968 5936,966"
                         HEIGHT="146"
                         WIDTH="2427"
                         VPOS="880"
                         HPOS="3527">
                  <String ID="string_region_1643819395542_4278l10"
                          HEIGHT="146"
                          WIDTH="2427"
                          VPOS="880"
                          HPOS="3527"
                          CONTENT="andere, maer wegens den prijs, moet ul: seggen, als dat de sarges thien stuyvers"/>
               </TextLine>
               <TextLine ID="region_1643819395542_4278l11"
                         BASELINE="3540,1012 3662,1016 3785,1020 3907,1024 4030,1028 4152,1032 4275,1035 4397,1038 4520,1042 4642,1044 4765,1047 4887,1050 5010,1052 5132,1052 5255,1054 5377,1054 5500,1054 5622,1054 5745,1052 5867,1050 5990,1048"
                         HEIGHT="122"
                         WIDTH="2484"
                         VPOS="974"
                         HPOS="3524">
                  <String ID="string_region_1643819395542_4278l11"
                          HEIGHT="122"
                          WIDTH="2484"
                          VPOS="974"
                          HPOS="3524"
                          CONTENT="p stucke sijn opgeslagen, om dat de olie &amp; wolle in engelant seer verooght"/>
               </TextLine>
               <TextLine ID="region_1643819395542_4278l12"
                         BASELINE="3544,1104 3668,1108 3792,1110 3916,1114 4040,1116 4164,1120 4288,1122 4412,1125 4536,1128 4660,1130 4784,1132 4908,1134 5032,1134 5156,1136 5280,1136 5404,1136 5528,1136 5652,1135 5776,1134 5900,1132 6024,1130"
                         HEIGHT="120"
                         WIDTH="2512"
                         VPOS="1064"
                         HPOS="3528">
                  <String ID="string_region_1643819395542_4278l12"
                          HEIGHT="120"
                          WIDTH="2512"
                          VPOS="1064"
                          HPOS="3528"
                          CONTENT="is, &amp; daer bij nu alle de goede tijdinge van vrede men schrijft mij van engeland"/>
               </TextLine>
               <TextLine ID="region_1643819395542_4278l13"
                         BASELINE="3540,1206 3663,1210 3786,1214 3909,1216 4032,1220 4155,1221 4278,1222 4401,1224 4524,1224 4647,1224 4770,1224 4893,1224 5016,1224 5139,1224 5262,1222 5385,1222 5508,1220 5631,1220 5754,1218 5877,1216 6000,1216"
                         HEIGHT="121"
                         WIDTH="2492"
                         VPOS="1134"
                         HPOS="3523">
                  <String ID="string_region_1643819395542_4278l13"
                          HEIGHT="121"
                          WIDTH="2492"
                          VPOS="1134"
                          HPOS="3523"
                          CONTENT="dat de sarges makers, seer spijtigh met hun goet sijn, &amp; dat soo haest een stucke"/>
               </TextLine>
               <TextLine ID="region_1643819395542_4278l14"
                         BASELINE="3548,1300 3671,1304 3795,1308 3919,1310 4043,1312 4167,1312 4290,1312 4414,1314 4538,1314 4662,1314 4786,1312 4909,1312 5033,1312 5157,1310 5281,1310 5405,1310 5528,1310 5652,1308 5776,1310 5900,1310 6024,1310"
                         HEIGHT="129"
                         WIDTH="2508"
                         VPOS="1231"
                         HPOS="3531">
                  <String ID="string_region_1643819395542_4278l14"
                          HEIGHT="129"
                          WIDTH="2508"
                          VPOS="1231"
                          HPOS="3531"
                          CONTENT="gemaeckt is, wel vijt rinsigh handen sijn, om het selve te hebben, dat scherlegen"/>
               </TextLine>
               <TextLine ID="region_1643819395542_4278l15"
                         BASELINE="3538,1400 3661,1402 3785,1404 3909,1406 4033,1406 4157,1408 4280,1410 4404,1412 4528,1412 4652,1414 4776,1414 4899,1416 5023,1416 5147,1414 5271,1414 5395,1412 5518,1412 5642,1408 5766,1406 5890,1402 6014,1398"
                         HEIGHT="132"
                         WIDTH="2509"
                         VPOS="1343"
                         HPOS="3523">
                  <String ID="string_region_1643819395542_4278l15"
                          HEIGHT="132"
                          WIDTH="2509"
                          VPOS="1343"
                          HPOS="3523"
                          CONTENT="Boossaeke sal sijn van marderen opslagh, &amp; ick voor mijn deel soecke maer stelle"/>
               </TextLine>
               <TextLine ID="region_1643819395542_4278l16"
                         BASELINE="3526,1508 3649,1506 3773,1506 3897,1506 4021,1506 4145,1506 4268,1508 4392,1508 4516,1508 4640,1508 4764,1510 4887,1510 5011,1508 5135,1508 5259,1506 5383,1504 5506,1502 5630,1498 5754,1494 5878,1487 6002,1480"
                         HEIGHT="148"
                         WIDTH="2508"
                         VPOS="1423"
                         HPOS="3509">
                  <String ID="string_region_1643819395542_4278l16"
                          HEIGHT="148"
                          WIDTH="2508"
                          VPOS="1423"
                          HPOS="3509"
                          CONTENT="aens mijn calanten te gereeren om hun calandisie, maerde beste soorte te weten"/>
               </TextLine>
               <TextLine ID="region_1643819395542_4278l17"
                         BASELINE="3550,1598 3669,1598 3788,1598 3907,1598 4026,1598 4146,1598 4265,1598 4384,1598 4503,1598 4622,1598 4742,1598 4861,1596 4980,1596 5099,1596 5218,1594 5338,1594 5457,1592 5576,1590 5695,1588 5814,1584 5934,1582"
                         HEIGHT="164"
                         WIDTH="2416"
                         VPOS="1502"
                         HPOS="3534">
                  <String ID="string_region_1643819395542_4278l17"
                          HEIGHT="164"
                          WIDTH="2416"
                          VPOS="1502"
                          HPOS="3534"
                          CONTENT="van de duyfz sterre, is niet mender als tot ƒ 22:- &amp; de beste caffees, blaver"/>
               </TextLine>
               <TextLine ID="region_1643819395542_4278l18"
                         BASELINE="3544,1692 3665,1694 3787,1694 3909,1696 4031,1696 4153,1696 4274,1696 4396,1696 4518,1696 4640,1696 4762,1696 4883,1696 5005,1694 5127,1694 5249,1692 5371,1690 5492,1687 5614,1684 5736,1680 5858,1678 5980,1672"
                         HEIGHT="137"
                         WIDTH="2470"
                         VPOS="1578"
                         HPOS="3527">
                  <String ID="string_region_1643819395542_4278l18"
                          HEIGHT="137"
                          WIDTH="2470"
                          VPOS="1578"
                          HPOS="3527"
                          CONTENT="blat met den name a ƒ22:10- &amp; noch niet gerne, daer sal kort een groote"/>
               </TextLine>
               <TextLine ID="region_1643819395542_4278l19"
                         BASELINE="3546,1788 3669,1788 3792,1788 3916,1788 4039,1790 4163,1790 4286,1790 4409,1790 4533,1790 4656,1790 4780,1790 4903,1788 5026,1788 5150,1786 5273,1785 5397,1783 5520,1780 5643,1778 5767,1774 5890,1770 6014,1766"
                         HEIGHT="142"
                         WIDTH="2499"
                         VPOS="1706"
                         HPOS="3531">
                  <String ID="string_region_1643819395542_4278l19"
                          HEIGHT="142"
                          WIDTH="2499"
                          VPOS="1706"
                          HPOS="3531"
                          CONTENT="veranderinge in onse negotie, seijn, &amp;wil hopen dat wij wat beter sullen vaerens"/>
               </TextLine>
               <TextLine ID="region_1643819395542_4278l20"
                         BASELINE="3546,1882 3668,1882 3791,1882 3914,1884 4037,1884 4160,1886 4282,1886 4405,1888 4528,1888 4651,1888 4774,1888 4896,1888 5019,1888 5142,1888 5265,1886 5388,1884 5510,1880 5633,1877 5756,1874 5879,1869 6002,1862"
                         HEIGHT="171"
                         WIDTH="2489"
                         VPOS="1779"
                         HPOS="3530">
                  <String ID="string_region_1643819395542_4278l20"
                          HEIGHT="171"
                          WIDTH="2489"
                          VPOS="1779"
                          HPOS="3530"
                          CONTENT="&amp; gij lieden mede, als het wel tot noch toe gegaen heeft, icke soude vlraede"/>
               </TextLine>
               <TextLine ID="region_1643819395542_4278l21"
                         BASELINE="3540,1996 3660,1992 3780,1988 3900,1986 4021,1984 4141,1982 4261,1982 4382,1982 4502,1982 4622,1982 4743,1982 4863,1982 4983,1982 5103,1980 5224,1980 5344,1978 5464,1974 5585,1971 5705,1966 5825,1961 5946,1954"
                         HEIGHT="141"
                         WIDTH="2438"
                         VPOS="1907"
                         HPOS="3524">
                  <String ID="string_region_1643819395542_4278l21"
                          HEIGHT="141"
                          WIDTH="2438"
                          VPOS="1907"
                          HPOS="3524"
                          CONTENT="van een goede partije op te coopen, ist bij mij niet soo 2se bij een ander"/>
               </TextLine>
               <TextLine ID="region_1643819395542_4278l22"
                         BASELINE="3550,2086 3670,2086 3790,2088 3910,2090 4030,2090 4151,2092 4271,2092 4391,2093 4511,2094 4631,2094 4752,2092 4872,2092 4992,2090 5112,2088 5232,2085 5353,2082 5473,2078 5593,2073 5713,2068 5833,2062 5954,2054"
                         HEIGHT="111"
                         WIDTH="2435"
                         VPOS="2014"
                         HPOS="3534">
                  <String ID="string_region_1643819395542_4278l22"
                          HEIGHT="111"
                          WIDTH="2435"
                          VPOS="2014"
                          HPOS="3534"
                          CONTENT="ick verschere ul., dat ul het mij ten uijttersien danck sult weten, &amp; waen in"/>
               </TextLine>
               <TextLine ID="region_1643819395542_4278l23"
                         BASELINE="3538,2206 3656,2204 3775,2202 3894,2199 4013,2198 4132,2196 4250,2194 4369,2192 4488,2192 4607,2190 4726,2188 4844,2186 4963,2184 5082,2182 5201,2178 5320,2174 5438,2170 5557,2164 5676,2158 5795,2151 5914,2144"
                         HEIGHT="168"
                         WIDTH="2409"
                         VPOS="2100"
                         HPOS="3520">
                  <String ID="string_region_1643819395542_4278l23"
                          HEIGHT="168"
                          WIDTH="2409"
                          VPOS="2100"
                          HPOS="3520"
                          CONTENT="dapabel ben ul. eenigen dinst te doen sijde versehere dat altijdt sal sijne"/>
               </TextLine>
               <TextLine ID="region_1643819395542_4278l24"
                         BASELINE="5074,2242 5100,2244 5127,2241 5154,2238"
                         HEIGHT="122"
                         WIDTH="117"
                         VPOS="2191"
                         HPOS="5056">
                  <String ID="string_region_1643819395542_4278l24"
                          HEIGHT="122"
                          WIDTH="117"
                          VPOS="2191"
                          HPOS="5056"
                          CONTENT="le"/>
               </TextLine>
               <TextLine ID="region_1643819395542_4278l25"
                         BASELINE="5002,2282 5046,2278"
                         HEIGHT="111"
                         WIDTH="85"
                         VPOS="2202"
                         HPOS="4980">
                  <String ID="string_region_1643819395542_4278l25"
                          HEIGHT="111"
                          WIDTH="85"
                          VPOS="2202"
                          HPOS="4980"
                          CONTENT=""/>
               </TextLine>
               <TextLine ID="region_1643819395542_4278l26"
                         BASELINE="5322,2322 5353,2322 5385,2320 5416,2319 5448,2317 5479,2315 5511,2314 5542,2311 5574,2310 5605,2308 5637,2306 5668,2305 5700,2304 5731,2302 5763,2302 5794,2302 5826,2302 5857,2303 5889,2304 5920,2306 5952,2308"
                         HEIGHT="193"
                         WIDTH="666"
                         VPOS="2193"
                         HPOS="5303">
                  <String ID="string_region_1643819395542_4278l26"
                          HEIGHT="193"
                          WIDTH="666"
                          VPOS="2193"
                          HPOS="5303"
                          CONTENT="Adj 29 Juny 1712"/>
               </TextLine>
               <TextLine ID="region_1643819395542_4278l27"
                         BASELINE="3330,2354 3356,2352 3383,2350 3410,2349 3437,2348 3464,2348 3491,2348 3518,2346 3545,2346 3572,2344"
                         HEIGHT="122"
                         WIDTH="276"
                         VPOS="2265"
                         HPOS="3313">
                  <String ID="string_region_1643819395542_4278l27"
                          HEIGHT="122"
                          WIDTH="276"
                          VPOS="2265"
                          HPOS="3313"
                          CONTENT="tiverton"/>
               </TextLine>
               <TextLine ID="region_1643819395542_4278l28"
                         BASELINE="3642,2366 3675,2364 3708,2362 3742,2361 3775,2360 3809,2360 3842,2360 3875,2360 3909,2360 3942,2360 3976,2360 4009,2362 4042,2362 4076,2362 4109,2364 4143,2364 4176,2364 4209,2364 4243,2362 4276,2362 4310,2360"
                         HEIGHT="194"
                         WIDTH="700"
                         VPOS="2233"
                         HPOS="3625">
                  <String ID="string_region_1643819395542_4278l28"
                          HEIGHT="194"
                          WIDTH="700"
                          VPOS="2233"
                          HPOS="3625"
                          CONTENT="Bere &amp; Enck marck"/>
               </TextLine>
               <TextLine ID="region_1643819395542_4278l29"
                         BASELINE="3546,2472 3669,2472 3792,2474 3915,2474 4038,2476 4161,2478 4284,2480 4407,2482 4530,2484 4653,2486 4777,2486 4900,2488 5023,2490 5146,2490 5269,2490 5392,2490 5515,2490 5638,2488 5761,2486 5884,2484 6008,2480"
                         HEIGHT="158"
                         WIDTH="2493"
                         VPOS="2362"
                         HPOS="3530">
                  <String ID="string_region_1643819395542_4278l29"
                          HEIGHT="158"
                          WIDTH="2493"
                          VPOS="2362"
                          HPOS="3530"
                          CONTENT="op 11 deser was aen ul mijnen leste met remisen voor st 250:- in twee brieven"/>
               </TextLine>
               <TextLine ID="region_1643819395542_4278l30"
                         BASELINE="3548,2548 3670,2552 3793,2555 3915,2559 4038,2562 4161,2566 4283,2568 4406,2572 4528,2574 4651,2576 4774,2578 4896,2580 5019,2582 5141,2582 5264,2582 5387,2582 5509,2582 5632,2580 5754,2578 5877,2576 6000,2572"
                         HEIGHT="148"
                         WIDTH="2483"
                         VPOS="2497"
                         HPOS="3533">
                  <String ID="string_region_1643819395542_4278l30"
                          HEIGHT="148"
                          WIDTH="2483"
                          VPOS="2497"
                          HPOS="3533"
                          CONTENT="ten laste Edwaed fround in londen, sedere geene van ul: twijfele niet, oft den selven"/>
               </TextLine>
               <TextLine ID="region_1643819395542_4278l31"
                         BASELINE="3546,2636 3669,2638 3792,2638 3915,2641 4038,2643 4161,2646 4284,2650 4407,2652 4530,2656 4653,2658 4776,2661 4899,2664 5022,2665 5145,2666 5268,2666 5391,2666 5514,2666 5637,2664 5760,2660 5883,2655 6006,2648"
                         HEIGHT="146"
                         WIDTH="2493"
                         VPOS="2589"
                         HPOS="3531">
                  <String ID="string_region_1643819395542_4278l31"
                          HEIGHT="146"
                          WIDTH="2493"
                          VPOS="2589"
                          HPOS="3531"
                          CONTENT="is ul. wel geworden. hebbe heden mijn sortement eens gaen naer sien, &amp; bevinde"/>
               </TextLine>
               <TextLine ID="region_1643819395542_4278l32"
                         BASELINE="3526,2718 3650,2724 3775,2727 3900,2732 4024,2736 4149,2740 4274,2744 4398,2748 4523,2751 4648,2754 4773,2756 4897,2759 5022,2760 5147,2762 5271,2762 5396,2762 5521,2762 5645,2760 5770,2757 5895,2754 6020,2748"
                         HEIGHT="178"
                         WIDTH="2528"
                         VPOS="2644"
                         HPOS="3510">
                  <String ID="string_region_1643819395542_4278l32"
                          HEIGHT="178"
                          WIDTH="2528"
                          VPOS="2644"
                          HPOS="3510"
                          CONTENT="dat lichte olires mij manqueren soo gelieve een bale op te maken van 60 ps"/>
               </TextLine>
               <TextLine ID="region_1643819395542_4278l33"
                         BASELINE="3548,2810 3668,2815 3788,2820 3909,2824 4029,2828 4150,2832 4270,2836 4390,2840 4511,2842 4631,2846 4752,2848 4872,2850 4992,2852 5113,2854 5233,2855 5354,2856 5474,2856 5594,2854 5715,2854 5835,2851 5956,2848"
                         HEIGHT="118"
                         WIDTH="2440"
                         VPOS="2755"
                         HPOS="3532">
                  <String ID="string_region_1643819395542_4278l33"
                          HEIGHT="118"
                          WIDTH="2440"
                          VPOS="2755"
                          HPOS="3532"
                          CONTENT="naer de staelen van 8 te bruarij lest aen ul: gesonden, te weten naer N.1:2:3"/>
               </TextLine>
               <TextLine ID="region_1643819395542_4278l34"
                         BASELINE="3556,2908 3679,2911 3802,2915 3925,2920 4048,2924 4172,2928 4295,2933 4418,2936 4541,2941 4664,2944 4788,2946 4911,2948 5034,2950 5157,2950 5280,2950 5404,2948 5527,2946 5650,2942 5773,2936 5896,2929 6020,2920"
                         HEIGHT="112"
                         WIDTH="2495"
                         VPOS="2857"
                         HPOS="3541">
                  <String ID="string_region_1643819395542_4278l34"
                          HEIGHT="112"
                          WIDTH="2495"
                          VPOS="2857"
                          HPOS="3541"
                          CONTENT="niet lichter noch geeden alle blijne &amp; sijne mengelinge &amp; doet al wat mogelijckis"/>
               </TextLine>
               <TextLine ID="region_1643819395542_4278l35"
                         BASELINE="3564,2992 3687,2996 3811,2999 3934,3004 4058,3008 4181,3013 4305,3018 4428,3022 4552,3027 4675,3031 4799,3035 4922,3038 5046,3040 5169,3042 5293,3042 5416,3042 5540,3040 5663,3035 5787,3030 5910,3022 6034,3014"
                         HEIGHT="154"
                         WIDTH="2503"
                         VPOS="2938"
                         HPOS="3547">
                  <String ID="string_region_1643819395542_4278l35"
                          HEIGHT="154"
                          WIDTH="2503"
                          VPOS="2938"
                          HPOS="3547"
                          CONTENT="om mij wel te bedienen, &amp; den besten coop, &amp; laet de helft posiende, &amp; d'ander"/>
               </TextLine>
               <TextLine ID="region_1643819395542_4278l36"
                         BASELINE="3560,3090 3682,3090 3804,3092 3926,3093 4049,3096 4171,3098 4293,3102 4416,3106 4538,3110 4660,3114 4783,3119 4905,3122 5027,3126 5149,3128 5272,3130 5394,3132 5516,3132 5639,3132 5761,3129 5883,3125 6006,3120"
                         HEIGHT="163"
                         WIDTH="2481"
                         VPOS="3037"
                         HPOS="3543">
                  <String ID="string_region_1643819395542_4278l36"
                          HEIGHT="163"
                          WIDTH="2481"
                          VPOS="3037"
                          HPOS="3543"
                          CONTENT="e rotterdam mij toegesonden worden, de tijden sijn soo drolligh, dat men bij naer"/>
               </TextLine>
               <TextLine ID="region_1643819395542_4278l37"
                         BASELINE="3554,3182 3676,3183 3799,3185 3921,3188 4044,3190 4167,3194 4289,3197 4412,3200 4534,3204 4657,3207 4780,3210 4902,3213 5025,3216 5147,3218 5270,3220 5393,3220 5515,3220 5638,3220 5760,3218 5883,3216 6006,3212"
                         HEIGHT="155"
                         WIDTH="2487"
                         VPOS="3136"
                         HPOS="3537">
                  <String ID="string_region_1643819395542_4278l37"
                          HEIGHT="155"
                          WIDTH="2487"
                          VPOS="3136"
                          HPOS="3537"
                          CONTENT="niet weet, wat doen, oft laten, op hope van vrede, soude gerrede geheele"/>
               </TextLine>
               <TextLine ID="region_1643819395542_4278l38"
                         BASELINE="3548,3302 3670,3302 3792,3302 3915,3302 4037,3304 4160,3304 4282,3306 4404,3308 4527,3311 4649,3313 4772,3316 4894,3316 5016,3318 5139,3319 5261,3320 5384,3318 5506,3316 5628,3314 5751,3310 5873,3304 5996,3298"
                         HEIGHT="161"
                         WIDTH="2480"
                         VPOS="3219"
                         HPOS="3531">
                  <String ID="string_region_1643819395542_4278l38"
                          HEIGHT="161"
                          WIDTH="2480"
                          VPOS="3219"
                          HPOS="3531"
                          CONTENT="geordineerde partije hebben, soo versoecke noch mael van te doen als voor"/>
               </TextLine>
               <TextLine ID="region_1643819395542_4278l39"
                         BASELINE="3554,3388 3675,3390 3797,3392 3918,3396 4040,3398 4161,3400 4283,3403 4404,3405 4526,3408 4647,3408 4769,3410 4890,3410 5012,3412 5133,3410 5255,3410 5376,3408 5498,3406 5619,3402 5741,3399 5862,3394 5984,3388"
                         HEIGHT="130"
                         WIDTH="2461"
                         VPOS="3325"
                         HPOS="3539">
                  <String ID="string_region_1643819395542_4278l39"
                          HEIGHT="130"
                          WIDTH="2461"
                          VPOS="3325"
                          HPOS="3539"
                          CONTENT="eygen, en sende mij cito mogelijck de staelen fracturen, en cognossementen"/>
               </TextLine>
               <TextLine ID="region_1643819395542_4278l40"
                         BASELINE="3548,3476 3671,3476 3795,3476 3919,3476 4043,3478 4167,3480 4291,3484 4415,3486 4539,3488 4663,3491 4787,3494 4910,3496 5034,3498 5158,3498 5282,3498 5406,3498 5530,3497 5654,3494 5778,3491 5902,3486 6026,3480"
                         HEIGHT="183"
                         WIDTH="2512"
                         VPOS="3378"
                         HPOS="3532">
                  <String ID="string_region_1643819395542_4278l40"
                          HEIGHT="183"
                          WIDTH="2512"
                          VPOS="3378"
                          HPOS="3532"
                          CONTENT="hebbe van de bruijnte blives, gelijck de bale No. 39 genogh, die sijn alle van een"/>
               </TextLine>
               <TextLine ID="region_1643819395542_4278l41"
                         BASELINE="3548,3566 3671,3568 3794,3570 3917,3572 4040,3574 4163,3576 4286,3580 4409,3582 4532,3584 4655,3586 4779,3588 4902,3590 5025,3591 5148,3592 5271,3592 5394,3592 5517,3590 5640,3588 5763,3584 5886,3580 6010,3576"
                         HEIGHT="152"
                         WIDTH="2496"
                         VPOS="3499"
                         HPOS="3532">
                  <String ID="string_region_1643819395542_4278l41"
                          HEIGHT="152"
                          WIDTH="2496"
                          VPOS="3499"
                          HPOS="3532"
                          CONTENT="couleur, soo ul. die noch senden moet moeten &amp; lichter sijn, en soo gelijck dese"/>
               </TextLine>
               <TextLine ID="region_1643819395542_4278l42"
                         BASELINE="3564,3658 3683,3658 3803,3658 3923,3660 4042,3661 4162,3662 4282,3664 4401,3666 4521,3668 4641,3670 4761,3672 4880,3674 5000,3675 5120,3676 5239,3676 5359,3676 5479,3676 5598,3674 5718,3672 5838,3668 5958,3664"
                         HEIGHT="108"
                         WIDTH="2426"
                         VPOS="3596"
                         HPOS="3549">
                  <String ID="string_region_1643819395542_4278l42"
                          HEIGHT="108"
                          WIDTH="2426"
                          VPOS="3596"
                          HPOS="3549"
                          CONTENT="twee ingesloten staeltiens, sijn goede couleuren, het schijnt dat de geile"/>
               </TextLine>
               <TextLine ID="region_1643819395542_4278l43"
                         BASELINE="3554,3744 3674,3747 3794,3750 3914,3752 4034,3755 4154,3758 4274,3762 4394,3764 4514,3766 4634,3768 4754,3771 4874,3772 4994,3774 5114,3774 5234,3774 5354,3772 5474,3770 5594,3768 5714,3764 5834,3758 5954,3752"
                         HEIGHT="123"
                         WIDTH="2433"
                         VPOS="3705"
                         HPOS="3537">
                  <String ID="string_region_1643819395542_4278l43"
                          HEIGHT="123"
                          WIDTH="2433"
                          VPOS="3705"
                          HPOS="3537"
                          CONTENT="olires wederom sullen gaen treck hebben in de sarges 22 gd maer inde"/>
               </TextLine>
               <TextLine ID="region_1643819395542_4278l44"
                         BASELINE="3564,3818 3687,3825 3810,3832 3933,3836 4056,3841 4179,3845 4302,3848 4425,3852 4548,3854 4671,3856 4794,3858 4917,3858 5040,3860 5163,3860 5286,3860 5409,3858 5532,3858 5655,3856 5778,3854 5901,3852 6024,3850"
                         HEIGHT="151"
                         WIDTH="2493"
                         VPOS="3768"
                         HPOS="3547">
                  <String ID="string_region_1643819395542_4278l44"
                          HEIGHT="151"
                          WIDTH="2493"
                          VPOS="3768"
                          HPOS="3547"
                          CONTENT="raijaels niet ben in groot verlange naer de stalen van de resterende geordineerde"/>
               </TextLine>
               <TextLine ID="region_1643819395542_4278l45"
                         BASELINE="3552,3914 3672,3916 3793,3918 3913,3922 4034,3926 4155,3930 4275,3932 4396,3936 4516,3940 4637,3942 4758,3945 4878,3948 4999,3950 5119,3950 5240,3950 5361,3950 5481,3950 5602,3947 5722,3944 5843,3940 5964,3934"
                         HEIGHT="168"
                         WIDTH="2446"
                         VPOS="3837"
                         HPOS="3536">
                  <String ID="string_region_1643819395542_4278l45"
                          HEIGHT="168"
                          WIDTH="2446"
                          VPOS="3837"
                          HPOS="3536"
                          CONTENT="drap een naer de drogett stalen geordineent, als oock naer de rayals 24 gds"/>
               </TextLine>
               <TextLine ID="region_1643819395542_4278l46"
                         BASELINE="3560,4008 3682,4008 3805,4008 3928,4008 4051,4010 4174,4013 4296,4016 4419,4020 4542,4023 4665,4026 4788,4030 4910,4033 5033,4036 5156,4038 5279,4038 5402,4038 5524,4037 5647,4035 5770,4032 5893,4026 6016,4018"
                         HEIGHT="122"
                         WIDTH="2491"
                         VPOS="3956"
                         HPOS="3543">
                  <String ID="string_region_1643819395542_4278l46"
                          HEIGHT="122"
                          WIDTH="2491"
                          VPOS="3956"
                          HPOS="3543"
                          CONTENT="volgens genoteere pnijn ordre van 28 meij vlmoet van alles de helft aftee"/>
               </TextLine>
               <TextLine ID="region_1643819395542_4278l47"
                         BASELINE="3578,4106 3697,4104 3816,4102 3935,4102 4054,4104 4173,4106 4292,4110 4411,4114 4530,4118 4649,4123 4769,4128 4888,4132 5007,4136 5126,4138 5245,4142 5364,4142 5483,4144 5602,4142 5721,4140 5840,4135 5960,4128"
                         HEIGHT="133"
                         WIDTH="2414"
                         VPOS="4060"
                         HPOS="3562">
                  <String ID="string_region_1643819395542_4278l47"
                          HEIGHT="133"
                          WIDTH="2414"
                          VPOS="4060"
                          HPOS="3562"
                          CONTENT="ren naer gewoonte. ingesloten remittere ul wederom s£160:-"/>
               </TextLine>
               <TextLine ID="region_1643819395542_4278l48"
                         BASELINE="3584,4212 3705,4208 3826,4204 3947,4204 4068,4204 4189,4204 4310,4206 4431,4208 4552,4210 4673,4214 4794,4217 4915,4220 5036,4222 5157,4226 5278,4228 5399,4228 5520,4228 5641,4228 5762,4224 5883,4220 6004,4214"
                         HEIGHT="170"
                         WIDTH="2452"
                         VPOS="4121"
                         HPOS="3568">
                  <String ID="string_region_1643819395542_4278l48"
                          HEIGHT="170"
                          WIDTH="2452"
                          VPOS="4121"
                          HPOS="3568"
                          CONTENT="laste Jan hartlay in london waer voor het noodigh gelieve te betor"/>
               </TextLine>
               <TextLine ID="region_1643819395542_4278l49"
                         BASELINE="3576,4300 3662,4302 3749,4304 3835,4304 3922,4304 4008,4304 4095,4304 4181,4304 4268,4304 4354,4304 4441,4304 4527,4304 4614,4304 4700,4304 4787,4304 4873,4304 4960,4306 5046,4308 5133,4310 5219,4312 5306,4316"
                         HEIGHT="143"
                         WIDTH="1762"
                         VPOS="4236"
                         HPOS="3560">
                  <String ID="string_region_1643819395542_4278l49"
                          HEIGHT="143"
                          WIDTH="1762"
                          VPOS="4236"
                          HPOS="3560"
                          CONTENT="gen en den onfangh deser mij adviseren blijve"/>
               </TextLine>
            </TextBlock>
         </PrintSpace>
      </Page>
   </Layout>
</alto>
