8358 4637
955 211 2352 131 hodden die sarge negatie seght geheel onder den voet gworden

936 284 2331 174 die goedren hier bij seminige verkoght voorden prijs gelijck, die

965 375 1552 196 cotten u van herte groetendie Blijve

1003 513 1108 220 Londen 23 us.N.4

1507 622 601 157 44 d „

1543 720 575 166 12d2„ a

1527 836 641 168 45 d„ 7

2625 1000 657 213 Adij 13 debr 1714

809 1051 1095 181 Leulen Gerarr meuser

949 1167 2333 186 ue mij altijdt seer aengenames van 9 deser wel ontfanghen, sedert

938 1294 2366 195 sijt de fuees hamen clijnsen wijn oock be haeden, aengecomen

920 1399 2266 185 dogh N.2 heeft al steres geleekt soo datter al wat wijn

2468 1481 130 90 wel

940 1470 2331 214 verloren is gegaen dat dat, moet niet gecondioneert geweest

965 1619 2317 194 hebben, sien, dat ue een hoehemen h. vath mijn getroken

952 1703 2357 153 hebt om mij wat goett te senden waer vene ue te bedancke

943 1793 2306 170 hebbe, & sal voer bij mijne vrinden devoiren doen om

955 1896 2187 202 partijen van de gest, te beneficeren, & hebbe alreede

970 1989 2244 204 sommige daer over gesproken die wel resolveren soudde

983 2095 2170 153 maer ul stelt de thaem, a ƒ 86:- wisselgelde dat

957 2197 2291 201 groodt gelt is inagenere, mij u sigh sal geabugseert hebbe

960 2281 2237 204 want de haem, die n mij voor lede jaer gesonden hebt

953 2384 2258 214 compt maen ƒ60:- wissel gelde te staen, soo desen

953 2489 2308 170 ƒ 26:- op d' haem meer dat considerabel is, melle de ret

936 2604 2337 183 dat desen wijsn ƒ 1:4: wessel gelde ten alderminste dien

959 2720 2312 162 polt, costen sal, soo gelieve te laten weeten, oft u aluyt

1004 2782 2236 180 heeft, oft niet versoecke, van het ipost te disponeren

953 2931 2324 144 tis mij lief te verstaen ul: familie in goede getenheijdt

957 3013 2293 155 sijdt wensende continuat ie gdeere van e pretentie hier

957 3147 2336 140 sal mij ten uyfensten aengeraem sijn mij danckt, dat het

983 3223 2215 166 goet werc ware dat ue met de vrinden hier in accordt

970 3299 2318 182 quaem want sien geene de minste apparientie van re

961 3442 2289 118 & heeft tu hier noch eenige rente te vercopen, wille die

987 3501 2269 140 wel afnemen versoecke daer in aen mij voer andre de

996 3585 2264 179 preferentie te geven, sal op de bose den not vanden

966 3691 2259 185 bruyse eers spreke & vragen, hoe die affaires gelegen sijn

977 3800 2333 183 at geene sal vernemen went aen den vaet deser, ue genateer

987 3887 2339 185 ue hier eenigen dienst connende doen versoecke te commander

973 3993 1646 186 die naer cordiale graeterisse blijve

5860 212 122 68 10d

5426 227 576 166 Adij 16 xbre 1713

3399 208 1112 178 Londen John Ladnelle

4049 346 140 86 noyt

3520 317 2484 168 hebbe voor desen het geluck gehadt aen ul te schrijven, ofte eenige affaite

3546 451 2435 151 te hebben, met al, & terwijlen sien, op de boecken van mijn veder salliger

3527 514 2484 157 mesijn dat u in der jaere 170l enige van onse taernantsche tijcken van lenn

3533 617 2406 149 ontboden hebt soo kome met desen mijn dienst van herte aen ul te

3528 713 2483 142 officeren ende soude mij seer aengenaem, sijn bij aldien u mij met

3494 799 2499 121 En ordres wilde vereeren, om d'aude cerespondenti van mjn vadersolge

3519 912 2481 136 te verneuwen, sijdt versekentn dat iul intrest, ten uytersten, sal beherten

3521 995 2423 147 a twijfele niet, oft ick velle contentement soude hebben in mijne

3515 1116 2432 150 goede sorge, soo iu eenige mesinatie heeft, versoecke te laten

3519 1210 2419 116 weeten als oock te noteren wat voor sortemente soude moghen

3530 1263 2393 170 nodigh hebben, in afwaghtinge, deere van ul antwoort

3501 1404 1954 171 ordre Blijve naer cordiale graetcrisse

5323 1529 651 210 Adij 18 xbre 1713

3438 1588 1083 197 Amst. Francisco Rousseau

3505 1707 2450 197 ien seer aengename, van 10 pass is tot noch toe onbeantw gebleven bs

3473 1842 2502 165 faute van materie desen sal prinsipael dienen om e versoecken,

3507 1885 2497 224 van mijne rek courant op ontfangh deser mij toe te senden terwijlen

3503 2005 2488 172 het jaer geeijndeght is, & verhope met godts gratie met het aenstaende

3528 2117 2463 199 neuw jaer eene muy te beginnen, vorders versoecke mede mij eens

3520 2225 2482 199 te noteren, hoe veel de gaude spetien cosfij heden vercoght

3517 2381 2462 137 worden om volgens, te reguleren waer in bordere cassebel

3511 2465 2477 133 us enngen dienste te doen gelieve e commandere die Blijve

3517 2566 886 160 naer groetteniss

5333 2719 617 190 Adij 20 d. 1712

3409 2769 1115 214 Brussel ornelis Le fays

3516 2899 2437 190 engevolgen u ordre van 17 deser, hebbe heden p beurtschip gesonden

3511 2998 2484 221 de 7 ps sorges uyt baettien waer van ue de stelen, gesneden heeft als

3512 3151 2412 128 oock de 4 sarges drapeen geteeckent met een spelle boven dien

3506 3215 2447 198 noch een bruyn coffee best met name, gelijck u stael, maer die

3502 3306 2478 204 tinee geteekende caffees, int baetteen can en mogelijck niet mede

3487 3433 2448 168 senden, om dat de groote bele van 6ops noch te samen is

3530 3525 2400 157 bovendien, & magh, men, soo een baestien om twee stacken niet

3500 3647 2308 174 schijndeen ue sal mij gelieve te crediteren als velght

3528 3766 1193 160 voor 7 sarges bette 22 gde star

3627 3748 2331 260 „4 de drapeen aego. star ƒ11 sarges bete aƒ 23:10. ƒ238:10

5267 3931 706 140 „ 24:10„ 24110

3636 3949 1144 180 1 d coffeesmet name 229 di

5004 3995 395 179 somen

5453 4013 447 177 ƒ 283:

3627 4088 225 154 12 pd

3500 4138 2494 155 twijfele niet oft dese goedren sullen u seer aengenam wesen ter wij

3511 4257 2376 121 la die levinde seer schoon in qualitijt waer m expobel ue

3518 4350 2441 122 eenighen vordren dienst te dan gelieve te commandere Blijve
