7933 4637
840 207 564 158 De hamilton

826 332 2343 131 onde wissel negotie serloop soo danigh datter daghen sijn, datter niet passeere

840 430 2350 73 heden isser op londen niet gedaen daer is geen cours meer de treckers willen s0o

828 501 2428 149 veel hebben als het wel van costij ascomt godt wel ons eene goede rede verlienen

817 580 1085 146 en dat de negotie wat beteren magh

607 564 291 176 baestray

905 636 265 113 31 aguler

2749 616 526 167 Adij 20 Julj 1712

816 705 2424 157 Dende aen ul: heden p convoy op baestrode een pack gemackt om te

837 820 2428 171 volgen d'ordre van mons. methou brans van ath sijnde droogh & wel gecond=

829 891 2445 188 retioneert, de vracht pas poort gelt  is al hier betaelt, soo franco van

842 969 2443 185 alles, maer den ontfangh, gelieve te sorgen voor de versendinge sult mij ver

841 1045 1084 149 bligeren & blijve naer groetenisse

2667 1100 600 167 Adj 22 Julij 1712

613 1093 1035 190 Cortrijcl de wed: pieter goet gebuer

826 1243 2361 158 op 13 deser was aen ul mijnen laeste, waer mede adviseerde den ontfangh van ul:

819 1343 2384 97 aengename, & hadde oock versocht dan do ellen ammelaken in te coopen van twee

831 1422 2416 158 ellen breedt, & van de selfde quantiteyt dan het gesondene tack servet ben in achter

816 1482 2449 198 de naken, oft ul den selven wel heeft ontfangen, soo neme de vrijigheyt, van met

805 1591 2467 147 desen het noch mael te versoecken. hebbe ue gecrediteert voor £5:11:10 wisselgelde

812 1692 2413 171 door het impost van het stue ksservet, dat versoecke soo mede te noteren wij ver

826 1789 2413 177 langen met groot gedult naer deere van ue hier te sien, & sijn in hope dan ue

818 1895 2417 144 te mogen bedienen aen een goede partije goederen, sijdt verschert dat uemaert

837 2006 2410 134 in antwerpen ul: beter coop bedienen sal, oft kan, als wij, doch gelieft nu te nate

819 2090 2391 176 ren, dat alle de engelsche goederen marckelijckx sijn gemonteent, onse sargis

819 2171 2434 195 die nu vers gearriveere sijn, costen ons eenen gulden meer ingehoeht als de voor

806 2278 2451 171 gaende, & men adviseert mij mij dat voor die prijs noch niet meer te becomen sijn

831 2385 2413 191 daer sal int cont een groote verandringe in anse negotie comen, & godt wilt

822 2504 2409 179 ons eenen goeden vrede verlienen ue & familie van herten groetende blijve in

813 2585 1303 167 aswachtinge van deere van ul antwoont:

2639 2631 613 203 Adij 22 Julij 1712

584 2677 1045 145 brussel Jan Daniels de Wener

818 2798 2380 182 desen om aen ul: te laten weten, als dat alle convoijen soo wel op ostende, als

842 2902 2412 181 als ratterdam, behouden sijn gearriseert (godt laf, dogh die costen ons net

819 2965 2430 215 thien shijvers op stuckx meer, als de voorgaende, & men adviseert mij, datter pre

832 3070 2382 196 dent geene meer te becomen sijn onder eenen gulden  pe meer jae sommige

816 3148 2439 217 rillen dertigh scayvers meer hebben soo magh ul sijn rekeninge wel naer

827 3258 2447 196 advenant maken. ick hebbe met dese convoys ontrent ewee duijsent stuchen

819 3353 2464 224 becomen, vermidts dese twee convoijen soo haest het voorgaende gevolght

814 3454 2422 213 sijn soo ben seer scrap van casse & moete groote sommen naer engelant

827 3560 2447 206 remitteren soo versoecke dan uey met een groote somme schulpsaem

811 3642 2458 208 tevreden sult mij groot plisier doen ick schicke mede aenstaende hejlige

816 3720 2470 201 dagen tot brussel te comen, als wanneer mij d'eere sal geven van ue te komen

822 3840 2463 186 besoecken van aen mons. le faijs, & mons: valhaert het selve te cominueere

831 3980 2422 96 en waer in capabel ben ue dinst te doen gelieve te commanderen naer

814 4036 1051 171 eordiale groetenisse blijve

3402 181 922 169 Brussel wed: Bowemans

5160 175 840 173 Ady 22 July 12

3516 339 2516 146 sende aen ul heden p  brussel het perpet. dat ul mij gerd

3524 419 1557 127 heeft te doen verven beloopende te weeten

3741 505 822 157 1 perpet lanck a 29

5579 503 377 166 ƒ 29:-

3811 613 1178 167 verschote voor groenverven

5586 631 380 158 „ 578

5547 719 444 177 ƒ 34:8

3527 820 2358 204 waervoren mij gelieve te crediteren, sal mij deere geven van op

3534 952 1929 162 sondagh toecomende ue mijn dnlt te com osfrran

5410 1032 615 147 Adij 23 d vo2

3380 1025 482 163 Gent Ousomer

3539 1094 2487 210 sende an ul: hier ingesloten mijn tolbrief, die gelieve te behadifn aen scoppr

3520 1218 2494 175 den montach comende vaa brugge nae antwerpen dheer gellis ue compenolle

3531 1362 2493 133 va brugge, heeft hen bij ue geaddresseert om den selven te come shale geloove

3541 1439 2499 131 eghte niet, voor desen ee costij sijn sal, soo versoecke vrindeljck van i te

3542 1551 2447 120 inqusteren op dat hij sn dar mijn volbrief niet vertreckt sult mij te

3542 1623 2465 136 ufer verrbligerenn voorders ue gelieve het poort va dese brief s ie

3539 1709 2502 149 le vousie & wae ie reciproquelijck capabel be il eenge dontt e

3535 1814 1832 139 doen versoecke  te famendiie die blij

5117 1913 783 141 brussel 25 Julij 1712

3549 1950 2506 238 beyde ue aengename wel ontfangen, met den laeste remises voor sh £ 138: 8 ten

3548 2049 2493 181 laste santiny & seignoret in londen gecoediteert tot 37:7 ½ bedragende in £820:

3556 2155 2450 169 225:15:3 et waer voore ue is gecrediteert & sal ue traitte van £200 in faveur

3541 2229 2506 200 van D heer Jacobus de Conineks prompt vereeren & ue debiteren voor £200:13

3557 2313 2475 197 voor de £ avance, bedanckende ul voor ue goede bestieringe, & sal voorders

3529 2423 2491 164 sien hoe de wissel sigh schecken sal moete soo aenttons een tetie bij d heer

3554 2481 2430 212 ue vader gaen nemen soo dat niet inlangeren kan soo blijve met haste naer

3557 2568 768 133 hertelijcke groetenisse

3317 2647 1119 139 tiverton   Bere & Enchmarch

5337 2636 578 141 Adij 28 July 1722

3561 2753 2361 172 op 18 deser was aen ue mijnen laeste, met remises voor st £108:- ten laste

3540 2829 2501 182 fredrick pigou in londen, voorders referrere mij aen den selven, hebbe sedert van ue niets

3548 2922 2467 167 vernomen, de packen van brugge, sijn heden hier aengecomen, & sullen van dagh

3549 2976 2466 138 oft moegen geloft worden, men vraeght bij naer, naer goet niet soo dat onde negotie

3524 3076 2514 167 gans stil staet, het is seherlijckx dat den op slagh van de goederen in onse onge

3556 3144 2492 164 neture van tijde groote nael deel aen onse negatie doet laet mij gedurigh wetern

3568 3233 2462 204 hoe het a costij staet met den incoop, om volgens te reguleren, mij manqueren

3541 3321 2494 161 de olves sarges gelijck aen ue gesonden hebbe, als noch drapeer te vreten naer de

3544 3403 2497 157 stalen van 30 april 1711 segge naer N.1:2. voor blijves, N.8:9 voor draps No. 21

3552 3504 2469 182 voor loups & noch eenige lichter N.15:16 voor schades, & soo soude wel de bale

3547 3556 2485 219 moeten hebben ider bale van 40 po soo als weten sal hoe de marten sijn, sal

3556 3650 2475 214 naer advenandt mijn mesures connen nemen ingeslote remittere ul: st £ 138:8 ƒ3

3551 3756 2489 220 Aen santone & deignoret in londen, waer voore het noodigh geliefe te besorgen

3549 3825 2079 173 en den ontfangh te laten weten aen die naer groetenisse blijve.

3317 3903 919 180 rotterdam Dienijs verburgh

5499 3981 512 140 Adij 28 Julij 1712

3538 3992 2510 219 ul seer aengenaeme van 19 deser wel ontfangen met den oncost rekeninge op de acht

3547 4132 2455 115 geresene, bedragende ƒ422:4:- die naer gesien hebbe, & d'accondt bevonden soo

3553 4238 2446 110 vreirt u daer voore gecrediteert bedancke ick voor de goede sorge, die gehadt

3539 4303 2399 119 hebt, om de packen uyt burridge in arnour de roy teladen, hebbe die voorleden
