<?xml version="1.0" encoding="UTF-8"?>
<alto xmlns:xsi="http://www.w3.org/2001/XMLSchema-instance"
      xmlns="http://www.loc.gov/standards/alto/ns-v4#"
      xmlns:page="http://schema.primaresearch.org/PAGE/gts/pagecontent/2013-07-15"
      xsi:schemaLocation="http://www.loc.gov/standards/alto/ns-v4# https://www.loc.gov/standards/alto/v4/alto.xsd">
   <Description>
      <MeasurementUnit>pixel</MeasurementUnit>
      <OCRProcessing ID="IdOcr">
         <ocrProcessingStep>
            <processingDateTime>2022-02-11T21:38:46.935+01:00</processingDateTime>
            <processingSoftware>
               <softwareCreator>READ COOP</softwareCreator>
               <softwareName>Transkribus</softwareName>
            </processingSoftware>
         </ocrProcessingStep>
      </OCRProcessing>
   </Description>
   <Layout>
      <Page ID="Page1" PHYSICAL_IMG_NR="1" HEIGHT="4658" WIDTH="8282">
         <TopMargin HEIGHT="0" WIDTH="8282" VPOS="0" HPOS="0"/>
         <LeftMargin HEIGHT="4658" WIDTH="0" VPOS="0" HPOS="0"/>
         <RightMargin HEIGHT="4658" WIDTH="0" VPOS="0" HPOS="8282"/>
         <BottomMargin HEIGHT="0" WIDTH="8282" VPOS="4658" HPOS="0"/>
         <PrintSpace HEIGHT="4658" WIDTH="8282" VPOS="0" HPOS="0">
            <TextBlock ID="region_1643970437289_5714"
                       HEIGHT="4235"
                       WIDTH="2780"
                       VPOS="149"
                       HPOS="580">
               <Shape>
                  <Polygon POINTS="580,149 3360,149 3360,4384 580,4384"/>
               </Shape>
               <TextLine ID="region_1643970437289_5714l1"
                         BASELINE="1018,250 1134,250 1251,250 1368,250 1485,252 1602,253 1718,254 1835,256 1952,258 2069,260 2186,262 2302,264 2419,264 2536,266 2653,266 2770,268 2886,268 3003,267 3120,266 3237,264 3354,262"
                         HEIGHT="104"
                         WIDTH="2368"
                         VPOS="191"
                         HPOS="1002">
                  <String ID="string_region_1643970437289_5714l1"
                          HEIGHT="104"
                          WIDTH="2368"
                          VPOS="191"
                          HPOS="1002"
                          CONTENT="was genoeghsaem te sien, als men daer een ander van 40 gd: by leyde"/>
               </TextLine>
               <TextLine ID="region_1643970437289_5714l2"
                         BASELINE="978,362 1096,358 1215,355 1333,354 1452,352 1571,352 1689,354 1808,355 1926,356 2045,358 2164,360 2282,362 2401,362 2519,364 2638,362 2757,362 2875,360 2994,356 3112,350 3231,342 3350,334"
                         HEIGHT="170"
                         WIDTH="2406"
                         VPOS="256"
                         HPOS="961">
                  <String ID="string_region_1643970437289_5714l2"
                          HEIGHT="170"
                          WIDTH="2406"
                          VPOS="256"
                          HPOS="961"
                          CONTENT="eghter hebbe het selve verkoght &amp; voor 40 gd: in Rek gebroght wat daer"/>
               </TextLine>
               <TextLine ID="region_1643970437289_5714l3"
                         BASELINE="980,460 1098,458 1216,454 1334,454 1452,454 1571,454 1689,456 1807,458 1925,460 2043,462 2162,464 2280,464 2398,466 2516,466 2634,464 2753,462 2871,460 2989,454 3107,447 3225,438 3344,428"
                         HEIGHT="164"
                         WIDTH="2396"
                         VPOS="346"
                         HPOS="965">
                  <String ID="string_region_1643970437289_5714l3"
                          HEIGHT="164"
                          WIDTH="2396"
                          VPOS="346"
                          HPOS="965"
                          CONTENT="van comen sal moet den tijdt seeren de 35 geordoneerde perpett. sal met"/>
               </TextLine>
               <TextLine ID="region_1643970437289_5714l4"
                         BASELINE="978,566 1094,562 1211,560 1327,560 1444,560 1560,560 1677,562 1793,563 1910,566 2026,568 2143,570 2259,571 2376,572 2492,572 2609,572 2725,570 2842,568 2958,564 3075,558 3191,550 3308,540"
                         HEIGHT="151"
                         WIDTH="2361"
                         VPOS="442"
                         HPOS="961">
                  <String ID="string_region_1643970437289_5714l4"
                          HEIGHT="151"
                          WIDTH="2361"
                          VPOS="442"
                          HPOS="961"
                          CONTENT="buridge verwaghten, glaet de geordoneerde 60 sarges mede maken nbij"/>
               </TextLine>
               <TextLine ID="region_1643970437289_5714l5"
                         BASELINE="984,678 1102,673 1220,670 1338,668 1456,668 1574,668 1692,668 1810,670 1928,670 2046,672 2165,674 2283,674 2401,676 2519,676 2637,674 2755,673 2873,670 2991,666 3109,659 3227,651 3346,642"
                         HEIGHT="176"
                         WIDTH="2397"
                         VPOS="581"
                         HPOS="966">
                  <String ID="string_region_1643970437289_5714l5"
                          HEIGHT="176"
                          WIDTH="2397"
                          VPOS="581"
                          HPOS="966"
                          CONTENT="aldien, die alle niet gereet sijn voor buridge, sent eghter die u sal voor die "/>
               </TextLine>
               <TextLine ID="region_1643970437289_5714l6"
                         BASELINE="972,782 1087,780 1203,777 1319,776 1435,775 1551,774 1667,774 1783,774 1899,776 2015,776 2131,776 2246,776 2362,775 2478,774 2594,772 2710,770 2826,766 2942,762 3058,757 3174,750 3290,742"
                         HEIGHT="138"
                         WIDTH="2350"
                         VPOS="711"
                         HPOS="955">
                  <String ID="string_region_1643970437289_5714l6"
                          HEIGHT="138"
                          WIDTH="2350"
                          VPOS="711"
                          HPOS="955"
                          CONTENT="tijdt becomen de resterende can u dan met het tweede seip versenden"/>
               </TextLine>
               <TextLine ID="region_1643970437289_5714l7"
                         BASELINE="1000,904 1118,897 1236,893 1354,890 1472,888 1590,888 1708,888 1826,890 1944,890 2062,892 2180,892 2298,894 2416,892 2534,891 2652,888 2770,883 2888,876 3006,868 3124,856 3242,842 3360,826"
                         HEIGHT="193"
                         WIDTH="2392"
                         VPOS="768"
                         HPOS="982">
                  <String ID="string_region_1643970437289_5714l7"
                          HEIGHT="193"
                          WIDTH="2392"
                          VPOS="768"
                          HPOS="982"
                          CONTENT="de blijven volgens u staeltien, connen mij niet dienen gsijn bij mij niet"/>
               </TextLine>
               <TextLine ID="region_1643970437289_5714l8"
                         BASELINE="990,1024 1106,1020 1222,1016 1338,1014 1454,1012 1570,1011 1686,1010 1802,1010 1918,1010 2034,1010 2151,1008 2267,1008 2383,1006 2499,1002 2615,998 2731,993 2847,985 2963,977 3079,965 3195,952 3312,936"
                         HEIGHT="219"
                         WIDTH="2356"
                         VPOS="870"
                         HPOS="973">
                  <String ID="string_region_1643970437289_5714l8"
                          HEIGHT="219"
                          WIDTH="2356"
                          VPOS="870"
                          HPOS="973"
                          CONTENT="vercoopbaer moeten sijn gelijck de vorrge gesondene baele maer"/>
               </TextLine>
               <TextLine ID="region_1643970437289_5714l9"
                         BASELINE="1008,1132 1125,1127 1242,1124 1360,1122 1477,1122 1595,1122 1712,1122 1829,1124 1947,1124 2064,1126 2182,1126 2299,1126 2416,1124 2534,1122 2651,1118 2769,1112 2886,1106 3003,1098 3121,1086 3238,1072 3356,1056"
                         HEIGHT="227"
                         WIDTH="2381"
                         VPOS="976"
                         HPOS="990">
                  <String ID="string_region_1643970437289_5714l9"
                          HEIGHT="227"
                          WIDTH="2381"
                          VPOS="976"
                          HPOS="990"
                          CONTENT="mijn instuetie gstaelen van 26 pasto dat hertelijck recommandere"/>
               </TextLine>
               <TextLine ID="region_1643970437289_5714l10"
                         BASELINE="988,1252 1105,1248 1223,1245 1340,1243 1458,1242 1576,1242 1693,1242 1811,1242 1928,1242 2046,1242 2164,1242 2281,1242 2399,1240 2516,1238 2634,1234 2752,1230 2869,1224 2987,1217 3104,1208 3222,1197 3340,1184"
                         HEIGHT="196"
                         WIDTH="2384"
                         VPOS="1133"
                         HPOS="969">
                  <String ID="string_region_1643970437289_5714l10"
                          HEIGHT="196"
                          WIDTH="2384"
                          VPOS="1133"
                          HPOS="969"
                          CONTENT="het perpetuaen dat om de drogetten geweest is stont op genot eent"/>
               </TextLine>
               <TextLine ID="region_1643970437289_5714l11"
                         BASELINE="994,1368 1107,1366 1221,1364 1334,1362 1448,1362 1561,1362 1675,1364 1788,1364 1902,1364 2015,1366 2129,1366 2242,1366 2356,1364 2469,1362 2583,1360 2696,1356 2810,1352 2923,1344 3037,1338 3150,1326 3264,1316"
                         HEIGHT="215"
                         WIDTH="2303"
                         VPOS="1207"
                         HPOS="979">
                  <String ID="string_region_1643970437289_5714l11"
                          HEIGHT="215"
                          WIDTH="2303"
                          VPOS="1207"
                          HPOS="979"
                          CONTENT="36p &amp; hebbe dat naer advenant verkoght soo sal u voor 36 p"/>
               </TextLine>
               <TextLine ID="region_1643970437289_5714l12"
                         BASELINE="982,1496 1048,1494 1115,1491 1181,1488 1248,1486 1314,1486 1381,1484 1447,1484 1514,1484 1580,1484 1647,1484 1713,1484 1780,1484 1846,1484 1913,1484 1979,1482 2046,1482 2112,1480 2179,1478 2245,1474 2312,1472"
                         HEIGHT="170"
                         WIDTH="1364"
                         VPOS="1396"
                         HPOS="964">
                  <String ID="string_region_1643970437289_5714l12"
                          HEIGHT="170"
                          WIDTH="1364"
                          VPOS="1396"
                          HPOS="964"
                          CONTENT="crediteren groete u van herten blijve"/>
               </TextLine>
               <TextLine ID="region_1643970437289_5714l13"
                         BASELINE="2690,1676 2720,1674 2750,1674 2781,1672 2811,1670 2842,1668 2872,1664 2902,1661 2933,1657 2963,1655 2994,1651 3024,1648 3054,1645 3085,1642 3115,1640 3146,1637 3176,1634 3206,1631 3237,1630 3267,1628 3298,1628"
                         HEIGHT="214"
                         WIDTH="648"
                         VPOS="1529"
                         HPOS="2668">
                  <String ID="string_region_1643970437289_5714l13"
                          HEIGHT="214"
                          WIDTH="648"
                          VPOS="1529"
                          HPOS="2668"
                          CONTENT="Adij 20 July 1715"/>
               </TextLine>
               <TextLine ID="region_1643970437289_5714l14"
                         BASELINE="856,1682 903,1679 950,1678 997,1676 1044,1676 1091,1676 1138,1676 1185,1676 1232,1676 1279,1678 1326,1678 1373,1678 1420,1680 1467,1680 1514,1681 1561,1682 1608,1681 1655,1680 1702,1680 1749,1678 1796,1676"
                         HEIGHT="228"
                         WIDTH="970"
                         VPOS="1537"
                         HPOS="841">
                  <String ID="string_region_1643970437289_5714l14"
                          HEIGHT="228"
                          WIDTH="970"
                          VPOS="1537"
                          HPOS="841"
                          CONTENT="Tdtton Kenen Bleagdon"/>
               </TextLine>
               <TextLine ID="region_1643970437289_5714l15"
                         BASELINE="986,1802 1103,1803 1221,1806 1339,1808 1457,1810 1575,1814 1692,1817 1810,1820 1928,1822 2046,1824 2164,1826 2281,1826 2399,1828 2517,1826 2635,1825 2753,1822 2870,1818 2988,1812 3106,1804 3224,1795 3342,1784"
                         HEIGHT="183"
                         WIDTH="2386"
                         VPOS="1716"
                         HPOS="970">
                  <String ID="string_region_1643970437289_5714l15"
                          HEIGHT="183"
                          WIDTH="2386"
                          VPOS="1716"
                          HPOS="970"
                          CONTENT="op 6 deser was aen ul mijnen laesten, sedert become u aengename"/>
               </TextLine>
               <TextLine ID="region_1643970437289_5714l16"
                         BASELINE="982,1918 1095,1915 1208,1914 1321,1914 1434,1916 1547,1916 1660,1920 1773,1922 1886,1924 1999,1928 2113,1930 2226,1932 2339,1934 2452,1934 2565,1934 2678,1934 2791,1930 2904,1927 3017,1922 3130,1913 3244,1904"
                         HEIGHT="162"
                         WIDTH="2293"
                         VPOS="1839"
                         HPOS="967">
                  <String ID="string_region_1643970437289_5714l16"
                          HEIGHT="162"
                          WIDTH="2293"
                          VPOS="1839"
                          HPOS="967"
                          CONTENT="van 29 paste beantwoordende den ontfangh van beyde mijne"/>
               </TextLine>
               <TextLine ID="region_1643970437289_5714l17"
                         BASELINE="988,2036 1104,2032 1220,2030 1336,2030 1452,2030 1568,2032 1684,2034 1800,2035 1916,2038 2032,2040 2149,2042 2265,2043 2381,2044 2497,2044 2613,2042 2729,2040 2845,2036 2961,2031 3077,2023 3193,2014 3310,2002"
                         HEIGHT="134"
                         WIDTH="2353"
                         VPOS="1955"
                         HPOS="972">
                  <String ID="string_region_1643970437289_5714l17"
                          HEIGHT="134"
                          WIDTH="2353"
                          VPOS="1955"
                          HPOS="972"
                          CONTENT="remises op 5 &amp; 19 ditto gesonden, voorders sien wat tu serijft ontrent de "/>
               </TextLine>
               <TextLine ID="region_1643970437289_5714l18"
                         BASELINE="906,2146 1027,2146 1149,2148 1271,2150 1392,2151 1514,2154 1636,2156 1757,2158 1879,2160 2001,2162 2123,2162 2244,2162 2366,2162 2488,2160 2609,2157 2731,2152 2853,2146 2974,2137 3096,2126 3218,2115 3340,2100"
                         HEIGHT="184"
                         WIDTH="2465"
                         VPOS="2055"
                         HPOS="890">
                  <String ID="string_region_1643970437289_5714l18"
                          HEIGHT="184"
                          WIDTH="2465"
                          VPOS="2055"
                          HPOS="890"
                          CONTENT="drogetten, segge noch mael dat van geen minder qualit ijdt drogetten"/>
               </TextLine>
               <TextLine ID="region_1643970437289_5714l19"
                         BASELINE="974,2260 1092,2260 1210,2262 1328,2264 1446,2266 1564,2269 1682,2272 1800,2274 1918,2278 2036,2280 2155,2282 2273,2282 2391,2283 2509,2282 2627,2280 2745,2276 2863,2272 2981,2264 3099,2256 3217,2246 3336,2232"
                         HEIGHT="181"
                         WIDTH="2393"
                         VPOS="2165"
                         HPOS="959">
                  <String ID="string_region_1643970437289_5714l19"
                          HEIGHT="181"
                          WIDTH="2393"
                          VPOS="2165"
                          HPOS="959"
                          CONTENT="begeiren  oock geene andre couleuren als na mijne gesondene"/>
               </TextLine>
               <TextLine ID="region_1643970437289_5714l20"
                         BASELINE="910,2388 1032,2385 1155,2382 1277,2382 1400,2382 1522,2384 1645,2385 1767,2388 1890,2390 2012,2392 2135,2394 2257,2396 2380,2396 2502,2396 2625,2396 2747,2393 2870,2388 2992,2382 3115,2374 3237,2363 3360,2350"
                         HEIGHT="185"
                         WIDTH="2484"
                         VPOS="2289"
                         HPOS="893">
                  <String ID="string_region_1643970437289_5714l20"
                          HEIGHT="185"
                          WIDTH="2484"
                          VPOS="2289"
                          HPOS="893"
                          CONTENT="stael boack het debiet is voor dit jaer voor drogetten gedaen soo can"/>
               </TextLine>
               <TextLine ID="region_1643970437289_5714l21"
                         BASELINE="936,2500 1057,2498 1178,2496 1299,2496 1420,2498 1542,2498 1663,2500 1784,2500 1905,2502 2026,2504 2148,2505 2269,2506 2390,2506 2511,2506 2632,2504 2754,2502 2875,2500 2996,2496 3117,2490 3238,2483 3360,2474"
                         HEIGHT="171"
                         WIDTH="2456"
                         VPOS="2405"
                         HPOS="920">
                  <String ID="string_region_1643970437289_5714l21"
                          HEIGHT="171"
                          WIDTH="2456"
                          VPOS="2405"
                          HPOS="920"
                          CONTENT="die beste maker de geordoneerde op sijn gemaek macken, sghter sal"/>
               </TextLine>
               <TextLine ID="region_1643970437289_5714l22"
                         BASELINE="972,2604 1087,2604 1202,2606 1318,2608 1433,2608 1549,2610 1664,2612 1779,2614 1895,2616 2010,2616 2126,2618 2241,2620 2356,2620 2472,2620 2587,2620 2703,2620 2818,2620 2933,2618 3049,2616 3164,2614 3280,2610"
                         HEIGHT="147"
                         WIDTH="2341"
                         VPOS="2535"
                         HPOS="957">
                  <String ID="string_region_1643970437289_5714l22"
                          HEIGHT="147"
                          WIDTH="2341"
                          VPOS="2535"
                          HPOS="957"
                          CONTENT="eene race met buridge verwaghten voor sarges hebbe noch"/>
               </TextLine>
               <TextLine ID="region_1643970437289_5714l23"
                         BASELINE="970,2722 1086,2722 1203,2722 1319,2722 1436,2724 1553,2726 1669,2728 1786,2730 1902,2734 2019,2736 2136,2738 2252,2740 2369,2742 2485,2744 2602,2744 2719,2744 2835,2744 2952,2742 3068,2740 3185,2736 3302,2732"
                         HEIGHT="210"
                         WIDTH="2363"
                         VPOS="2614"
                         HPOS="954">
                  <String ID="string_region_1643970437289_5714l23"
                          HEIGHT="210"
                          WIDTH="2363"
                          VPOS="2614"
                          HPOS="954"
                          CONTENT="geene nodigh want hebbe noch groote partijen bij, ick weet"/>
               </TextLine>
               <TextLine ID="region_1643970437289_5714l24"
                         BASELINE="994,2844 1105,2842 1216,2842 1327,2842 1439,2844 1550,2845 1661,2846 1773,2848 1884,2850 1995,2852 2107,2852 2218,2854 2329,2854 2440,2856 2552,2856 2663,2854 2774,2852 2886,2850 2997,2848 3108,2844 3220,2838"
                         HEIGHT="183"
                         WIDTH="2258"
                         VPOS="2734"
                         HPOS="979">
                  <String ID="string_region_1643970437289_5714l24"
                          HEIGHT="183"
                          WIDTH="2258"
                          VPOS="2734"
                          HPOS="979"
                          CONTENT="niet wat deneken de luyden, die se gewent sijn te coopen"/>
               </TextLine>
               <TextLine ID="region_1643970437289_5714l25"
                         BASELINE="978,2966 1090,2966 1202,2966 1314,2966 1426,2966 1538,2966 1650,2968 1762,2968 1874,2968 1986,2968 2099,2970 2211,2970 2323,2970 2435,2970 2547,2970 2659,2968 2771,2968 2883,2966 2995,2965 3107,2962 3220,2960"
                         HEIGHT="164"
                         WIDTH="2273"
                         VPOS="2883"
                         HPOS="962">
                  <String ID="string_region_1643970437289_5714l25"
                          HEIGHT="164"
                          WIDTH="2273"
                          VPOS="2883"
                          HPOS="962"
                          CONTENT="segge bij andre mede te vinden sijn begeire noch wel 30 ged"/>
               </TextLine>
               <TextLine ID="region_1643970437289_5714l26"
                         BASELINE="990,3090 1105,3092 1220,3092 1336,3094 1451,3094 1567,3096 1682,3098 1797,3098 1913,3098 2028,3100 2144,3100 2259,3100 2374,3100 2490,3100 2605,3098 2721,3096 2836,3095 2951,3092 3067,3090 3182,3086 3298,3082"
                         HEIGHT="150"
                         WIDTH="2340"
                         VPOS="2982"
                         HPOS="974">
                  <String ID="string_region_1643970437289_5714l26"
                          HEIGHT="150"
                          WIDTH="2340"
                          VPOS="2982"
                          HPOS="974"
                          CONTENT="vaude beste coffees met name, maer die moeten, van de bruynste"/>
               </TextLine>
               <TextLine ID="region_1643970437289_5714l27"
                         BASELINE="976,3206 1094,3202 1212,3202 1331,3200 1449,3200 1568,3202 1686,3202 1804,3204 1923,3206 2041,3206 2160,3208 2278,3210 2396,3210 2515,3212 2633,3210 2752,3210 2870,3208 2988,3205 3107,3202 3225,3196 3344,3188"
                         HEIGHT="192"
                         WIDTH="2399"
                         VPOS="3097"
                         HPOS="962">
                  <String ID="string_region_1643970437289_5714l27"
                          HEIGHT="192"
                          WIDTH="2399"
                          VPOS="3097"
                          HPOS="962"
                          CONTENT="a van lighte sijn, soo prepareert ts lighte rosse &amp; 15 bunijne van"/>
               </TextLine>
               <TextLine ID="region_1643970437289_5714l28"
                         BASELINE="980,3334 1096,3330 1213,3328 1330,3326 1447,3324 1564,3324 1680,3324 1797,3324 1914,3326 2031,3326 2148,3326 2264,3328 2381,3328 2498,3328 2615,3328 2732,3328 2848,3328 2965,3326 3082,3324 3199,3320 3316,3316"
                         HEIGHT="164"
                         WIDTH="2368"
                         VPOS="3212"
                         HPOS="963">
                  <String ID="string_region_1643970437289_5714l28"
                          HEIGHT="164"
                          WIDTH="2368"
                          VPOS="3212"
                          HPOS="963"
                          CONTENT="de  middel couleuren hebbe noch genoegh, begeire niet een stuck"/>
               </TextLine>
               <TextLine ID="region_1643970437289_5714l29"
                         BASELINE="990,3446 1107,3442 1224,3440 1341,3438 1458,3438 1575,3438 1692,3438 1809,3440 1926,3440 2043,3442 2161,3443 2278,3444 2395,3444 2512,3444 2629,3444 2746,3442 2863,3440 2980,3436 3097,3430 3214,3425 3332,3416"
                         HEIGHT="205"
                         WIDTH="2374"
                         VPOS="3322"
                         HPOS="974">
                  <String ID="string_region_1643970437289_5714l29"
                          HEIGHT="205"
                          WIDTH="2374"
                          VPOS="3322"
                          HPOS="974"
                          CONTENT="van de t weede soorten &amp; dat laeste baeltien blijft noch voors"/>
               </TextLine>
               <TextLine ID="region_1643970437289_5714l30"
                         BASELINE="996,3566 1112,3563 1228,3562 1344,3562 1460,3562 1577,3562 1693,3564 1809,3566 1925,3566 2041,3568 2158,3570 2274,3570 2390,3570 2506,3568 2622,3566 2739,3562 2855,3556 2971,3549 3087,3540 3203,3528 3320,3516"
                         HEIGHT="163"
                         WIDTH="2354"
                         VPOS="3456"
                         HPOS="980">
                  <String ID="string_region_1643970437289_5714l30"
                          HEIGHT="163"
                          WIDTH="2354"
                          VPOS="3456"
                          HPOS="980"
                          CONTENT="ie rek can die niet meer vercoopen, versoecke dogh van het alder"/>
               </TextLine>
               <TextLine ID="region_1643970437289_5714l31"
                         BASELINE="984,3682 1099,3678 1214,3676 1329,3676 1444,3676 1559,3676 1674,3677 1789,3678 1904,3680 2019,3682 2134,3682 2249,3684 2364,3684 2479,3682 2594,3680 2709,3677 2824,3672 2939,3665 3054,3658 3169,3646 3284,3634"
                         HEIGHT="190"
                         WIDTH="2334"
                         VPOS="3562"
                         HPOS="966">
                  <String ID="string_region_1643970437289_5714l31"
                          HEIGHT="190"
                          WIDTH="2334"
                          VPOS="3562"
                          HPOS="966"
                          CONTENT="bette aswaerste goedt te senden, awel letten op de leingde, want"/>
               </TextLine>
               <TextLine ID="region_1643970437289_5714l32"
                         BASELINE="972,3792 1090,3790 1209,3790 1327,3790 1446,3790 1565,3792 1683,3793 1802,3794 1920,3796 2039,3798 2158,3800 2276,3800 2395,3800 2513,3799 2632,3796 2751,3792 2869,3788 2988,3780 3106,3772 3225,3759 3344,3746"
                         HEIGHT="208"
                         WIDTH="2406"
                         VPOS="3677"
                         HPOS="955">
                  <String ID="string_region_1643970437289_5714l32"
                          HEIGHT="208"
                          WIDTH="2406"
                          VPOS="3677"
                          HPOS="955"
                          CONTENT="de calanten clagen, datse corter vallen van tijdt tot tijdt &amp; dan"/>
               </TextLine>
               <TextLine ID="region_1643970437289_5714l33"
                         BASELINE="978,3898 1089,3898 1201,3900 1312,3902 1424,3904 1536,3906 1647,3908 1759,3910 1870,3912 1982,3914 2094,3916 2205,3916 2317,3916 2428,3916 2540,3916 2652,3914 2763,3912 2875,3908 2986,3905 3098,3900 3210,3894"
                         HEIGHT="213"
                         WIDTH="2264"
                         VPOS="3785"
                         HPOS="961">
                  <String ID="string_region_1643970437289_5714l33"
                          HEIGHT="213"
                          WIDTH="2264"
                          VPOS="3785"
                          HPOS="961"
                          CONTENT="willen sij die minder coepen, &amp; op die goederen is wijnigh te"/>
               </TextLine>
               <TextLine ID="region_1643970437289_5714l34"
                         BASELINE="972,4028 1082,4028 1193,4028 1304,4028 1415,4030 1526,4032 1636,4033 1747,4034 1858,4036 1969,4038 2080,4040 2190,4040 2301,4042 2412,4042 2523,4042 2634,4040 2744,4038 2855,4036 2966,4032 3077,4028 3188,4020"
                         HEIGHT="191"
                         WIDTH="2249"
                         VPOS="3926"
                         HPOS="955">
                  <String ID="string_region_1643970437289_5714l34"
                          HEIGHT="191"
                          WIDTH="2249"
                          VPOS="3926"
                          HPOS="955"
                          CONTENT="profiteren over moet u boven al wel toesien van geene"/>
               </TextLine>
               <TextLine ID="region_1643970437289_5714l35"
                         BASELINE="976,4148 1093,4144 1210,4144 1327,4144 1444,4145 1561,4147 1678,4150 1795,4152 1912,4156 2029,4158 2146,4160 2263,4162 2380,4164 2497,4164 2614,4162 2731,4160 2848,4156 2965,4150 3082,4141 3199,4130 3316,4116"
                         HEIGHT="171"
                         WIDTH="2374"
                         VPOS="4070"
                         HPOS="959">
                  <String ID="string_region_1643970437289_5714l35"
                          HEIGHT="171"
                          WIDTH="2374"
                          VPOS="4070"
                          HPOS="959"
                          CONTENT="geplechte te senden recommandere dan goede sorghe voor alles "/>
               </TextLine>
               <TextLine ID="region_1643970437289_5714l36"
                         BASELINE="966,4280 1028,4278 1090,4276 1152,4274 1214,4274 1277,4272 1339,4272 1401,4272 1463,4272 1525,4272 1588,4272 1650,4272 1712,4272 1774,4274 1836,4274 1899,4274 1961,4272 2023,4272 2085,4272 2147,4270 2210,4268"
                         HEIGHT="200"
                         WIDTH="1275"
                         VPOS="4149"
                         HPOS="949">
                  <String ID="string_region_1643970437289_5714l36"
                          HEIGHT="200"
                          WIDTH="1275"
                          VPOS="4149"
                          HPOS="949"
                          CONTENT=" blijve naer Cordrale groetenissen"/>
               </TextLine>
            </TextBlock>
            <TextBlock ID="region_1643970440969_5717"
                       HEIGHT="4310"
                       WIDTH="2635"
                       VPOS="202"
                       HPOS="3436">
               <Shape>
                  <Polygon POINTS="3436,202 6071,202 6071,4512 3436,4512"/>
               </Shape>
               <TextLine ID="region_1643970440969_5717l1"
                         BASELINE="5946,254 5971,255 5996,250 6021,248 6046,246"
                         HEIGHT="116"
                         WIDTH="141"
                         VPOS="162"
                         HPOS="5921">
                  <String ID="string_region_1643970440969_5717l1"
                          HEIGHT="116"
                          WIDTH="141"
                          VPOS="162"
                          HPOS="5921"
                          CONTENT="20"/>
               </TextLine>
               <TextLine ID="region_1643970440969_5717l2"
                         BASELINE="3482,320 3523,318 3564,315 3605,312 3646,310 3687,308 3728,306 3769,306 3810,304 3851,304 3892,304 3933,304 3974,304 4015,304 4056,304 4097,304 4138,304 4179,304 4220,303 4261,302 4302,302"
                         HEIGHT="172"
                         WIDTH="852"
                         VPOS="190"
                         HPOS="3465">
                  <String ID="string_region_1643970440969_5717l2"
                          HEIGHT="172"
                          WIDTH="852"
                          VPOS="190"
                          HPOS="3465"
                          CONTENT="rettor Rille Sandrewis"/>
               </TextLine>
               <TextLine ID="region_1643970440969_5717l3"
                         BASELINE="5382,338 5414,337 5447,336 5480,335 5513,334 5546,332 5579,332 5612,331 5645,330 5678,330 5711,328 5743,328 5776,328 5809,328 5842,328 5875,328 5908,328 5941,328 5974,330 6007,330 6040,332"
                         HEIGHT="204"
                         WIDTH="691"
                         VPOS="214"
                         HPOS="5366">
                  <String ID="string_region_1643970440969_5717l3"
                          HEIGHT="204"
                          WIDTH="691"
                          VPOS="214"
                          HPOS="5366"
                          CONTENT="Ady 20 Jully 1713"/>
               </TextLine>
               <TextLine ID="region_1643970440969_5717l4"
                         BASELINE="3570,476 3695,476 3820,478 3945,480 4070,482 4195,486 4320,489 4445,492 4570,496 4695,500 4821,502 4946,506 5071,508 5196,508 5321,510 5446,508 5571,506 5696,503 5821,498 5946,491 6072,482"
                         HEIGHT="194"
                         WIDTH="2536"
                         VPOS="352"
                         HPOS="3553">
                  <String ID="string_region_1643970440969_5717l4"
                          HEIGHT="194"
                          WIDTH="2536"
                          VPOS="352"
                          HPOS="3553"
                          CONTENT="op 6 deser was aen ul mijnen laesten, met remise voor e £64:14: 0 ton "/>
               </TextLine>
               <TextLine ID="region_1643970440969_5717l5"
                         BASELINE="3572,578 3694,580 3817,582 3939,583 4062,586 4185,588 4307,590 4430,593 4552,596 4675,598 4798,598 4920,600 5043,600 5165,600 5288,599 5411,596 5533,594 5656,589 5778,584 5901,577 6024,568"
                         HEIGHT="132"
                         WIDTH="2481"
                         VPOS="523"
                         HPOS="3557">
                  <String ID="string_region_1643970440969_5717l5"
                          HEIGHT="132"
                          WIDTH="2481"
                          VPOS="523"
                          HPOS="3557"
                          CONTENT="laste Jan Herm Drigue dolimus voorders referrere, mij aen den selven sedert "/>
               </TextLine>
               <TextLine ID="region_1643970440969_5717l6"
                         BASELINE="3574,682 3695,684 3816,686 3938,688 4059,690 4181,692 4302,694 4423,696 4545,698 4666,700 4788,700 4909,702 5030,702 5152,700 5273,700 5395,698 5516,694 5637,690 5759,684 5880,678 6002,670"
                         HEIGHT="199"
                         WIDTH="2459"
                         VPOS="575"
                         HPOS="3558">
                  <String ID="string_region_1643970440969_5717l6"
                          HEIGHT="199"
                          WIDTH="2459"
                          VPOS="575"
                          HPOS="3558"
                          CONTENT="geene van ul become eghter sal de 80 geordoneerde, drapeen met buridge"/>
               </TextLine>
               <TextLine ID="region_1643970440969_5717l7"
                         BASELINE="3562,792 3682,794 3802,796 3922,798 4042,801 4162,803 4282,806 4402,808 4522,808 4642,810 4762,810 4882,810 5002,810 5122,808 5242,805 5362,802 5482,797 5602,791 5722,783 5842,775 5962,764"
                         HEIGHT="166"
                         WIDTH="2431"
                         VPOS="716"
                         HPOS="3547">
                  <String ID="string_region_1643970440969_5717l7"
                          HEIGHT="166"
                          WIDTH="2431"
                          VPOS="716"
                          HPOS="3547"
                          CONTENT="vewaghten volgens mijn instnetie, nu begeire noch wel eene bale "/>
               </TextLine>
               <TextLine ID="region_1643970440969_5717l8"
                         BASELINE="3548,912 3672,912 3796,912 3920,912 4044,912 4169,914 4293,914 4417,914 4541,916 4665,916 4790,916 4914,915 5038,914 5162,912 5286,908 5411,903 5535,897 5659,890 5783,880 5907,870 6032,858"
                         HEIGHT="179"
                         WIDTH="2517"
                         VPOS="808"
                         HPOS="3530">
                  <String ID="string_region_1643970440969_5717l8"
                          HEIGHT="179"
                          WIDTH="2517"
                          VPOS="808"
                          HPOS="3530"
                          CONTENT="bastard sarges tweede soort van de sclip soo gelijck de laeste gesondene"/>
               </TextLine>
               <TextLine ID="region_1643970440969_5717l9"
                         BASELINE="3564,1026 3689,1026 3814,1026 3939,1024 4064,1026 4189,1026 4314,1026 4439,1025 4564,1024 4689,1024 4815,1023 4940,1022 5065,1020 5190,1017 5315,1014 5440,1010 5565,1004 5690,997 5815,990 5940,981 6066,972"
                         HEIGHT="233"
                         WIDTH="2534"
                         VPOS="884"
                         HPOS="3547">
                  <String ID="string_region_1643970440969_5717l9"
                          HEIGHT="233"
                          WIDTH="2534"
                          VPOS="884"
                          HPOS="3547"
                          CONTENT="baele P.4 van 34 p alle olives naer mijne vorige gesondene staelen dogh"/>
               </TextLine>
               <TextLine ID="region_1643970440969_5717l10"
                         BASELINE="3566,1138 3688,1138 3810,1138 3933,1138 4055,1138 4178,1138 4300,1138 4422,1138 4545,1138 4667,1136 4790,1136 4912,1134 5034,1130 5157,1127 5279,1123 5402,1118 5524,1112 5646,1106 5769,1099 5891,1090 6014,1080"
                         HEIGHT="206"
                         WIDTH="2483"
                         VPOS="1004"
                         HPOS="3548">
                  <String ID="string_region_1643970440969_5717l10"
                          HEIGHT="206"
                          WIDTH="2483"
                          VPOS="1004"
                          HPOS="3548"
                          CONTENT="de meeste naer den bruynsten cant gelijck sommige waeren geweest inde "/>
               </TextLine>
               <TextLine ID="region_1643970440969_5717l11"
                         BASELINE="3562,1258 3687,1256 3813,1254 3938,1252 4064,1252 4189,1250 4315,1248 4440,1248 4566,1246 4691,1244 4817,1242 4942,1240 5068,1238 5193,1234 5319,1230 5444,1224 5570,1218 5695,1211 5821,1202 5946,1192 6072,1182"
                         HEIGHT="211"
                         WIDTH="2541"
                         VPOS="1109"
                         HPOS="3546">
                  <String ID="string_region_1643970440969_5717l11"
                          HEIGHT="211"
                          WIDTH="2541"
                          VPOS="1109"
                          HPOS="3546"
                          CONTENT="spaele N.4 voors wel gemengelt met noot alevendigh van courleure, "/>
               </TextLine>
               <TextLine ID="region_1643970440969_5717l12"
                         BASELINE="3562,1374 3686,1372 3811,1370 3936,1368 4060,1366 4185,1364 4310,1364 4434,1362 4559,1362 4684,1360 4809,1358 4933,1356 5058,1354 5183,1350 5307,1348 5432,1344 5557,1338 5681,1332 5806,1326 5931,1317 6056,1308"
                         HEIGHT="206"
                         WIDTH="2529"
                         VPOS="1239"
                         HPOS="3544">
                  <String ID="string_region_1643970440969_5717l12"
                          HEIGHT="206"
                          WIDTH="2529"
                          VPOS="1239"
                          HPOS="3544"
                          CONTENT="oft geene, oock bedeckte geperst iu spaele drogetten staet noch gesloten"/>
               </TextLine>
               <TextLine ID="region_1643970440969_5717l13"
                         BASELINE="3558,1482 3683,1482 3808,1482 3934,1480 4059,1480 4185,1480 4310,1478 4435,1478 4561,1476 4686,1474 4812,1472 4937,1470 5062,1468 5188,1464 5313,1462 5439,1457 5564,1453 5689,1448 5815,1442 5940,1435 6066,1428"
                         HEIGHT="242"
                         WIDTH="2539"
                         VPOS="1336"
                         HPOS="3542">
                  <String ID="string_region_1643970440969_5717l13"
                          HEIGHT="242"
                          WIDTH="2539"
                          VPOS="1336"
                          HPOS="3542"
                          CONTENT="geloove met dit lesoen daer iets van sal debiteren terwijlen den zemen"/>
               </TextLine>
               <TextLine ID="region_1643970440969_5717l14"
                         BASELINE="3566,1600 3690,1598 3815,1596 3940,1596 4065,1594 4190,1592 4315,1592 4440,1590 4565,1590 4690,1588 4815,1586 4939,1584 5064,1582 5189,1580 5314,1576 5439,1572 5564,1568 5689,1562 5814,1556 5939,1548 6064,1540"
                         HEIGHT="142"
                         WIDTH="2532"
                         VPOS="1472"
                         HPOS="3549">
                  <String ID="string_region_1643970440969_5717l14"
                          HEIGHT="142"
                          WIDTH="2532"
                          VPOS="1472"
                          HPOS="3549"
                          CONTENT="al te veer geavanceert is, u antw: ontrent dese geordoneerde sarges sal"/>
               </TextLine>
               <TextLine ID="region_1643970440969_5717l15"
                         BASELINE="3566,1708 3691,1708 3816,1708 3941,1706 4066,1706 4192,1704 4317,1704 4442,1702 4567,1700 4692,1698 4818,1696 4943,1693 5068,1690 5193,1686 5318,1682 5444,1677 5569,1672 5694,1666 5819,1660 5944,1652 6070,1644"
                         HEIGHT="188"
                         WIDTH="2540"
                         VPOS="1594"
                         HPOS="3548">
                  <String ID="string_region_1643970440969_5717l15"
                          HEIGHT="188"
                          WIDTH="2540"
                          VPOS="1594"
                          HPOS="3548"
                          CONTENT="gaerne te gemoet sien om volgens te reguleren us groetende blijv"/>
               </TextLine>
               <TextLine ID="region_1643970440969_5717l16"
                         BASELINE="3550,1856 3674,1853 3799,1850 3923,1848 4048,1846 4173,1844 4297,1844 4422,1842 4546,1841 4671,1840 4796,1838 4920,1838 5045,1836 5169,1834 5294,1832 5419,1831 5543,1828 5668,1826 5792,1823 5917,1820 6042,1814"
                         HEIGHT="172"
                         WIDTH="2526"
                         VPOS="1732"
                         HPOS="3532">
                  <String ID="string_region_1643970440969_5717l16"
                          HEIGHT="172"
                          WIDTH="2526"
                          VPOS="1732"
                          HPOS="3532"
                          CONTENT="P.S. ingesloten remittere we  £100:- ten latte Jean herm &amp; drie olimins"/>
               </TextLine>
               <TextLine ID="region_1643970440969_5717l17"
                         BASELINE="3570,1932 3693,1934 3816,1936 3939,1936 4062,1936 4186,1936 4309,1936 4432,1934 4555,1934 4678,1932 4802,1930 4925,1929 5048,1928 5171,1926 5294,1924 5418,1924 5541,1923 5664,1922 5787,1923 5910,1924 6034,1926"
                         HEIGHT="182"
                         WIDTH="2494"
                         VPOS="1830"
                         HPOS="3555">
                  <String ID="string_region_1643970440969_5717l17"
                          HEIGHT="182"
                          WIDTH="2494"
                          VPOS="1830"
                          HPOS="3555"
                          CONTENT="in london, waer vooren het noodigh gelieve te besorgen, &amp; den ontfangh"/>
               </TextLine>
               <TextLine ID="region_1643970440969_5717l18"
                         BASELINE="3542,2022 3610,2024 3679,2026 3748,2028 3817,2028 3886,2030 3955,2030 4024,2032 4093,2032 4162,2032 4231,2032 4299,2032 4368,2032 4437,2032 4506,2032 4575,2030 4644,2030 4713,2028 4782,2028 4851,2026 4920,2026"
                         HEIGHT="133"
                         WIDTH="1410"
                         VPOS="1947"
                         HPOS="3527">
                  <String ID="string_region_1643970440969_5717l18"
                          HEIGHT="133"
                          WIDTH="1410"
                          VPOS="1947"
                          HPOS="3527"
                          CONTENT="t'adviseren aen die blijve als vooren"/>
               </TextLine>
               <TextLine ID="region_1643970440969_5717l19"
                         BASELINE="3554,2152 3581,2152 3609,2152 3637,2154 3665,2154 3693,2154 3721,2156 3749,2156 3777,2157 3805,2158 3833,2158 3860,2159 3888,2160 3916,2160 3944,2160 3972,2160 4000,2160 4028,2160 4056,2160 4084,2160 4112,2160"
                         HEIGHT="176"
                         WIDTH="590"
                         VPOS="2066"
                         HPOS="3537">
                  <String ID="string_region_1643970440969_5717l19"
                          HEIGHT="176"
                          WIDTH="590"
                          VPOS="2066"
                          HPOS="3537"
                          CONTENT="S Henrij Blagden"/>
               </TextLine>
               <TextLine ID="region_1643970440969_5717l20"
                         BASELINE="3488,2190 3508,2190"
                         HEIGHT="173"
                         WIDTH="50"
                         VPOS="2044"
                         HPOS="3473">
                  <String ID="string_region_1643970440969_5717l20"
                          HEIGHT="173"
                          WIDTH="50"
                          VPOS="2044"
                          HPOS="3473"
                          CONTENT=""/>
               </TextLine>
               <TextLine ID="region_1643970440969_5717l21"
                         BASELINE="3568,2270 3593,2270 3618,2269 3643,2268 3668,2268 3693,2266 3719,2266 3744,2268 3769,2268 3794,2268 3819,2271 3844,2273 3870,2276"
                         HEIGHT="146"
                         WIDTH="335"
                         VPOS="2184"
                         HPOS="3553">
                  <String ID="string_region_1643970440969_5717l21"
                          HEIGHT="146"
                          WIDTH="335"
                          VPOS="2184"
                          HPOS="3553"
                          CONTENT="ingeslote"/>
               </TextLine>
               <TextLine ID="region_1643970440969_5717l22"
                         BASELINE="5298,2368 5329,2363 5361,2358 5392,2356 5424,2353 5456,2352 5487,2350 5519,2350 5550,2350 5582,2350 5614,2350 5645,2350 5677,2352 5708,2353 5740,2354 5772,2354 5803,2354 5835,2356 5866,2356 5898,2356 5930,2354"
                         HEIGHT="245"
                         WIDTH="665"
                         VPOS="2193"
                         HPOS="5282">
                  <String ID="string_region_1643970440969_5717l22"
                          HEIGHT="245"
                          WIDTH="665"
                          VPOS="2193"
                          HPOS="5282"
                          CONTENT="Adij 21 July 1715"/>
               </TextLine>
               <TextLine ID="region_1643970440969_5717l23"
                         BASELINE="3498,2386 3545,2386 3593,2388 3640,2390 3688,2390 3736,2390 3783,2390 3831,2390 3878,2390 3926,2389 3974,2388 4021,2388 4069,2386 4116,2386 4164,2384 4212,2384 4259,2382 4307,2382 4354,2380 4402,2379 4450,2378"
                         HEIGHT="179"
                         WIDTH="985"
                         VPOS="2276"
                         HPOS="3482">
                  <String ID="string_region_1643970440969_5717l23"
                          HEIGHT="179"
                          WIDTH="985"
                          VPOS="2276"
                          HPOS="3482"
                          CONTENT="London Charles Hamilton"/>
               </TextLine>
               <TextLine ID="region_1643970440969_5717l24"
                         BASELINE="6040,2394 6060,2390"
                         HEIGHT="148"
                         WIDTH="79"
                         VPOS="2299"
                         HPOS="6007">
                  <String ID="string_region_1643970440969_5717l24"
                          HEIGHT="148"
                          WIDTH="79"
                          VPOS="2299"
                          HPOS="6007"
                          CONTENT="6d"/>
               </TextLine>
               <TextLine ID="region_1643970440969_5717l25"
                         BASELINE="3550,2490 3671,2490 3793,2492 3915,2492 4037,2494 4159,2494 4280,2494 4402,2496 4524,2496 4646,2496 4768,2496 4889,2495 5011,2494 5133,2492 5255,2492 5377,2489 5498,2486 5620,2484 5742,2480 5864,2475 5986,2470"
                         HEIGHT="198"
                         WIDTH="2466"
                         VPOS="2366"
                         HPOS="3535">
                  <String ID="string_region_1643970440969_5717l25"
                          HEIGHT="198"
                          WIDTH="2466"
                          VPOS="2366"
                          HPOS="3535"
                          CONTENT="op 13 &amp; 20 deser, waeren uls mijnen laesten met den tweeden het "/>
               </TextLine>
               <TextLine ID="region_1643970440969_5717l26"
                         BASELINE="3558,2606 3682,2602 3807,2600 3932,2600 4057,2600 4182,2600 4306,2601 4431,2602 4556,2604 4681,2606 4806,2606 4930,2608 5055,2608 5180,2607 5305,2606 5430,2604 5554,2599 5679,2594 5804,2586 5929,2578 6054,2566"
                         HEIGHT="149"
                         WIDTH="2529"
                         VPOS="2510"
                         HPOS="3542">
                  <String ID="string_region_1643970440969_5717l26"
                          HEIGHT="149"
                          WIDTH="2529"
                          VPOS="2510"
                          HPOS="3542"
                          CONTENT="cognossement van eene baele tijken waer van hier ingeslote de facture"/>
               </TextLine>
               <TextLine ID="region_1643970440969_5717l27"
                         BASELINE="3540,2726 3665,2722 3791,2720 3917,2717 4043,2716 4169,2714 4295,2714 4421,2714 4547,2714 4673,2714 4799,2714 4924,2714 5050,2714 5176,2712 5302,2710 5428,2708 5554,2704 5680,2700 5806,2694 5932,2686 6058,2678"
                         HEIGHT="198"
                         WIDTH="2551"
                         VPOS="2591"
                         HPOS="3524">
                  <String ID="string_region_1643970440969_5717l27"
                          HEIGHT="198"
                          WIDTH="2551"
                          VPOS="2591"
                          HPOS="3524"
                          CONTENT="beloopende in wissel gelde ƒ 800:17 waer voren mij op u hek particulie"/>
               </TextLine>
               <TextLine ID="region_1643970440969_5717l28"
                         BASELINE="3554,2850 3677,2848 3801,2844 3925,2843 4049,2842 4173,2840 4296,2840 4420,2840 4544,2838 4668,2838 4792,2838 4915,2838 5039,2838 5163,2836 5287,2836 5411,2834 5534,2832 5658,2828 5782,2824 5906,2820 6030,2814"
                         HEIGHT="158"
                         WIDTH="2507"
                         VPOS="2755"
                         HPOS="3538">
                  <String ID="string_region_1643970440969_5717l28"
                          HEIGHT="158"
                          WIDTH="2507"
                          VPOS="2755"
                          HPOS="3538"
                          CONTENT="gelleve te laeten crediteren tot nu toe hebbe van ul niets verromen"/>
               </TextLine>
               <TextLine ID="region_1643970440969_5717l29"
                         BASELINE="3546,2982 3666,2979 3787,2976 3907,2974 4028,2972 4148,2970 4269,2970 4389,2968 4510,2966 4630,2966 4751,2964 4871,2964 4992,2962 5112,2960 5233,2958 5353,2955 5474,2952 5594,2948 5715,2945 5835,2940 5956,2936"
                         HEIGHT="223"
                         WIDTH="2442"
                         VPOS="2824"
                         HPOS="3530">
                  <String ID="string_region_1643970440969_5717l29"
                          HEIGHT="223"
                          WIDTH="2442"
                          VPOS="2824"
                          HPOS="3530"
                          CONTENT="twijfele, oft advian van grenberghe, voor nu acostij is gearriveer"/>
               </TextLine>
               <TextLine ID="region_1643970440969_5717l30"
                         BASELINE="3552,3096 3677,3096 3802,3096 3927,3094 4052,3094 4177,3092 4302,3090 4427,3088 4552,3086 4677,3084 4803,3081 4928,3078 5053,3076 5178,3073 5303,3070 5428,3068 5553,3064 5678,3062 5803,3060 5928,3057 6054,3054"
                         HEIGHT="226"
                         WIDTH="2536"
                         VPOS="2941"
                         HPOS="3535">
                  <String ID="string_region_1643970440969_5717l30"
                          HEIGHT="226"
                          WIDTH="2536"
                          VPOS="2941"
                          HPOS="3535"
                          CONTENT="terwijlen den wint, hem favorabel is geweest heden hebbe wederon"/>
               </TextLine>
               <TextLine ID="region_1643970440969_5717l31"
                         BASELINE="3564,3216 3687,3216 3811,3214 3934,3212 4058,3211 4181,3210 4305,3208 4428,3205 4552,3202 4675,3200 4799,3198 4922,3194 5046,3192 5169,3188 5293,3185 5416,3181 5540,3178 5663,3174 5787,3170 5910,3166 6034,3162"
                         HEIGHT="234"
                         WIDTH="2501"
                         VPOS="3065"
                         HPOS="3548">
                  <String ID="string_region_1643970440969_5717l31"
                          HEIGHT="234"
                          WIDTH="2501"
                          VPOS="3065"
                          HPOS="3548"
                          CONTENT="eene partije tijken Clijn strepies thuys becomen a verwaghte d'andre "/>
               </TextLine>
               <TextLine ID="region_1643970440969_5717l32"
                         BASELINE="3552,3356 3677,3350 3802,3346 3927,3342 4052,3340 4177,3336 4302,3334 4427,3332 4552,3330 4677,3328 4803,3326 4928,3324 5053,3322 5178,3318 5303,3314 5428,3310 5553,3305 5678,3298 5803,3292 5928,3284 6054,3274"
                         HEIGHT="231"
                         WIDTH="2535"
                         VPOS="3182"
                         HPOS="3534">
                  <String ID="string_region_1643970440969_5717l32"
                          HEIGHT="231"
                          WIDTH="2535"
                          VPOS="3182"
                          HPOS="3534"
                          CONTENT="weeeke noch meer tot 100 ps oft meer, sal die atd mogelijck doen"/>
               </TextLine>
               <TextLine ID="region_1643970440969_5717l33"
                         BASELINE="3550,3474 3673,3470 3796,3468 3920,3466 4043,3464 4167,3462 4290,3460 4413,3458 4537,3456 4660,3454 4784,3451 4907,3448 5030,3446 5154,3442 5277,3438 5401,3434 5524,3428 5647,3422 5771,3414 5894,3407 6018,3398"
                         HEIGHT="252"
                         WIDTH="2502"
                         VPOS="3304"
                         HPOS="3533">
                  <String ID="string_region_1643970440969_5717l33"
                          HEIGHT="252"
                          WIDTH="2502"
                          VPOS="3304"
                          HPOS="3533"
                          CONTENT="oppaeken de versenden, versoeckende te laeten weeten oft u noch"/>
               </TextLine>
               <TextLine ID="region_1643970440969_5717l34"
                         BASELINE="3538,3598 3659,3597 3780,3596 3902,3594 4023,3594 4145,3592 4266,3590 4387,3588 4509,3586 4630,3584 4752,3582 4873,3580 4994,3578 5116,3574 5237,3570 5359,3566 5480,3562 5601,3558 5723,3552 5844,3548 5966,3542"
                         HEIGHT="190"
                         WIDTH="2464"
                         VPOS="3452"
                         HPOS="3520">
                  <String ID="string_region_1643970440969_5717l34"
                          HEIGHT="190"
                          WIDTH="2464"
                          VPOS="3452"
                          HPOS="3520"
                          CONTENT="meerdre van dese clijn strepus gelieft, want daer na sende"/>
               </TextLine>
               <TextLine ID="region_1643970440969_5717l35"
                         BASELINE="3524,3732 3649,3732 3774,3730 3899,3730 4024,3730 4149,3730 4274,3730 4399,3730 4524,3728 4649,3728 4775,3726 4900,3724 5025,3722 5150,3718 5275,3714 5400,3710 5525,3704 5650,3698 5775,3692 5900,3683 6026,3674"
                         HEIGHT="211"
                         WIDTH="2536"
                         VPOS="3577"
                         HPOS="3507">
                  <String ID="string_region_1643970440969_5717l35"
                          HEIGHT="211"
                          WIDTH="2536"
                          VPOS="3577"
                          HPOS="3507"
                          CONTENT="die makers daer niet meer aen willen, om dat sij soo clagen dat"/>
               </TextLine>
               <TextLine ID="region_1643970440969_5717l36"
                         BASELINE="3526,3874 3651,3874 3776,3874 3901,3874 4026,3874 4152,3872 4277,3872 4402,3870 4527,3868 4652,3864 4778,3862 4903,3858 5028,3855 5153,3852 5278,3848 5404,3843 5529,3838 5654,3832 5779,3828 5904,3822 6030,3816"
                         HEIGHT="224"
                         WIDTH="2536"
                         VPOS="3716"
                         HPOS="3510">
                  <String ID="string_region_1643970440969_5717l36"
                          HEIGHT="224"
                          WIDTH="2536"
                          VPOS="3716"
                          HPOS="3510"
                          CONTENT="sij daer met connen aen avanceren groeten van hut en blijve"/>
               </TextLine>
               <TextLine ID="region_1643970440969_5717l37"
                         BASELINE="3500,4008 3625,4007 3751,4006 3876,4006 4002,4006 4127,4006 4253,4006 4378,4008 4504,4008 4629,4008 4755,4008 4880,4008 5006,4006 5131,4006 5257,4002 5382,4000 5508,3996 5633,3990 5759,3983 5884,3974 6010,3964"
                         HEIGHT="154"
                         WIDTH="2545"
                         VPOS="3914"
                         HPOS="3482">
                  <String ID="string_region_1643970440969_5717l37"
                          HEIGHT="154"
                          WIDTH="2545"
                          VPOS="3914"
                          HPOS="3482"
                          CONTENT="P sende aen ue hier benevens een briefie van stl £150:- ten laste"/>
               </TextLine>
               <TextLine ID="region_1643970440969_5717l38"
                         BASELINE="3536,4112 3654,4112 3773,4112 3891,4112 4010,4112 4128,4112 4247,4112 4365,4112 4484,4112 4602,4112 4721,4112 4839,4110 4958,4110 5076,4108 5195,4107 5313,4105 5432,4103 5550,4100 5669,4096 5787,4092 5906,4088"
                         HEIGHT="174"
                         WIDTH="2403"
                         VPOS="3986"
                         HPOS="3518">
                  <String ID="string_region_1643970440969_5717l38"
                          HEIGHT="174"
                          WIDTH="2403"
                          VPOS="3986"
                          HPOS="3518"
                          CONTENT="m. baurocks capt sijn a costij, dat versocke te laeten accepteeren"/>
               </TextLine>
               <TextLine ID="region_1643970440969_5717l39"
                         BASELINE="3532,4214 3654,4218 3776,4222 3899,4224 4021,4226 4144,4226 4266,4228 4388,4228 4511,4226 4633,4226 4756,4224 4878,4222 5000,4221 5123,4219 5245,4218 5368,4216 5490,4214 5612,4212 5735,4210 5857,4210 5980,4210"
                         HEIGHT="194"
                         WIDTH="2479"
                         VPOS="4096"
                         HPOS="3516">
                  <String ID="string_region_1643970440969_5717l39"
                          HEIGHT="194"
                          WIDTH="2479"
                          VPOS="4096"
                          HPOS="3516"
                          CONTENT="sonder ul: te laeten benusten tot dat den sesonde niet behoorlijck"/>
               </TextLine>
               <TextLine ID="region_1643970440969_5717l40"
                         BASELINE="3538,4322 3660,4326 3783,4330 3905,4334 4028,4336 4150,4336 4273,4336 4395,4336 4518,4336 4640,4335 4763,4334 4885,4332 5008,4330 5130,4330 5253,4328 5375,4326 5498,4326 5620,4326 5743,4326 5865,4328 5988,4330"
                         HEIGHT="133"
                         WIDTH="2481"
                         VPOS="4248"
                         HPOS="3522">
                  <String ID="string_region_1643970440969_5717l40"
                          HEIGHT="133"
                          WIDTH="2481"
                          VPOS="4248"
                          HPOS="3522"
                          CONTENT="indorsement, den selven van compt ashaelen  d'acceptatie sal gaerne"/>
               </TextLine>
               <TextLine ID="region_1643970440969_5717l41"
                         BASELINE="3554,4420 3669,4425 3784,4430 3899,4434 4014,4436 4129,4438 4244,4440 4359,4440 4474,4440 4589,4440 4704,4438 4819,4438 4934,4436 5049,4434 5164,4432 5279,4430 5394,4429 5509,4428 5624,4426 5739,4424 5854,4424"
                         HEIGHT="132"
                         WIDTH="2331"
                         VPOS="4324"
                         HPOS="3538">
                  <String ID="string_region_1643970440969_5717l41"
                          HEIGHT="132"
                          WIDTH="2331"
                          VPOS="4324"
                          HPOS="3538"
                          CONTENT="vernemen, alle u gesondene syemder sijn prompt voldaen tot u manght"/>
               </TextLine>
            </TextBlock>
         </PrintSpace>
      </Page>
   </Layout>
</alto>
