8234 4610
1715 186 146 126 El

2757 178 575 165 Adij 11 Juny 1713

740 184 983 195 Ath Jan Be Lolvier

938 333 2342 129 hier estois a vre grace ma derniere a la quelle ie me referre depuis ie

936 403 2376 117 viend de recevoir une lestre, de mon amis de bruxelle que me marque

927 473 2321 158 que vre remise de ƒ12411:17 court a six jours sur t donelis walhurs

929 551 2398 142 est accepte qelle de ƒ1241:17 cours aussij sux ditto walhier, est proteste

932 685 2312 123 a deux jours de vre, desant pour reponce, qu'il n'estoit pas de l'entiere

1337 779 120 67 le

1173 779 156 65 uede ra

931 748 2281 171 sompme aussij ie vous la renvoje cy joint avec le protest il vous

933 825 2275 181 plaira discharge mon compte & crediter pour ƒ1:4: de change

942 944 1938 169 pour le protest ie vous salue, & suis, de tous mon coeur

934 1058 1550 139 s. il vous plaire m'adviser la reception de cette

910 1057 2245 210 demain, j'attend de neusilles de vre lettre de ƒ2169:- dhollande

940 1218 1502 187 mais il ne croye pas quelle serat acquitte

2659 1306 547 176 Adij 14 Juny

753 1348 1142 193 ferenton dere ge nech marck

957 1427 2310 213 op 3 unij was aen mijnen laeste, met ordre van 15 sarges bruye

942 1529 2260 173 rossse drapeer 16 ditto bastardes witte met blouwe groot gemengelt

938 1671 2341 161 all oock voor 10 gestrepte flanellen sedert geene van referrere

941 1735 2348 157 mij aen den selve & de vonge ordre, nu bevende, dat men vraght

938 1811 2316 199 weder naer de sichte geile olves soo gelieve, noch een bale

954 1917 2285 222 te prepareren met 60 stucken naer dese stelen, & ordre

937 2012 2315 234 als aen den voet deser genoteert sal dienen voorde vierde bale

914 2182 2188 111 dogh op alles wel te letten & de stalen precies na te comen

926 2222 2329 224 principael, de geile lichte olives, datse wel gemengelt glevendigh

956 2344 2244 159 van couleur sijn, want die couleurer, alse nouw sreken

967 2471 2293 151 ue, moet die op het adlderwesste stelle, op dat benevens andre

940 2567 2299 154 marten kan, het goet wort tegen woordigh seer schandeleus

940 2674 2312 152 goede coop verkoght datter qualijck i0 st op 1 stuck sarge

941 2759 2272 154 te talen is, wat passeert, gelieve te laten welen blijve naer

936 2879 847 182 Cordiale groettenise

1880 2914 80 84 2

1450 2981 1130 154 voor 1 bala met 60 stucke

1356 3081 1128 162 20 sarges geele naer dit staet

1369 3137 1297 214 20 ditto bruyn oafse naer 1N:1

1489 3277 1766 154 van 30 april 1711 de selft sichten, met levendigt

1497 3378 812 126 root &de gront swert

1434 3442 1846 164 5 groen schedes naer n°. 12:13 van 30 april 1711 nmet

1428 3542 1120 174 gooerder, maer wel iets geinder

1383 3597 1929 192 15 sarges drapeen lichte olves, naer N. 3 van ditto

1495 3753 1811 154 & naer de 2 staettiens van 29 april lest maeten

1510 3830 1807 128 aen ma lcandren, al iets verschille in couleure

1392 3924 682 156 6ops: in one Sett

972 4051 2294 132 e s wenstte dat ue mij eens eene genevalen stael bocese toesont

982 4139 2308 125 van alle de couleure sarges, dier gemaect worden waer

978 4190 2358 176 van ul de copge soude moeten behoude soude gomaekelijcke

993 4317 1628 127 mijne ordres conner geven, tot ue geverno

5889 173 89 102 45

3800 187 1877 101 alle de groen shadis moeten naer dit ingellotn stael wesen

3790 250 2071 120 als oock eenige lighte blives naer het gevegaende kos stael

5478 830 537 179 Adij 17 Juny 1713

3375 834 827 220 Brussel Piere

3532 990 2485 102 ie vous envoye aujourd huy p la barque marchande de bruxelles une ballots

3536 1084 2383 111 marque 13:4:&, pour de de mons. nicolas hamall de mons, qui as

3540 1159 2416 145 recommande de faire, l'enchemenement au plus toit posible le ballots

3517 1244 2377 153 contient vint & deux sarges d'engeleterre & se p de cattons il vous

3535 1351 2417 148 plaira faire, la declaration a l'advenant je vous salue & suis de

3512 1430 719 169 tous mon Coeure

5500 1493 526 228 Adij 17 Juny 1729

3385 1560 887 166 Mons Ncolas Kamatt

3546 1703 2435 126 ie vend de recevoir l'aggreable vre du 14 courant y joint une incluse a

3503 1791 2497 121 mons vre fils que j'ay luy rendu, il m'at donnez les eschantillions, done

3529 1836 2458 148 on na pue trouver que 7 p. a Couse que vre grace ne veut, qu'a l'etoil

3529 1940 2392 174 avec le nom a l'entoure ainsij ie vous ay envoyez une ballott de

3541 2068 2448 152 15p espenes dans   192, done cy joint les eschantillions, avec les

3526 2140 2340 170 sept pre packe cnsemble 9 marque M:H:X & selon vre ordre

3539 2293 2299 97 envoyez p la barque, marcharde de bruxelles il vous plaira me

3526 2374 2438 131 crediter selon vre facture. pourtirer sur vre grace, m'est inposible

3525 2448 2470 157 & cause qu'il y a point d'occasion & autre ie devrois toujours perdre cainsij

3523 2548 2493 167 jattendrey l'honneur de tre remise, si vous pauvez recontrer sur brukeles

3525 2666 1117 151 ie suis contant pour cette fois

3540 2768 2472 133 vous avez grand raison, de marder des sarges, crainte quelles encherissiert

3524 2853 2451 162 il ny a rien si seur, car la marchardise augemente Engletterre & le

3513 2956 2454 140 change aussij de jour en jour vous vervez, quil seront a ƒ24:10: u

3519 3071 2457 147 du temp a vi governo au je suis cappoble a vous rendre service ayez

3521 3168 2284 126 la bonte de me commarder, qui est tres cincerement

5304 3243 615 137 Adij 18 juny

3369 3240 682 159 Ath Jan B. Colivver

3564 3285 2386 197 ay bien receu s'aggreable vre du 13 court. depuis advis de mon amis d'amtt.

3523 3437 2452 136 avec les lettres du 12 jcme court. quil avoit esvrit luy ineu a la haye mais quil

3531 3530 2343 117 n'avoit pas eu responce, cependant le s. abas luy disoit, quil avoit ordre de

3514 3628 2469 141 payer en cas quil receveroit quelque argent, & quil tenoit la lettre encor pour

3524 3726 2421 133 cette raison, hier ie viend de recevoir une deux jesme, avec la lettre preteste

3516 3787 2457 168 que ie vous renvoije cy joint, il vous plaira dis charger mon compte, il ma que

3521 3871 2441 166 aussij quil ne voit pas d'apparance pour le payement, a insij vous pouvez

3513 3980 2413 106 vous reguler a ladvenant vre presence icy me serat tres aggreable, & ovie

3516 4047 2469 157 suis capable a vous rendre service, ayez la bonte de me comander & dount

3532 4147 1244 146 advis de la reception de cette, & suis

3520 4205 2414 186 le tereus vous doit payer l'interest du temp depuis son essaiance a
