8132 4644
950 174 2338 118 om met een lijn transito reght hen goedren aldien wegh te doen comen

951 258 2365 135 veele sijn van die gesintheijdt waer onder mede magh gerekent worden, geloove

955 342 2365 113 een request dien aengaende inden hage aen den staet sal ingegeven rorde

951 422 2368 99 wij hebben veele redenen, om sulckx te doen wat datter van comen sal, sal

928 493 1525 141 den tijdt leeren ue van herte groetende blijve

741 598 854 148 Mons Picolas Kamalt

2697 620 595 132 Adij 5 meert 1713

947 726 2251 86 je viend de recevoir la tres agreable vre d'hier y joint une remise de quatre cent

873 755 2346 117 fer quatre oint florins de change a la charge de monsr. Jacomo de Cleves, qui

955 846 2224 98 at promis d'accepter outre vre grace me demand seve ps des de la meleures

935 930 2277 137 qualité celon les eschantillions envoyez dans la lestre de mons. vre fils

930 981 2368 160 que ie luy ay rendu a l'instant ie vous envoyerez des pareilles de la melieures

939 1094 2365 116 qualité comme vre grace at toujours eu de moy mais, pour les prix de ƒ22:-

947 1196 2283 128 est autant que rien elles duvent couter ƒ24: de change la ps a hier, on

941 1266 2384 138 m'at offer encor ƒ 23:- argent contentt, & ie ne pouvez pas les laisser, & pour

940 1376 2339 114 avoir l'honneur de vre lamitie & chanlandise ie vous les envoyerez pour

926 1441 2316 121 ƒ 23:10, & pas un sols moins, je vous asseure, mons: qu'en peut de temps ils

899 1487 2265 156 seront monte jusqua ƒ26:- a ƒ27:- car ils montent en Engleterre

948 1629 2228 130 de jour en jour j'ai recu une, belle partie en peude jours la plus belle,

916 1666 2368 186 & super fine qualité qui viend d'engleterre le grand convoy, avec des sarges,

948 1785 2336 132 est nouvellement arrive en attendant l'honneur, de vos ordres pour les

948 1885 2314 141 en voyer ou non, je vous jure mons. quils me ftutent ƒ 22:10 les frais

952 1967 2206 142 compte iusquan dernier denie, je vous salve, & souhayte une heureuse

942 2056 2368 149 quarantaine recuproquement, & suis tres cincerement de tous, mon coeur

712 2123 1037 145 amsterdam Franciseo Rousseau

2576 2146 668 167 Adij 6 meert 1713

955 2246 2329 138 beyde ue seer aengename, van 2 & 3 deser wel, ontfange, met den eerste tee

952 2347 2300 139 wissel brieven van £350: ten laste soscia castons die hier benevens te

955 2438 2362 129 regge met acceptatie & met den laesten advies dat ue geprotesteert wissel

938 2497 2387 174 brusie van N2169:- ten salomon & iade pereijra oock wel was geworden

939 2598 2382 111 & dat ue de betaelinge, sal trachte te obtineren waer voore ue verplight

935 2660 2366 179 sal blijven in soodanige ofte andre accasien, gelieve me van mijn dinst

943 2772 2346 163 te disponeren als ue de penninge, vant voors briefie sal ontfangen

951 2845 2374 168 hebbe gelieve te laten weten oft wel can ue op een uso met avanie

957 2947 2302 104 remitteren sal mij aengenaemm sijn dogh soude gaerne de geheele

934 3020 2335 150 somme hebbe te weten, met doncosten ƒ2181:3 om die partije

948 3128 2377 154 soo te salderen voorders, sien, dat met remitteren, op tijdt geen avance

957 3227 2365 144 te behalen is soo sullen, die negotie, wat laten ousten ue van herte

948 3285 672 155 groetende blijve

966 3395 455 124 london 35 4

959 3451 637 152 Costy banco ¼ P

963 3552 558 117 Courant 3¼ pr

2757 3550 574 184 Adij 8 meert 1713

743 3592 795 152 ath Jaen Ba Solivier

960 3659 2342 170 ie viend de recevoir la tres agreable vre du 4e courant y joint septischantie

958 3811 2264 129 lions descharge, pour vint cincq ps jaspe selon cincy eschantillionos

956 3890 2283 111 & quatre p drapce, selon les deux autre pour reponce il est imposible

940 3982 2341 136 de vous les envoyer, & que ie charche p tous mon magaien javoir la

950 4075 2351 96 de les trouveer autre cela je de vrois ouvrier bien des bollots pour avoir

944 4168 2355 101 seulement la motie de ce que vre grace me demande, vous scavez bien

945 4221 2387 193 qu'on ne peus pas vendre les sarges gespe, seul, ce pourquoy mons je suis

3548 188 2459 102 fachez que ie ne peut pas vous accomoder, & quoy ie les avois ie ne pourois point le

3528 251 2488 98 renvoyer la ƒ24:- ce pourquoy il sera mieux, que mad: vres espouse viendfaire

3559 329 2462 94 une voiage, enfin que je vous pourois servir saullement a l'egarde de vre lestre

3542 402 2453 136 proteste de ƒ 2169:- mon amis d'amsterdam, a qui j'ay envoyez la lettre me

3546 473 2475 153 quil at este luy mesme chez monsr bar Chez qui l'adres, est pour le payement

3540 563 2469 126 qu'il a feu pour reponce, qu'on ne luy a point envoyez encor de l'argent, mais

3530 657 2503 149 qu'il avoit des lettre de la haye, qu'on luy envoyeroit de l'argent le mois prochi

3546 750 2437 142 ainsij il ny a point d'aperence de voire une denie cette mois, & ie crainne, encor

3542 824 2463 114 pour l'autre avenir vous ne ferez pas mal de donneer advis a vre amis mand

3534 904 2479 181 en moy T:V:P. si je vous envoye la lettre, ou attendre grace de dieu jusqua quelle

3539 972 2104 183 sarat satisfait je vous salut, & ie suis de tous mon coeur

3387 1087 2640 161 S voycy l'uique livre des eschantillions, qui est presque tous jaspe sal vous agree

3548 1147 2467 173 je pourois vous l'envoijer entier, car pour choisir quelque couleur d'hops ie

3528 1277 2506 136 ne le peut pas faire, ie le laisseray comme il est a ƒ23:10 les sarges drapo

3532 1348 2510 126 je les pouroits envoyer avec en attendent l'honneurt de vre ordre, ou les ha

3526 1392 1072 162 ntillions de retour cito, ie suis

5333 1495 645 189 Adij 8 meert 1713

3351 1492 1269 211 ath la veufve Ignace francois le lison

3525 1670 2464 146 ie viend de recevoir a l'instant l'agreable vre du 6 courant p laquelle

3540 1751 2486 146 vre grace, me demand six ps des sarges oirs pareille a Celle que vous avez e

3516 1822 2443 147 le voiage avant le derniere, ce que j'ettez voire & trouve que vous avez ende

3522 1887 2482 180 la marque du feuile de trait, avec le nom alantour & vre grace les a eu pour

3522 2012 2496 131 ƒ22:- depals, tous sorte de marchandise est encherie & le sarges ce vender

3498 2081 2519 177 ƒ 23: a vre grace scait bien, que c'est une qualité partiuliere tant en

3514 2146 2491 168 bonte qu'en longeer & quils sont tousjours dix patars pour le plus moins

3531 2250 2500 184 plus, que les autres, & pour vous faire plaisie ie vous les envoyerez encon

3501 2332 2497 193 a ƒ 23:- sur quoy j'attendrez vre ordre ie ne pas au sue vous les envoye

3515 2428 2481 184 sans avoir fait scavoir, quils sont allement monte esperant d'avoir s

3521 2506 2475 182 honneur de vous voire avec la carisme, ie vous salu, & suis en attendant

3516 2603 2477 206 l'honneur de vos ordres cito enfin, que ie le vous paisse envoyer samedy

3519 2670 316 110 procken

5255 2730 567 144 Adij 16 meert 1723

3368 2758 964 141 amsterdam Francisco Rousseau

3516 2845 2498 132 op 6 deser was aen ue mijnen laeste sedert become ue seer aengename van selven

3513 2930 2501 148 dato waer uyt verneme de antwoort van monsr. Aban hebbe sulckst aen mijn vrint

3498 3022 2518 131 Jan Pre l'olivier gecomuniceert die mij versoght heeft ue hertelijck te recomenderen

3507 3091 2462 147 om tot betalinge te comen, & heeft oock aen den treeker daer over gescreve soo als

3518 3160 2443 94 ontfangen sal sijn gelieve te laten weten om volgens te reguleren voorders, sien

3526 3246 2480 157 dat de wissel a costij gemonteert was, heden is hier op 1 dagh dato gedaer a 1 is

3507 3335 2423 111 , soo ue mij betrecken kan met soo een avance ofte ten minste a 1

3512 3419 2478 115 avance & te remitteren in antwerpen de betalen op eere yen alf uso a pary

4005 3487 56 43 l

3518 3506 2455 140 sal mij lief sijn £500:- te emploieren & can ue op brussel beter avantagie

3524 3574 2465 135 vinden ben wel te vreden, dogh op geene andre plaetsen om dat daer alteyt aen

3503 3654 2478 146 te verliesen is ue antvroort hier op verwachtende blijve na cordiale groetenisse

3367 3726 795 147 tiverton Henrij blagdon

5439 3743 565 162 Adij 18 meert 1713

3531 3788 2493 204 ue aengename, van 21 pasto wel ontfange waerbij ue mij adviseert mijne remises

3522 3918 2449 147 van t £130:- op fredrick pagon & ƒ70:- in mijn eygen brief op ins upcol

3505 3999 2486 159 wel geworden sijn & dat ue de geordoneerde bale, met 60 satge caffees wel sult

3502 4062 2503 184 besorgen verneme, van andre vrinden, dat sohn erings, noch in geen 5 a 6 wesen

3491 4172 2539 133 sejlen sol, soo gelieve eene trreede bale alnoch te prepareren 30 ps met name

3506 4283 2434 139 30 sonder name dogh ue moet wel letter, dat se niet geplecht vallen, & de
