8378 4617
983 171 2276 140 & en ie suis capable a vous rendre service ayez. lo bontez de S

989 257 2285 135 vous commander nous attendene a tous moment larrive du grand

995 353 2098 131 convoy avec des sarges ie vous salue & suis tres cinmerement

849 413 1356 231 Gendt Baron van Rokere

2608 438 652 209 Adj 17 febru 1714

958 553 2269 195 naer dat eenige daghen uyt de stadt geweest hebbe t'huys

966 700 2305 161 comende betinde mij vercert met al seer aengename van

975 798 2352 147 6 deser waer op tot antwoort segge als dat door de gedep

975 889 2333 139 tarde van de iethanderen van schelle belle ontfangen

973 999 2308 109 hebbe : memoriael billet dogh terwijlen present met

979 1070 2225 191 disponeren can, soo bedancke ul van cherte voor ue

981 1171 2127 186 presentatie, dit sijnde het nodige deses gblijve, met

990 1285 904 186 oodt moedigh respects

823 1407 1100 205 Swerton Robert Baridge

2640 1393 612 202 Adij d. 1714

967 1536 2352 204 beyde u6: seer aengename van 23 xber lest 29 pass. wel ontfange

970 1661 2362 133 met den laetten facture van eene bale witte perpett. in handend

958 1727 2254 196 24 ps beloopende st ƒ 86:10:0en gelaen ant schip van

980 1844 2258 186 Jan bandge le jeune hebbe tot mi toe gedilayeert om te

959 1937 2278 176 beantworden, om dat van gedaghte waere is de waerdee

976 2055 2310 178 te remitteren  hebbe het appant hier niet connen becomen

971 2145 2282 185 soo hebbe naer amst. daer over gescreven p eerste, haft

985 2248 2243 178 ue die remise te verwaghten, soo desen in tijdts compt

976 2379 2305 177 moght noch wel a4is senden geassorteert, als de vorige

971 2474 2300 222 segge van prijsen ghelijck d seer van haere altijdt vraegde

983 2584 2290 202 om dat alle sijne callanten becomen sal die weeken,

967 2744 2264 197 precius die soortementen, te sennen recommandere vant

984 2809 2210 216 alderbette goet te senden, want soo u wel doet, sal ue

980 2960 2281 184 avantagie sijn & in toecomende groote partijen ordonenen

967 3040 2280 188 sal ue moet die op den laeghtten prijs, stellen, om de

958 3162 2222 184 suyden gemaekelijcker, naer mij te treesen gelieve het

963 3272 1779 176 lognossement te senden aen die blijve

2664 3391 517 195 Adij d: 1714

915 3428 1351 229 Brussel wed: Henries Borremans

824 3503 108 158 E

993 3529 2291 185 en gevolge ue mondelinge ordre soo sende aen ul heden p beurs

991 3659 2346 140 schip swee swerte perpetuaenen die uytoneerdere partije wtecg

967 3752 2270 177 hebbe sijnde fijnste dickste g swaerste, want hebbe die alle in

979 3839 2287 173 de schale geworen om ue de beste toe te senden, twijfele niet,

994 3955 2334 180 af sullen ie ten uytersten wel bevallen gelieve mij te creditern

995 4081 795 140 te weten als volght

2545 4114 753 162 a ƒ 48:— ƒ96:-

1005 4134 1253 197 voor 2 swerte perpet: N.78

990 4208 2179 244 en wissel gelde dese twee ps sijn van den alderbetten coop

3556 152 2473 154 waert dat ue conts becomen hadde souden moeten ten alder mmet

3575 263 2412 98 ƒ 54:- costen vercope die aen andre onder de ƒ50:- niet, soo dat

3503 339 2505 133 doen, alwat mogelijck is om u te animeren t& soo haest die andre

3543 426 2448 123 Perpet. becomen sal hebben salt ule edviseren, die sullen sijn sreeus

3533 508 2429 151 de soorten & van selven maker gelijck iu bij dseen van havre altijdt

3553 584 2416 189 gehadt heeft waer in & vorders dinstigh magh wesen versoecke

3553 706 752 173 van te Conarderen

5327 824 648 185 Adij 17 febriu 1714

3457 840 1172 185 Londen Charles Hamilton

3567 941 2419 150 l seer aengename van P. desen wel ontfanghen waer bij gaeme sien

3547 1061 2508 130 dat ue niet twijfelt oft de tijcken wel sult vercoopen hebbe de bele

3520 1156 2495 156 heden op bougge versonden, & soo haest het cognosse ment becomen salt

3544 1227 2451 197 ue toe senden, hope u bij dese preuve bevinden sult, datter wat

3540 1335 2442 147 aen te ataneeren, sal sijn sijn laegh ingecoght guu, wel eenen

3528 1430 2412 147 schellinck t p ps gemontert, s sal mij aengenaem sijn, soo ul

3532 1506 2395 201 eenige gelieft te ontreden hier onde, aen den wat desen heeft

3523 1612 2353 198 ue de notitie hoe veel mij die ontrent cotten sullen, met de

3528 1723 2412 215 reghten in Englant dogh sonder de vraght dat niet weete hoe

3509 1816 2488 197 veel men p ps betaelt, dat evenwel soo groete seke niet maker

3495 1959 2475 173 can sijn oock met 2 p provisie belast als oock met 3 p. assurad

3519 2046 2412 204 vor de Zee considereert 1p hoogern als die staen, om dat te soo

3513 2163 2387 199 gemonteert sijn nu int rercoopen son men dat niet resenen, met

3526 2285 2504 168 eene resonable wintte sende mij contenteren, dogh het meeste

3443 2388 2570 178 dat ul becomen soude salt t' aengenaemtte sijn content gelt te

3511 2485 2486 195 preferreren ten waere ue goede luyden recontreerde & denentrest

3514 2622 2339 172 vanden tijdt rekende geleve te laten, hoe veel ue voor

3499 2734 2460 155 provisie quistaen voor den en coop poetendeent om volgens te

3503 2811 2482 180 reguleren, dogh alst contant gelt vercoglt wont effer geenen

3497 2928 2488 129 gusieo te loopen int vercoopen koort n eens van de suyden

3515 3041 2425 133 wat sij daer voor die sonten besteden sonden u kan de

3498 3171 2441 162 looven, naer u wel gevallen t gepasseert, skel gaerne

3500 3276 2073 128 vernemen u van herten groetende Blijve

3591 3390 2228 160 14 us ¼ 2 segels costen mij onten gelde ƒ9:-  3:18

3621 3477 750 143 6 d. ¼ groot loot

5116 3497 683 127 „ 10:10  „ 21:

3868 3546 68 73 4

3604 3592 689 167 10 d ¼ 2 segels

5163 3603 623 110 10:10 „ 21

5153 3680 645 159 11:10 „ 23

3615 3686 674 161 4 d. @ 2 segels

5157 3809 633 116 11:10 „ 23

3573 3776 838 194 24 d. A groot soodt

5088 3911 683 161 „ 13:10 „ 28

3578 3912 721 167 10 d. ¼ 3 segels

3580 4035 264 134 20 d

3873 4043 535 155 groot toot

5056 4045 701 158 „ 13:10 „ 27

3857 4117 79 102 10

3602 4155 746 181 124 3 segels

5047 4158 695 143 „ 15:10 „ 31

3595 4245 253 113 100 ps

3508 4297 2409 123 dit dicht maer voor ie memerie om vervolcens te reguleren hebbe leet
