8358 4671
921 152 1368 184 Brugge Gillie Jan Coppenolle

2817 182 631 167 Adij 11 april 1715

1086 264 2309 168 ue seer aengename van 29 31 past & 8 deser wel ontfanghen, met den

1044 405 2403 116 laesten de oncost ick van mijne 8 ballotten bekoopende in wisselgelde

1076 480 2286 167 ƒ 437:9:9: die nagesien hebbe & daccordt bevonden derhalven wert

1096 560 2209 161 u daer vooren gecoediteert, sien op dese ick wederom al eenige

1097 654 2253 163 ninwigheden waer door 16st gelangeert worden te weeten, soor

1073 735 2371 180 comercie, dat mij noydt voorgecomen is is eghter maer een bagatelle

1084 811 2367 217 seipper de wint, heeft sijne packen gelost en hebbe hem de vrage

1089 933 2320 190 al hier betaelt a 55 ps p vat u seght wel datter eenige voorstaen

1068 1061 2160 170 ders van negotie waeren inde regeiringe, dat de selve soo niet

1077 1145 2269 203 verdrickt aft uyt gesaeght soude worden als de comissarisse maer

1096 1220 2260 205 hunne vacatie trecken vrogen veel naer, oft wel oft qualijck uyt

1085 1363 2302 187 valt, dat godt betort, int cort hope veranderinge te sien, de staten,

1069 1488 2235 199 sijn besigh, met hunnen taris te reguleren, ade vinden, vans

1076 1602 2271 162 Rottersam doen daer ontrent hun devoir om de negotie lank die

1075 1708 2296 148 hant te trecken, ul hadde noch 30ps van de vraght aen Cwings

1095 1810 1355 160 afgetrocken bedragende  ƒ 10:10

1081 1857 2291 181 van te vooren pr accordt .. „ 10:108 ƒ 31:- sijnde just de vraght

1060 2026 2349 143 van 60 ps a 7tƒ 21:- wissel gelde waervoren u te samen de biteren

1090 2086 2222 137 sal, voorders, gelieve mij te laeten weeten hoe veel u betaelt heeft,

1075 2184 2197 157 voor de vorige packen door de seippers overgebroght, die hunne

1066 2308 2253 148 vraght nu a costiy hebben betaeet nu moeten ontfanghen, om

1061 2376 2307 150 u vervolgens te crediteren, geleve mede de notctie te senden voor

1041 2495 2302 172 de nodighe certificatien, diu ten achtren ben, voorders de comisen

1061 2619 2193 139 van comptar wilden niet ter goeden over het bescadight pack

1044 2708 2329 160 seggende regu. tot brussel moesten presenteren, dat sehelijck niet

956 2799 2378 174 doen sal, sij connen moderatie doen, als sij willen, die luyden,

1004 2903 2308 168 die luyden, verclaren hien al opentlijck tegen de negotie te sijn

1045 3000 2251 213 het is nu corts gebaert aen mijn broeder van michiel, heeft een

1049 3117 2261 180 nat pack van rott becomen & de comisen, hebben het selve

1049 3242 2264 139 laeten passeren, sonder rechten, daer voren te betaelen

1050 3352 2222 157 aen siphilip, soo dat te bemercken is, dat die bij alle hun

1055 3450 2280 207 ingeu reusheyt, noch consideratie gebueyken, geloove niet u

1036 3573 2259 203 f Jasper del compo daer over gesproken heeft, die man

1054 3665 2348 176 is met capabel soo danigh antw: te geven. terwijlen veeltijts

1031 3813 2344 171 hier sijnde de coopheyden gelooft heeft in alles te assisteren,

1033 3900 2326 212 & voorte staen, gelieve hem selve daer over eens te

1032 4066 2365 147 spreken & sijn antw: sal gaerne vernemen blijvende

1058 4154 1016 175 naer Cordiale groetenisoe

3502 196 764 174 ath Ignace horion

5476 222 648 144 Adij 11 april 3

3603 306 2450 177 ie me trouve honore p l'honneur de la tres aggreable vre du

3596 429 2526 179 y joint une remise de ƒ600:- argent de change a la charge de

3611 535 2462 165 mons. Charle Joseph tamineau a vue qui est accepte & a son esseunee

3593 620 2418 137 vre grace sera credite tous ma nouvelle marchandise est bien

3602 716 2441 158 arrive chez moy grace a dieu) ie suis presentement pourvue de tous

3589 821 2399 178 sortes a vre service ie vous dois dire mons. que touttes sortes

3570 931 2556 168 de marchandises est encor bien monte de puis la derniere part ce

3584 1019 2452 183 que j'aij eu l'honneur de vous vendre ainsij vous pouve vous bien

3584 1143 2471 147 reguler a ladvenant, en vendant ce que vous avez, esperant, que le

3541 1267 2470 157 debit sera mieux cette annee quil n'at este du passe & sil voud

3566 1357 2439 152 manque la moindre chose commandez celuy qui sera toujours

3566 1500 548 161 avec plaisiz

5400 1577 654 220 Adij 12 april 1713

3519 1615 920 188 fournant Jan B. robert

3579 1740 2409 135 in langen kan ue niet vernomen, hebbe gistre ordre becomen van

3541 1866 2548 128 Englant om 200 a 300 ps tijken te laeten macken naer dit ingeslote

3541 1930 2552 204 stael, soo versoeke te weeten, oft u die comissie wilt aennemen & op wate

3536 2028 2568 224 tijdt u deselve besorghen soude, geloove u aen het stael de qualitj

3553 2183 2573 156 wel kennen sal gelieve, mede de prijsen tenteren van elle

3554 2306 2371 169 soorten van de minsten tot de hooghste prijsen men seght mij

3539 2426 2518 157 dat de tijcken iets gevallen sijn, soo sende wel een groote partije

3534 2501 2470 202 coopen al waert tot 800 ps a meer, dogh ie soude van het beste

3533 2665 2516 148 & het scoonste goet moetere geven, versoecke, op maendagh toe com

3546 2763 2459 194 ende u antwe benevens de prijsen van alle soorten, om volgens

3519 2914 1577 159 te reguleren in afwaghtinge blijve

3470 3248 892 204 Gendt Miuhil Bogaerts

5451 3309 500 195 Adij d 1715

3525 3442 2511 143 sende aen ue heden pe waegeng op gent een packie gemarckt N:V:B

3506 3543 2536 168 droogh awel geconditioneert gelieve naer goet ontfangh de vraght

3520 3633 2478 174 te betaelenn als naer gewonte, sijnde voor rek. van meiouff de wed

3501 3766 2480 177 Pieter goet gebuer van Cortrijes haut in 14 engelsche sarges a3

3514 3837 2516 199 engelsche lakens versoecke, voor de versendinge naer cntrijeke te sorgen

3495 3979 2066 219 & sult verolbligere die blijve naer cordiale groetenestie
