7885 4637
2365 183 767 159 Adij 2 july 1712

585 187 1026 204 Rotterdam Dionijs verburgh

743 300 2452 145 op 13 pasto was aen ul. mijnen laeste, met eenige ingesloee breeven, om op

747 442 2486 128 engelant voort te senden sedert geene van ul. verhope ue den selven wels al

739 542 2502 169 sijn geworden voorders men adviseert mij dat de brieven van 17 d. tiverton

737 629 2489 152 als dat hienne schepen daghs daer naer stonder te vertrecken met een cost

2569 692 682 130 soude vinden om tot hosstj

750 753 2402 142 zon voij naer de deynen & dat se daer een andre convoiy, sta d gpreed

716 839 960 99 geon dus cent te worden het londonn

750 851 2404 168 teyten, convoij was mede gereedt om te seylen, soo soude het

761 913 2486 171 schtelijckx connen gebeuren, dat die te samen soude overcomen het soude

744 1055 2504 183 mij seer lief sijn arrivement te verstaen, wat ul des wegens vernenept ghe

751 1162 2502 170 liere te laten vreten aen die blijve met versoeck van den in geleyden londer

751 1286 2386 165 foute voortganck te geven, dit doende sult mij oligeeren

2642 1372 602 180 Adij 7 Julij 1712

561 1391 817 193 Londen Carles Kamitton

750 1527 2489 164 op 3 deser was aen ul mijnen leste waer aen mij gedragen sedert ben hier geinsor

764 1644 2483 125 meert van mijne broeders, dat eenige vrinden van castij hun bedienen int rem

765 1732 2483 118 itteren dan brieven op antwerpen a ½  segge een half p cento, mits dat

771 1824 2454 159 hunne voor de brieven del credere staen 1000 twiffele niet, oft ul: sal het

752 1905 2488 169 selve doen, & om dat gaerne met ul een beginsel van affairen soude maecpen

754 1996 2481 147 soo gelieve op mij te trecken op sight p casse drja vier hondert pondens

762 2123 2455 118 sterlins & W: sal die somme telle inden cxequer a ses p cente p annuue

773 2179 2480 191 vat voor ses maenden maer niet langer waer voor genieten sal dy te

770 2267 2389 196 cento voor deses maenden, men seght mij dat die sondse seer goet ue

787 2389 2467 167 maer soo ul oordeelt dat het inde tegenwoordige gesteltenisse van saeken

781 2454 2475 146 neet geraetsaem is, sijn gelt daer in te employeren soo sal ul daer niet van

769 2558 2412 176 doen, doch soo het ul: goet vint, versoeckee mijne ordre te volbrengen

781 2647 2468 155 gelieft te noteeren, dat naer de ses maenden gaerne netoune soude hebben

798 2783 2443 108 en dat ul voor de brieven sal maeten caveren, gelijckk andre doen voor een

777 2877 2474 148 half p eentto, de wissel is met de laiste brieven a 33:3 gevallen afgecome

769 2950 2490 173 son geloove dat onder de 33 p op sight sult connen trecken, doet als voor

805 3036 2437 200 eygen, en laet mij weten op ontfangh deser, wat ul. sal hebben geeffeetue

795 3156 2458 172 ent, dit doende sult mij ten uyttersten obligeren, & in aswachtinge met groot

773 3291 1514 150 verlangen blijve naer cordiale groetenisse

2617 3298 629 202 Adij 7 July 1112

555 3338 1018 193 brussel de wed: borremans

794 3457 2436 163 ul: seer aengenaemen van 3 & 6 deser wel ontfangen met den laeste

784 3563 2462 183 remise van een duijsent gulde wissel gelde te laste Cornelis pouwels

794 3671 2409 118 die den selven heeft aengenomen te accepteren soo diens dese toe

793 3772 2453 172 quitantie voor de selve het perpetuaen is al ende verve toegraen

798 3876 2450 152 en hope int cort claer sal sijn, hebbe groote moyte gehadt omdat

781 3975 2462 156 den verver om een stuck niet wilde beginnen, en doch om de la

810 4087 2430 114 andisie te hebben heeft het naer groote stactien gemaeckt te hebben

815 4159 2407 158 aengenomen, hebbe de resteerende seacken van die soorte gisteren

797 4284 2457 145 te gelijckx vercocht a negen entvrintigh guldens wisselgelde

3517 187 2439 158 soo om dat ul. vrildienen goeden coop & ten minsten gelijckx andre de selve

3514 285 2501 159 nou bedingen, soo sal het stuckx ul. oock maer a £29:- getelt worden  teyt

3505 416 2487 136 verscheere mejouffrouse dat al doen sal, wat mij mogelijck is om ul. wel te

3528 505 2455 142 bedienen, & sal maecken dat ul: altijt ten uyttersten content sult wesen

3515 555 2520 191 waer in apabel ben ul: eenige voorderen dinst te doen gelieve te comman

4426 684 111 117 D

3506 647 872 163 deren, die blijve

3299 742 892 174 gent Jan B. desadelere

5323 777 633 179 Adij 9 July 1712

3519 885 2497 196 ul seer aengenaeme van gisteren ondert couvert van mijn broeder Jan michiel

3524 958 2501 223 wel ontfangen, waer bij gesien de oncost rekeninge bedragende samen £3:17:5

3539 1086 2477 175 waer voore ul: op de rekpeninge van mijn broeder ten dancke is gecrediteert

3533 1177 2473 167 voorders wat aengaet het pasport gelt van de vier eerste packe, het soude

3525 1266 2464 181 lichoelijck komen gebeuren dat d heer coppenolle de selve betaelt soude

3521 1368 2508 201 hebben, om dat hij dat noch meer mael gedaen heeft nu soo sulckxx niet gede

3517 1466 2492 143 iet en is, is het redelijckx dat die oncosten t'sy tot brugge oft costij voldaen wor

3536 1559 2490 161 den, bedancke ul: uyt te herten voor de genome moyte & waer in capabel

3523 1666 2480 157 rl: eenigen dinst te doen, gelieve te commondanderen die naer groetenisse

3528 1741 336 129 blijve

3326 1818 1071 168 Cortrijck wed: Pieter goet gebver

5347 1759 634 207 Adij 10 d. 1712

3523 1883 2452 191 ue seer aengename va 3 deser wel ontfangen dae nevens de notitie

3506 2013 2402 170 van het stuck sevet pavie beloopende £6:10:6, dogh ue noteet

3507 2156 2486 118 niet oft het wissel gelt, oft u courant gelt is dat gelieve te laten

3523 2252 2501 126 wiete, gisteren avons heb het stuck we ontfanghen dogh bevinde

3506 2341 2484 156 dat het maer een elabreet is het behoorde een elle g&en talte

3508 2401 2477 188 te wjln, gelijck ue hwer getryet me dae is niet aengelegen

3499 2525 2433 163 ick geloove voor valt dat het maer courant gelt is, voorders

3526 2592 2375 206 vesoecke van die selve soorte oft alloy noch te coopen 15

3523 2712 2437 187 ellea amimelassen entrent de negen quaert breet oock parie

3512 2872 2468 131 & soo uls die ge negen quaerde breedt vint sal mij contenteren

3513 2925 2514 175 nae het proportie va het gesonden tuek se vet & gelieve h

3499 3043 2443 136 selve te versenden op de selve manide, gelijck het ander stuck

3509 3157 2498 133 sult mij ten wijtersten verobligeren den pris van het baeltin

3500 3246 2528 191 toyales waer van ul. het staelboeckie heft is meye twin

3490 3338 2527 196 quient wissel gelde het stuck, sa die ie vecoopen ƒ301

3518 3494 2330 145 de goederen monteren n engelant dagelijckx, soo dat de

3507 3580 2458 129 sarges beste 22 gb voor ne f22:- moete costen, & het soude

3502 3693 2489 138 ochtelijck geschreden dat se int kort noch meckelijck sullen

3492 3808 2493 155 gemonteert sijn in afwaghtinge deere ane antwoot

3507 3894 250 160 blijve
