7912 4644
807 175 2469 111 mij aengenaem sijn soo ul de vier resterende pac oen uyt berrige in arnaus

764 276 2451 142 de roij sult geladen hebben, dat sijn de twee beste schippers die in de

775 391 2448 116 daert sijn. versoecke van naer de versendigh rekeninge dan on lasten

796 488 2441 108 mij toe te stueren, & blijve naer Cordiale groetenisse met versoeck

775 558 1403 170 van den geleyde voortganck te geven

572 589 1246 233 amsterdam francisco Roussau

2687 621 590 202 Adij 18 Julij 1712

782 758 2498 172 bjde sie aengenaeme van 14 & 15 deser wel ontfangen, met den eersten remises

795 918 2477 136 voor st 200 intoree brieven op Jean Jaques Ceret in londen genoteen

773 987 2446 168 de wissel tot 32:8 bedraghde in brabants wisselgelde £326:16:4 dat

812 1085 2417 149 niet doccord hebbe bevonden moet maer sijn £326:13: 4soo hebbe ue

801 1177 2471 169 alsoo gecrediteert twelck geliete naer te sien, & toe benevens mij te note

833 1279 2304 143 ren hebbe ue traitte van £500 prompt verceert & ue gedibiteert

808 1355 2435 194 a 3 p voor £501: 17:6 met den laesten hebbe oockx ontfangen ue

805 1499 2470 158 remise voor £108:- 32: 8 sijnde L uls 176:8 s voor de welcke ue mede

800 1591 2478 174 gecrediteert hebbe tot ue governo voorders versoocke van mij noch

811 1692 2460 199 st £100:- a £150:- toe te senden, & oock de weirde p easte sight

814 1842 2378 154 te trecken daer is hier piant a  p 4avance betroehge laet het

808 1903 2446 211 maer van half  sijn soo doet als voor eygen doch boven de 32:8

819 2041 2383 139 op londen niet te besteden in afwaetinge d'eere van ue advis als

819 2136 2351 181 mede wat ue sal geaffetueert hebben blijve naer groetenisse

583 2206 1222 185 brugge Gillis van Coppenolle

2564 2247 596 149 Adij 19 July 1712

819 2346 2380 159 beyde ue aengenaeme dan 14 & is wel ontfangen, dien volgens sien de

806 2430 2419 171 thien packken p schipper Cornelis martens te gemoet, volgens sal ue de

795 2525 2482 167 drijf resterende packen, soo geen bij lander meer adroicture op antwerpen daert

821 2619 2413 126 de rapelincks schip op gent senden, & adresseren aen d' heer Jan PB. de hadelere

822 2721 2431 149 met ordre van p wagens mij taete senden, mits conditie dat het rapelinck

824 2802 2449 162 schip versien is dan behoolycke paspoort want anders wille niet riske

829 2881 2435 196 eren ingesloten sende aen ul mijnen tolbrief, om de packen in corne

845 2994 2436 192 lis martens te ondiriseren. sal ul. traitte voor ƒ400:- prompt den

832 3100 2434 180 eeren laet mij weeten wat costij ontrent het vertreckx van de goederen

832 3227 2397 152 passeert als de comisen de packen openen om te looden, sorght dat sij

839 3318 2377 141 soo reire niet open gesneden worden, & dat sij naerder hant weder toe

829 3399 2442 172 gemaeckt worden, want het is een schande gelijckx die messr. de goederen

836 3527 2439 152 hanteren, & sijn de packen by naer geheel los, voor aleer die thuys vy

812 3614 2446 189 soo recommandere hertelijck daer wel voor te sorgen  blijvede

645 3720 721 167 Mechelen P'aradaens

2649 3736 483 154 Adij 20 d

811 3821 2427 170 desen om ul te adviseren, als dat de prince sacges gisteren naer

835 3915 2383 161 noe hier aen de laey gecomen sijn met noch veele andere paesten

795 4049 2422 107 & worde binnen een ir oft twee geloft, ben nu voorlien van

817 4165 2411 131 goederen dat ue noyt soo een quantitijt sult bij een gelven hebben

828 4244 2378 160 alle engelsche goederen sijn generalter en gulden ongeslagen

5472 128 146 97 2

3520 180 2457 118 & die sacqes  iu aengecom sijn, softemons soo meer als

3525 252 2457 116 vorigaende men adviseert mij dat te int cort noch conerderabel

3518 356 2487 131 sullen menteren. blijve in afwaghtin teere vane hoer te san

3283 410 234 111 Mons

3545 434 606 112 nicolaes Hamalt

5609 443 372 144 Adij 20 Jully

5855 527 54 57 E

3536 515 2407 188 le 15me du passé fut a vre grace ma derniere, a la quelle je me refferre, depuis

3532 618 2494 122 receu l'agreable vre du meme date avec une remise de quatre cent quarante

3523 723 2523 119 deux florins argent de change a la charge de mons: Jacomo de Cloves, qui est

3538 809 2476 154 acceptte, & a son essande, vre grace sera credite, ie vous remercy pour vre bon

3522 906 2517 159 soin, nous fairons salder nre compte au premier voyage de mad. vre compa

3548 1014 2483 142 mons. la marchandise reste monter en engleterre, & on me marque quil y a pas d'p

3534 1063 2475 172 parence de deminuer, mais contrare, qu'il monterons en peu, encor d'a vantaque

3527 1171 2476 170 ce pour quoy, prennez une peut vos mesures a lavenant, ou je suis a rendre

3518 1228 2474 204 service commandez librement ie vous salu comme aussij vre chere

3530 1350 1120 144 familie & suis de tous mon coeur

3297 1459 865 142 mons antoine Gallopin

5376 1411 597 196 Adij 20 July 1712

3515 1548 2489 166 Belle ne severa que pour vous dire que tous les convoys d'engletterre sont bien

3534 1686 2507 130 arrivez & les quelles jay receu une partije de auxenviron trois mil ps tant sarges

3527 1747 2491 107 drapees roya les droggett que perpetuanis & c mais tous sorte de marchandise est

3531 1842 2466 93 en cherie, En engletterre, & tous les sarges, qui sont arrivee, nous utent un

3528 1935 2501 130 florins plus que les precedents, & on me marque que nos sarges seront monte

3508 2016 2529 110 un peu bien d'aventage jainsiij mons. je vous conseillerez de prendre de mesures

3521 2103 2500 125 a lavenant si la paix s'avance, comme elle est en bonne chemain vous verrezz

3536 2174 2511 156 un grand changement dans nre negoce cependant ou ie suis bapable pour

3544 2259 2466 156 vous randre service commandez librement celuy qui at l'honneur d'estre

3293 2348 941 108 Londen Charles Ka maltons

5434 2381 569 143 Adij 20 July 1712

3533 2430 2504 183 ul: aengenaeme van 4 deser is mij wel geworden waer by met verwondringe sien dat

3524 2567 2512 136 dat ue voor 1p voor provisie, & instaen van brieven, die ue remitteren soude mij

5124 2668 289 60 vestaen

3545 2632 2457 171 bedienen ue moet mijnen brief van 7 deser niet wel ontfangen hebben, iet die

3527 2746 2506 135 noch eens naer dan sal ue bevinden, dat segge, dat mijn broeders costy van andre

3528 2809 2458 114 vrinden bedient worden voor instaen van brieven, & provisie voor ½ p & dat

3526 2889 2509 161 niet twijfelde oft ue mij oock soo bedienen soeede, ue sal niet bevinden dat genoe

3528 2977 2517 165 eert hebbe 1 8e gelijck stelt, doch geloove dat het een u buys van ue penne

3528 3070 2501 170 is geweest, nu segge noch mael dat ue maer ½  voor provisie, & in staen

3537 3149 2502 167 van brieven, soude geven, een ider wort daer voore bedient, soo versoecke van

3546 3237 2488 148 mij ue antwoort hier op te laten weten. voorders, ue hadde mij op getrocken

3530 3349 2523 176 to£ 400:-32:10 sal ue traitte prompt vereeren, &ue vervolgens debiteren

3532 3436 2419 172 daer sijn hier ander betrocken a 32:9 en wil niet twijfelen oft ue heeft de

3544 3508 2488 153 £400:- voor nu in den coocquier geleyt, vast voor ses maenden volgens mijn

3518 3641 2494 120 ordre & dat ue geen tijdt sal versuymt hebben tegens het begin van februare

3527 3736 2489 159 toe comende, soude de ses maenden geexpireent sijn, & dan soude daer retau

3518 3824 2493 137 van hebben om dat de ordinairissen de wissel, om die tijdt ten hooghte is

3531 3933 2475 106 recommandere hertelijck van mijn intrest waer te nemen als ue eygen

3534 4003 2466 112 blijve in afrachtinge te verstaen, wat ue sal hebben gerffectuert, & waer

3526 4121 2355 139 in mede capabel ben ul dinst te doen gelieve te commanderen
