8392 4630
1056 88 2255 192 2de son cntande vesen dit de cissen ae   l

1056 214 2335 180 stellen alarresteren e antwoort te gemoet siendeblijve naer

1050 349 845 173 Edwaerd I groetenisse

1070 458 258 178 Besorg

1161 555 938 169 sel stephano rousseau

2870 541 482 190 Adij 23 sber

1054 681 2335 175 je me trouve honorez p les plus aggreable vres d a 8.10„15722

1058 802 2253 170 courant p celle du 15 advis de vre traitte de £100:- en

1054 903 2241 186 faveur de mons. Jacomo rousseau que jay payez avec la

1005 1024 2278 156 derniere la lettre de ƒ2044:- sur l'heureuz que ie

1067 1100 2208 197 vous renvoye cy joint a vrc protett en forme, il y a

996 1181 2289 225 d'autre choses a vre services commandez librement.

1053 1351 1364 231 qui ett de tout mon cour

2701 1525 658 161 Adij 24 xber 1714

921 1516 932 199 twerteon Aen rij Blagdon

1077 1624 2224 194 op 3 deser, was aen ul mijnen laette met remise voor £200:-

1055 1719 2234 171 ten laste daniel hays in London, vorders referrete, mij aen

1007 1858 2368 161 den selve sedert geene van ul: becomen blijve eghter in afwaghtinge

1045 1955 2236 153 te verstaen dat de voorge melde remise al wel geworden is

1052 2088 2046 137 & de resterende geordoneerde goedren, blijven met desen

1073 2185 970 164 noch mael geconfirmeert

1078 2232 2283 232 nu hebbe wel eenige perpet. nodigh, van de gemeijne soorte

1074 2333 2266 237 soo gelieve de selve te besorghen, om met Buridge te versenden

1078 2493 2140 185 sijnde van prijsen als aen den voet deser & soo u die niet

1082 2598 2221 185 sout connen versenden met doors inrige, soo versoecke

1076 2694 2235 199 aenstens te laeten weeten sijnde dese qualitijde gelijck

1073 2781 2193 242 het baettien & 203 is geweert tot u manght die sijnde

1077 2956 2142 176 het nodighe deses & dat blijve naer cordiaele groetenissel

1579 3046 1548 234 teprepareren voor daniel gerardo melijn

1403 3192 1870 209 de volgende 30 ps witte perpet. naer de baele

1489 3292 1863 218 N 203 & de selve te nombreren als die geeeet sijn

1472 3451 451 137 te weeten

1635 3518 1384 206 10 witte perpet. N:1. a 484

2385 3635 698 155 „ 2„ 421s

1646 3655 223 149 10 d

1635 3765 227 175 10 d

2399 3751 649 180 93„ 39

1388 3862 1449 198 Syn 70 ditto pories ie me cuele

5881 125 131 122 1d

3457 181 652 180 Brussel Piere reeg

5221 182 756 150 Adij 24 sbre 1724

3538 315 2367 134 il vous envoye aujourdhuy p la barque marchande un ballot

3545 411 2474 89 marque TX pour compte de mons. Nicolas hamalt de mons

3548 490 2535 123 contenant 11ps sarqes d'engletterre, il vous plaira sur vre son

3546 573 1858 167 ordre pour encheminement, fout obligerez qui est

3501 706 1128 210 Brussel adrianus van den dries

5354 767 564 186 Adij 25 d 1714

3531 871 2494 192 gerhope de goede thuys comptte seggen verhope de goedren die u toegesonden

3537 1010 2475 147 hebbe op 9 deser wel sult hebben ontfanghen sedert sijn mijne packen van

3547 1076 2468 141 brugge hier aengecomen waer onder de 5 drapeen die u huysvrouwe op de

3529 1209 2443 161 staelen heeft gekoght & hebbe de selve aen ue e beurtschip toegesonden in

3507 1305 2405 180 een packie gemarckt A.V:7. geluve mij te crediteeren, als volght

3631 1393 2382 204 op 23 sber 1714.„ 5 sarges bette drapeere stan 2gdy a ƒ 23:15 ƒ118:15

3527 1519 2496 199 in wissel gelde &waer in ue voordren dienst can doen gelieve te command

3529 1648 2557 149 eren: daer is nu wederom een niuwe beswaerenisse op onse goederen

3548 1752 2465 173 gecomen, te weeten in de waghten van brugge, hier op sijnde an

3517 1887 2528 144 derden deel meer als oyt betaelt hebben groete u dan hert en ablijve

3479 2017 1084 212 Brussel de wed: Borremans

5403 2017 580 215 Adij 25 p 1714

3531 2143 2471 221 ul: seer aengename van 21 desen wel ontfanghen dien volgens, hebbe

3530 2274 2574 200 u toegesonden p beurtschip de 5 drapeen, dogh dat ul gelieft de e

3527 2438 2357 183 noteeren van ƒ 23:5: can bij waerheyt niet sijn terwijlen de de

3527 2474 2544 262 goedren, soo veel hooger in prijs comen, als genoteert hebbe boven

3479 2660 2531 200 dun isser buyten onse weete, wederom een besware nisse op onte

3517 2814 2510 174 goederen gecomen ontrent de vraghten van Brugge op antwerpen

3488 2927 2535 179 & dat wel 35 pt hooger beloopt, als oyt geweett is gelieve mij te

3500 3041 833 186 crediteren als volght

3624 3105 2390 243 op 23 sber 1714„ 5 sarges superfijne drapeen Han 22 gd. aƒ 23:10 ƒ117110

3539 3252 2389 210 in wissel gelde, dat meer vandere couleuren hadde, soude die seer

3524 3403 2491 201 lichtelijck ƒ24:- vercoopen ue verwaghte ent cort noch een baeltie

3548 3504 2434 155 van de selve couleuren van 10ps can u daer mede denst doen

3519 3645 2256 177 gelieve te commanderen, als oock in andre occasie, die blijve

5382 3748 527 155 Adij d. 1714-

3502 3765 1024 165 mechelen Pieter vander Buck

3536 3912 2455 116 in lange d'eere niet gehat van ue hier te sien desen sal dienen, om ue

3559 3933 2472 218 te adviseren als dat het groot engels convoij met sarges wel is gearriveert, hebbe

3527 4057 2466 224 gistren mijne packen thuys becomen, waer onder seer schoone bastarder

3543 4182 2415 193 2agdy royaels 24 gby als prinse sarges becomen & andre goedrer

3547 4324 2414 109 naer advenant tot udientte, verhope int cort dere van ie hier
