8372 4637
2728 152 605 137 Adij 10 te 1710

901 185 898 144 Dorninck simon Donné

1079 238 2271 153 le 19me passe fut a vre grace ma derniere depuis sans vre a le

1072 333 2289 182 quelle ie me referre, comme nous attandons a tous menant

1065 387 2359 203 l'arrive d'un autre convoy avec des sarges & autre marchandise

1061 522 2321 165 p la quelle j'aurez encor une grande partie de touste sorte

1058 586 2227 158 & que ie suis en necessite pour de largent ie viend p cette

1067 721 2180 125 vous prier de me vouloir assister avec quelque remises

1068 786 2217 176 vre grace me faire un sensible plaisir ie vous assure

1053 867 2248 204 mons. que ie l'ay grand besoing puis que nous devons payer

1076 995 2210 152 toustes marchandises argendt contant esperant cette grace

1076 1048 2232 213 ie vous salue & suis avec offres de mes services en tousses

1073 1197 411 114 occasions

2743 1248 286 195 Ady d

951 1286 748 188 Ath Ignace horion

2858 1367 240 83 I voire

1012 1408 2267 170 depuis le 18me xber passé que j'ay eu l'honneur de vous icy rien

1034 1487 2232 153 de vre grace cependant jettois en espoir de recevoir quelque

1060 1563 2291 139 remises de vre grace & comme ie suis dans une grande necesite

1058 1668 2259 175 pour de l'argent pour remettre a mes amis en engleterre

1075 1749 2237 189 ie viend p cette vous prier de me vouloir assister vre graces

1068 1840 2197 183 me faira un sensible plaisir ie suis  que ie dois

1056 1904 2285 197 vous prier cependant il faut que ie m'en tienne mon credit

1060 2012 2308 209 en engleterre pour advenir ie vous assure mons. que ie ne

1079 2112 2286 150 vous importanerez point estant seulement pour cette fais

1075 2204 2261 189 esperant que cette emportunité ne vous facherez pas

1077 2294 2224 212 & sil y a quelque chose ou ie vous puis rendre service

1066 2416 2330 138 aye la bonte de commander celuy qui a l'honneur destrez

1066 2539 627 156 tres cincerement

2724 2612 626 189 Adij 23 febru 1715

979 2621 1065 245 Brussel de wed: randour

1106 2768 2268 129 Je vous envoye aujourdhuy p malines p cariot un petit paque

1047 2826 2328 227 pour compte de mad. Condry de mons bien conditione marque

1088 2910 2235 211 V.C.C contenant dix & sept ps de sarges dengletterre il

1065 3053 2268 156 vous plaire de suivre son ordre pour lencheminement

1072 3169 916 174 vous obligere qui est a

2801 3250 418 196 Adij d. 1715

931 3278 866 200 Bergen wed: Candry

1084 3401 2222 142 il me trouve honnore, p l'aggreable vre du 21 courant y joint de

1087 3474 2174 165 eschantillions & ordre, pour vint ps de sarges de la superfine &

1085 3595 2219 121 milleure qualite, entre autre beaucoup de jaspus, j'ay fait tous

1075 3680 2229 169 mon possible, pour les choisir, & j'ettois oblige d'ovoir quatre

1082 3761 2305 152 ballot & ne peut trouver, que dix a sept ps. done cy jeint les eschan

1073 3878 2259 120 tillions estant paete ensemble dans une ballot marque VC:C:

1068 3948 2292 150 et partira en suite a vre ordre p malline pour bruxelles demain

1079 4046 2145 155 aussy jesperre que vous les aurez lundy il vous plaira me

1059 4158 1068 171 crediter comme censuitte

3587 183 2450 147 le 23 farier 1715 9 sages beattardes septies a a e my a ƒ13:10 ƒ 21:10

5953 250 97 118 206

5319 264 646 134 229„ 24:-„ 192:

4119 260 865 145 „ 8 ditto bastardes jaspees

4148 370 269 143 17 p:

5119 347 920 180 Ensen e en agenrde Ceare 403:10

3570 457 2472 185 paijable dans la ville d'envers ie les ay mis au prix le plus moindre pour

3579 572 2437 117 ladvenir in devrons couter les basse couleurs ƒ 24:- & les jaspee ƒ24:10 a

3552 664 2375 164 ƒ 25:- la marchandise monte de jour en jour ie vous envoye cy joint les

3589 748 2348 179 eschantillions de drogetts le plus a la mode & dun qualite sans

3560 823 2519 215 pareille le prix est de 15 pattars argent de change p aune cependant

3548 931 2391 178 je vous les donnerez a 14 ½ sols pour vous animer & pour entretenir

3559 1026 2384 205 l'honneur de vre calandise s'il y en a qui vous aggrent ayez le

3563 1151 2427 134 bonte de couper un petit morceau de chaque p. & de me senvoyer a

3557 1162 2521 243 la reception la carte deschantillions aussij il vous plaire me donner

3572 1333 2379 183 vre ordre pour l'encheminement s'il y a d'autre chose ou ie suis

3564 1444 2068 182 capable a vous rendre service commandez celuy qui est

3548 1568 2341 228 ie viend de recevoir a luurtant de mes autres a mis ordre de leurs

3554 1709 2466 143 envoyer des eschantillions de drogetts ce pour quoy ie vous prie de me

3553 1794 2417 165 renvoyer cito posible les eschantillions apres que vous aurez choisie vos

3542 1937 1448 160 couleurs ce sont les uniques que j'ay

5527 1983 500 202 Adij 23 gebrurr18

3490 2058 891 197 Brussel Jan De Broe

3557 2163 2460 168 ul seer aengenam, van gistren soo aenstons ontfange daer benevers eene

3556 2274 2337 150 remise van drij hendert een & vijffigh galdens wisselgelde ten laste

3537 2331 2501 197 dheer jacomo de cleres, waer vore u op sijn tijdt sal worden gecrediteert

3538 2432 2412 167 desen sal dienen tot quutantie voorders u versoeckt noch een

3528 2542 2508 204 perpet van ƒ36:- predicheerere swert & dat niet minder van quaeit

3552 2625 2475 235 ijt megh sijn, als het ronge soo segge dat present van de selve

3535 2714 2404 178 soort met meer bij hebbe, maer wel eenige die 2t ps stucke

3550 2882 2452 146 minder sende comen, het ronge, was N2 a dese sijn N3 sonde

3532 2937 2507 221 cotte geverft ƒ 34:-, soo gelreve te laeten eete oftu met dese

3529 3061 2494 171 sooite dienst can doen het versul is wijnigh aen d'andre  het

3528 3149 2469 183 soude al goede henders moeten sijn, die dat bekenne soude tot

3552 3262 2452 197 e naright, considereert, dat het oock van de groote dierte niet niet

3544 3386 2452 166 en is daer sonder oock van hoogre prijsen die predicheeren

3531 3440 2493 197 swert souden moeten costen ƒ 40:- soo versoecke n antw hier op

3523 3549 2500 221 benevens u' ordre tot d'een, oft d'andre dein afwaghtinge blijve

3547 3687 1272 184 naer verindelijcke groetmisse
