8173 4644
970 164 2346 124 welle wel devoiren doen, om ue aen de penninge te doen gereken

956 226 2281 138 maer mij selve in die sacke niet in wichelen, ick hebbe meer als 30

944 317 2265 120 mael ten huyse van allefele geweest, & noodt het minste konnen

945 387 2312 144 vernemen, hoe veel hij van de goedren gemaeckt heeft, hebbe heden

942 466 2301 164 noch mael tot sijnen huyse gesonden & weder een blouw antwoorrt

948 557 2288 153 gecregen ick sal hem niet meer na loopen we geere mijn respect

960 641 2315 148 voor dien vent niet te buyten te gaen derhalve gelieve aen hem

934 719 2287 146 te schrijven & ins alloson, oock, op dat gedere minste geniet de

928 811 2394 195 penninge die soo lanck onder hem gebleven sijn geloove erden borg

948 888 2331 198 int corteenegl gelt brengen sal, dat ue sal adviseren blijve

972 1028 1139 165 naer Cordiale groetenisse

917 1096 2239 207 R. hebbe alleseld op de borse noch maek gesproken, aaf mij een

946 1218 2311 178 verkeert antwoort waer over ick gesackeent was, &mijn sentiment

947 1312 2249 170 pabliek gesijt ick wil met hem niet meer te doen hebben, soo kan ue

942 1401 2285 167 dsagh vervolgens reguleren, schrijft hem deijdelijck een brief van

915 1487 2095 160 pichantoe sal loon naer wercken hebben, tot ue governe

2857 1572 101 73 me

2582 1570 694 188 Ady 8. mey 1713

762 1600 762 175 brussel Cornelit le faijs

960 1696 2281 174 ue seer aengename van 29 deser wel ontfanghe hebbe wel met groot

946 1781 2330 190 gevoelen verstaende doort van dhie tousseau, den selfsen dagh

900 1907 2390 179 von sijne aflijvigheydt, de twee payementen die ue gedaen het

943 1974 2369 206 syn mij geadviseer geweest soo dat ue daer vooren alis gecreditur

919 2057 2345 165 den soone vandhen rousseau, oft meion. de wed: sullen de affaires

915 2159 2393 199 centinueren, soo als ue gelieft & dander vrinden iets sullen gelie

934 2297 2373 124 te betalen sal de quittantie van deen oft dander valrderen als mjn

936 2361 2273 177 eyghe versoecke an mons. de weme & mos. volshant daenr

929 2477 1780 177 pennisse van te geven, sult mij verobligeren

940 2550 2396 221 wij verwaghten alle oogen blicfen te verstaen het arrivement vant

946 2658 2308 218 groot convoy met sacqes, wae mede groote partijen sal become

940 2767 2330 194 len sortement sonder wegael, de sacget & alle andere goeden

960 2892 2292 169 sijn seergemonteert de beste sarges moeten present ƒ24 het

941 2999 2247 168 stuck scoften, staen noch meer te monteren  ss gouverno

951 3085 2285 215 wher in ice eenigen diust kan don versoecke te comanderen

905 3217 1331 187 die blijve naer Cordiale groetenisse

2821 3283 495 217 Adij 2 ditto 1713

983 3356 704 116 ee chin th un  n come

717 3406 1045 165 brussel franciseo Rousseau

971 3460 2362 188 ue seer aengename, van 30 pasto uyt brussel wel ontfange, daer bene

970 3589 2369 152 vens twee wissel brieven op londen beloopende samen stƒ225

966 3683 2356 136 op 2 uso ten laste Jacob wachter, genegotent a 35: 7 n t1l0 453:13:9

964 3773 2362 158 waer voore ue wert gecrediteert ue remise van £300:- a uso ten

964 3914 2265 125 laste loous jollij tot brugge is geaccepteert souden noch wel

953 3966 2358 155 partije op amst. wille afgeven soo gelieve op ontfangh deser

941 4099 2372 152 te laten weten aen wie mij addreseren soude in afwachtinge

961 4142 2365 169 blijve naer cordiale groettenisse aen ue gaen de geheel

964 4279 2374 137 fainelie aen wie mijn compliment van condolientie gelieve te maken

5902 146 116 112 1

5429 208 571 145 Adij 4 meij 1715

3372 207 633 172 twerton John upcold

5694 306 75 62 a

3547 268 2488 168 ue seer aengename van 8 deser & 15 pasts wel ontfange, dien van 8 d. voorgistren

3558 404 2488 116 maer eerst ontfange met facture & stalen van een treede bale met 60 sarge

3552 471 2471 164 degi N30. die met mijn ordre geconfronteent hebbe, bevinde naer .3:4

3532 572 2484 118 van 18 meert, niet een stuck de olives alle van een couleur waer van

3529 666 2501 147 genogh bij hebbe, & de lichte mij manqueerde de chetits oft prince cou

3518 758 2504 147 leuren connen bij comen, de gale chades naer N. 22: 3 bevinde

3545 900 2507 139 niet een stuck daer bij magh comen, de groen schades naer N. 22: 23: 24

3537 981 2469 166 bevinde maer 4 a 5 ps te weten 3 ps in N. 166: 82 ps in N. 167 de andre

3528 1069 2477 175 seer seelijck en onverkoopbaer couleuren, ick sien wel, dat ue gelijck

3536 1177 2476 170 niet garen mij bedient, te twijlen ue sent al wat ue voor d'hant comt

3535 1248 2515 201 & die groen schades steelt ue noch a 39 p ue magh met dese doen, gelijv

3521 1352 2460 204 ch, met de andre, want begeire, die niet, heeft ue geen couleuren

3519 1456 2456 195 connen becomen naer mijn stalen, hadde geene moeten senden

3528 1588 2509 151 gelijck altijt genoteert hebbe, te weten de stalen precies naer te komen

3535 1662 2482 183 oft geene te senden, sal dese twee packen t tot ue disposit ie

3496 1755 2517 175 laten tot ue governo ue sent wel betere couleurer aen andre

3536 1885 2494 118 hier die daer mede leuren gaen & door de tweederde hant mij gepre

3532 1960 2488 181 senteert, betercoop, als due mij souder costen ue van herte groeten

3449 2037 494 166 de blijve

3367 2132 938 186 Retterd Diouys verburgh

5448 2146 579 173 Adij 4 ditto 1713

3384 2270 2613 169 beyde ue seer aenganame van 81 iannary lest &2 deser wel ontfange

3544 2363 2411 179 bedancke ue hertelijck voor de goetheyt, die ue heeft van van mij d

3521 2467 2459 155 arrivementen van de thops hamse schepen te laten weten, soo lanegq

3516 2535 2480 190 de andre oop lieyden den wegh voor hunne goedren over oftende

3522 2652 2501 167 nemen moete van gelijcke volgen ick en noch eenige andre principal

3521 2756 2451 139 sijn doende om die roete te beletten, terwijlen aen ons selver seer

3510 2807 2482 204 sehadelijck is, sijn gesint een controet te maken waer bij eennde

3513 2960 2495 141 van dese stas sijn selven verbinden sal van niet een staek over

3497 3051 2543 161 ostende  te laten comen op vertearte van scheren

3509 3134 2515 172 somme hope een goet effect sal hebben, die van brugge en gen

3514 3252 2502 183 sijn met capabel een tschepeen te doen volladen, soo op de se

3511 3348 2479 170 maniee, sal die roete sigh self verbeeden waer mede blijve

3525 3436 2489 187 naer groettenisse, met versoeck van d'ingelijde voort ganck te geven

3690 3530 327 125 pcod

3526 3577 2454 206 naert scryven van desen become de tijdinge dat bwings, tot

5353 3723 164 77 taleul

3517 3712 2429 158 ostende is behouden gearriveerd, soo hebbe de van die twee

3508 3825 2505 108 bale noch eens voor mij gelijt sal daer van aenveerden de

3515 3894 1929 203 baekeens  ½: ¼ patientie quyt  50

5429 3932 484 112 66168 in

5454 4007 152 111 50

5699 3995 102 91 6

3505 3991 2498 232 d'andre baelteens, sijn noch eenige, daet naer ue wel behagen

3511 4129 2479 189 de rest soude, tot geen prijs aenveerden a governo laet mij cito

3516 4267 2489 179 ue resolutie weeten om vervolgens soo te reguleeren soo ue te

3533 4325 1159 125 vrede is sal cils remittere
