8228 4658
751 165 1187 213 Brugge Gillis Jan Coppenolle

2733 214 588 146 Adij 7 sber 171

906 305 2412 203 s aengeno van gietren wel ontfanghen daerbj vernemen het amrement

902 452 2361 158 van Cradferd, ingeslote heeft u de certificatie vant pack N. 7 met 25

907 552 2402 160 serpit waer van 1po volgens mijn opinie voor prapper sijn sal mas

899 673 2428 147 op gelieve te letten eghter hebbe de certficatie voor i5 gislaeten

882 777 2443 174 seryven, hope morgen van u het arrivement van vridge te

898 898 2418 170 vernemen, terwijlen vaerdigh was met den eersten wint tekeghn

894 992 1161 194 groete u van herter 2 blijven

902 1154 2254 159 laet het pack te eersten bij sander adroiture mij toegesonden

898 1294 268 111 swerden

2672 1315 540 193 Adij 86: 1215

752 1340 1007 255 Gendt Michiel Bogaert

915 1449 2398 229 hebbe gistren aen ul gesonden p reurtscip op gendt een pack droogh

901 1596 2422 196 awel geconditioneert gemarc kt W.D.CP. voor Re P. van mejieffr de we

902 1726 2422 137 Pieter goet gebuer tot certrijck in handen sijfaserentigh stucken engelt

898 1865 2425 150 sarges, soo gelieve haere ordre te volgens vervolgens te verclaren

891 1935 2437 191 de serghe ade corste expeditie, tot de versendinge weit u van herten

905 2059 1953 198 gerecommandert dit doende sult verobligeren die blijven

780 2197 1175 225 brugge gillis van Coppenolle

2633 2241 551 158 Adij d: 1713

905 2404 2317 135 u seer aengen van gistren wel ontfangen waer uyt met genoege

899 2463 2406 191 verneme het behanden arrivement van Jan Buridge gunier hier aen

893 2614 2364 142 den voet deser heeft u de notitie van de packen voor mijne rek. in hem

880 2732 2438 137 geladen die vervolgens gelieve te verclaren &op het spoedighsten & beurtma

907 2820 2413 156 adroiture te versenden onder het geleyde van mijnen ingesloten tolbrief, dog

899 2915 2425 172 in een goet seip te laeden, u sal het pack p scipper cradford van soude

883 3025 2428 179 gecomen, met de andre gelieve te versenden, gelieve cito te laeten weeten

904 3154 2409 140 oft u alle mijne paeken wel geconditioneert bevint &blijve naer cordiale groeten

1353 3234 1556 174 Rn Jan Bouridge voor Rek van D. g melijn

1507 3352 749 131 93: met 60 sarges

1509 3442 722 145 „ 94„60 ditto

1858 3526 361 100 „60 ditto

1517 3533 199 109 „95

1515 3599 688 149 „96 „60 ditto

1854 3705 380 116 „60 ditto

1576 3718 140 104 97

1472 3799 746 123 44 met „ 15 ditto

1841 3857 728 174 „ 40 ditto drogetten

1494 3888 207 95 „ 44

1470 3959 759 166 & 7 .„ 40 ditto

1611 4063 113 97 &

1862 4053 373 139 „ 40 ditto

1602 4151 122 158 L

1841 4105 1476 194 „ 35 perpet 1ps fardelur maer 34 ps te

2045 4227 350 140 verseeren

1335 4281 818 147 sjn 13 packn  N30 gest

5952 172 138 130 12d

5447 271 623 172 Adij ggler 1715

3458 209 1209 217 Brussel de wed: Henneo borremans

3551 371 2456 183 op 14 past. was aen ue mijnen laesten met advies van 5 ps. larges al en

3552 491 2486 124 stuckie van meionffr rens, sedert become u aengename van 8 deser waer by

3550 614 2498 121 met verwonderinge sien, dat mijnen voors iu niet geworden is, de 5 pos sijn

3545 669 2457 205 selle van de star met den naem a hebbe u gedebitent in wisselgelde

3546 786 2519 221 op 2 4 aug 1715 „ 5 sarges beste bastardes star a29b4 a ƒ 23:10 ƒ117:10

3559 920 2482 202 segge tot antw. dat van die meulders couleuren present geen hij hebbe

3535 1056 2540 198 registren, hebbe tydinge become dat het convoij behanden is gerarivert

3546 1130 2517 203 maer mede een groote partije sarges beceme dogh oock niet even van

3535 1285 2525 146 de oulders na 2e stael, al hoewel die geordoneert hadde, bevinde eghter

3537 1413 2446 190 eenige na ie stael geras peirt, sijnde gesrtent met andre geias peerde tot

3536 1544 2515 176 u drenste, oock van de star met den naem maer moeten ƒ 24:- gelaen

3521 1640 2526 200 become mede une hoone partye perpit van N:60:70:80 & 100: oock

3519 1754 2523 175 seer scoone drogetten a drapeen, waer in capabel e dienit te doen gelieve

3524 1872 1985 206 te commanderen, die blijve naer cordiale groetenisse

3503 1990 2574 204 P bevinde onder de reyaeles van de star met den naem twee meulders

3515 2155 2564 176 volgens ue stael iu daer mede dienst connende doen, gelreve te comman

3479 2227 266 144 deren

3465 2371 619 147 ath ignace harion

5346 2357 649 207 Adij 11 sber 1715

3524 2514 2486 138 j'ay recue l'aggreable vre du 9 courant y joint une remise de quatre centionante

3505 2609 2554 162 aeing florins argent courant sur mons suquet Banqueer a bruxelles & a son esseance

3521 2689 2545 155 vous en serez credite, vre grace me demand encer six ou huit ps de perpett, comme

3515 2801 2556 181 les diust que vre grace at choisie chez moy, quelte ie laisseray encor blanchin

3508 2919 2513 162 aujurdhuy & cito qu'ill serent fait sar ie vous les anvoyerez, suirant vre

3524 3005 2504 169 ordre, & j'aurez soin de choisir les plus finnes & couvertes dene soyez persuadez

3509 3139 2495 153 que ie vous servirez toujeurs a vre gret asijl y a dautre chose en quoy

3518 3254 2467 184 que ie puis rendre service ayez la bente de commander celuy qui est de

3506 3386 428 177 bon coeur

3882 3459 2130 211 Monsr daulyn est incommode avec la fievre  j'esperre avec la

3861 3632 1470 172 grace de dieu, quil sera bien toit quonte

5135 3720 652 224 Adj 13 gber 1723

3419 3748 849 208 Turnhaut Egrdues saenen

3513 3892 2507 154 sedert, dat u mindelinx ordre gegeven hebbe, tot het maeken van 100 ps tijken

3503 4017 2520 130 sijn strepies, hebbe brieven van mijn wint van sonden become waer mede seght

3522 4121 2497 146 wel 20ps van die lijne roode strepus voor eene preuve soude begeiren, maer

3505 4204 2453 163 van meerte costen als dandre, magh niet betteden hij seght, oock dat die

3527 4304 2488 136 teyhen soo daer cemen in te costen datter geene avance een saspreckt
