8385 4637
1121 191 2284 89 hebben een pack van 60pp van Rotterdam op antwerpen voor

1124 268 2221 134 18 ft: hollants courant, laet e considereren wat dat sult tet

1097 321 2322 177 u governo, gelive op ontfangh deser mijne ret pourant tao te sonden

1098 449 2296 145 terwijlen het jaer geijndight is & dat voor het eyndigherevant jaer

1101 533 2265 164 alle rek sluyten in afwaghtinge van de selve blijve naer ul

1117 640 2166 190 reciproquelijck gewenst te hebben alle legen gbenedictie in het

1103 755 1911 179 aen staende niuu jaer e groete ul van herten

1681 886 1300 196 Dntschip Jan John Barudge Tunior

1832 1012 1008 164 Boort Rek. van d 9 melijn

1553 1136 987 150 1 pack  76 met 60 sarges

1609 1214 870 141 ditto „ 27„ 55 ditto

1580 1291 899 155 1 ditto „ 78„ 30 ditto

1578 1395 914 151 1 ditto „80„ 60 ditto

1572 1502 927 162 1 ditto „ 82.„55 ditto

1577 1597 937 161 1 ditto „ 82„ 55 ditto

1582 1713 927 177 1 ditto P 57„ 40 ditto

1581 1831 915 144 1 ditto „ 58„60 ditto

1624 1907 1751 213 ditto  25„ 36 dooget aiperpet fardeliur betaelt niets

1596 2055 967 166 1 ditto N„26„ 60 sarges

1603 2149 930 139 1 ditto „ 27„ 30 ditto

1607 2204 1794 185 1 ditto„ 32:„ 22 droget& iperpet fardelier betaelt niets

1573 2339 1285 198 10 dacken wmet 1560 sarges 229

1122 2445 1008 173 hies ingesloten t den tolbrief

2743 2627 647 151 Adij 2 pxber 1713

1120 2609 907 205 Brussel Step: Rousseau

1111 2712 2256 146 le 17 fut a vre grace ma derniere a la quelle ie me referre de

1107 2832 2260 149 puis sans vre celle ne servire, que pour vre envoyer vre compte

1141 2944 2274 142 courant p la quelle me viend p salde ƒ740:10 ½ £123:8:5 etd

1110 3016 2247 157 que il vous plaira examener & le trouvant juste m'en crediter sur

1125 3129 2222 119 le nouveau ensuitte vous priant de me donner advis s'il est j'ustes

1110 3207 2250 147 pour me reguler a ladvenant a vous souhaittes les faittes

1089 3285 1847 156 de nouelles tres heureuses & suis de tous mon coene

1121 3380 2271 162 mon frere dam Michiel est parti aujourd huy pour bruxelles iene

1043 3527 1991 122 doubte pas, quil vous vrendra faire les compliment

2853 3617 530 184 Adij 28d. 1719

1095 3638 1051 211 Brugge Gillis Jan Coppenolle

1127 3749 2265 176 ue aengename, van gistren wel ontfanghen, daer bij verneme buridge a

1113 3876 2302 106 Dottij aengecomen was & dat hij tegens de zee geprotert eert heeft & hat quaet

1121 3939 2170 133 weden op sijn rijse gehet heeft avreedde voor natte goedren, ben

1108 4038 2272 162 verwondert, dat dan soo nachsaem sijdt de goedren soo lanck hulp

1101 4139 2264 152 te laeten ben te creden voor meijn eyge schade te leyden dat

1106 4208 2246 194 mede oordeele oordr voor ider een het beste is, doet absolaet op

3590 180 2443 111 moyen de packen lessen, om entijnder bij 2dien daer iehade aen ge bed

3597 270 2437 142 te sorghen & laet het bevinden, mij cito weten om volgens te reguleren

3593 325 2432 161 versoecke noch mael van op ontfangh mijne rek courant te senden

3567 428 2457 134 terwijlen daer mede gepresseert ben om afwaghtinge advies van

3581 531 2009 126 deen d'ander blijve met haeste naer groet enisse

4138 633 793 184 Ad maiorena Dei

3971 706 1301 209 Derpareque Viruis marie

4209 853 880 169 honoren & Gloriam

3962 941 1148 213 Cf salutem anving mee

4290 1095 734 176 fune Doni

4489 1229 316 142 1715

5351 1246 681 177 Adij 2 janu. 1715

3475 1350 724 195 Twetton John wpcots

3563 1393 2463 194 ue aengename van 25 sber 9 & 22 gber lest wel ontfangen met den

3556 1509 2480 204 laetten facture & stalen van 30 ps royales 24 p & 30 d. battardes 22 gb

3569 1609 2427 165 beloop £128:5:0 et geladen in John boorrdge yr die godt danck

3567 1687 2375 187 behouden is aengecomen hebbe om alle de feett dagen niet eerder

3550 1777 2376 170 sijn arrivement sconnen laten weeten deten om te accommyneren

3576 1866 2442 191 dingeslote remise vaa  £100:- ten latte Jean convad Peu in londa

3565 1989 2415 176 waer vooren het noodigh gelieve te besorgen, & soo op de boste ten

3559 2056 2395 147 reghter geratte, sal ulk ht rettant dait voorders schuldigh wele7

3541 2151 2429 172 hier benevens remitteren ben verwordert ue mijne rekk courant

3556 2238 2448 144 noet sent ter wijlen die bij tijdts genoech gevraeght hebbe versoecke

3569 2315 2425 156 nochmael op ontfange deses de selve mij toe tesenden dogh de balen

3549 2394 2486 168 £57:58 met borridge gecome moge daer niet bij sijn, & ue moedt

3565 2511 2344 132 die op nen ie stellen als met mijne vooigen geschreven in

3551 2568 2475 220 fraghtinge blijve nae n gewenst te hebben, alle heyl & voorspoet

3544 2693 1724 146 in d niewen jare & groete ul van heten

5422 2725 544 161 Ady 2d: 1713

3483 2784 614 168 brugge Coppenolle

3550 2815 2412 196 beyde ue aengename van 29 pas.  p deser wel ontfengen met den eersten

3558 2924 2469 143 mijne ver courant die hebbe naergelven, & daccoordt bevonden, behalven ƒ5:3

3549 2995 2420 152 die ue n debet brenght op de drogett van heydon voor tol, die sek vlijck

3557 3075 2481 157 niet betalen sal, u sal hem dat gelieven af te vragen want sade voor een

3564 3164 2414 141 ander den tol niet betalen hebbe ue te relt mij comende gedebiteet voor

3564 3255 2461 181 ƒ76:7 met n laeste seght dat noch 5 packen van de mijne moetten ae

3542 3311 2497 189 lunt komen & dat het pack  58 nat was aent pepper, & dat niet oordee

3552 3401 2440 147 ven binnen nat honde sijn, dat recomandere noch mael te votsteren& soo

3569 3516 2468 143 ue dunckt dat het niet wel geconditioneert is, sult het selve cito p baerge

3560 3576 2387 164 op gent senden, met ordre cits p wagent mij toe tesenden & veisoecke op

3550 3650 2483 158 ontfingh deser te laten weeten hoe het met de andere 5 packen gelignis

3545 3702 2478 181 soude faute m uyt de keninge te sijn, ue antwoordt met groot verlangen

3542 3789 2484 161 te gemoedt siende, blije nan ue reciproquelijck gewenst te hebben en geliek

3530 3889 2282 157 saligh nne jae nmet veele nae volende, & groete ue vr heet

3540 3985 2483 165 geldeve mede te laten weeten wat intrent de vraght vande ctppirs

3556 4033 2470 170 passert, q ieden moet die save pousseren want het waer niet redelijck

3551 4160 1683 184 dat ensl goederen soo langt a costij blieven
