8139 4644
921 206 2370 98 baeltiens soodanigh sorteren dat de stacken aen mel handien verschillen van

931 245 1892 122 couleur, & veele naer het bruynste senden gelijck dit ingeslote stael

3070 248 233 103 is een

911 338 1889 120 seer goet & schoon coleur ick wet niet mijne coopers clagen

3043 339 257 104 dat ue

921 408 2376 103 goedren, soo goet niet meer vallen, als voor desen daerom, op alles wel te letten

908 496 2391 109 de vraght was gereduceert a 7 st pps, dat hooghtijt was, want wij alle seherlijck

926 562 2351 131 andre mesures, soude genomen hebben, ue moet letten int aenveerden, vant

918 655 2391 93 cognossement, dat het 7st courant gelt is, die van brugge presenteren ons voor

929 726 2342 100 Aft courant gelt de sarges over te brengen, soo wij hienne schepen souden

905 811 2407 86 willen daer laden asouden expres twee fragatties doen boueven. alle de moorken

908 887 2366 91 hebbe noch bj, heden geloove een clijn baeltien debiteren sal van de andre

916 986 2386 131 goedren de twee drogetten sijn verkoght als oock 5 van de crepies, & longh

910 1067 2365 125 sagathuys tot ue governe na rakende de affaires van ordenborgh, ick magh

919 1141 2346 138 wel 20 mael geweest hebben ten huyse van stotaris alleseld, & kan tot nogh

913 1239 2345 84 toe geene notitie becomen vant gene order hem is berustende  de meeste

907 1299 2398 148 goedren sijn verkoght, soo hij wel gesyt heeft ben voorgistren, noch mael, tot

920 1421 2377 122 sijnen huyse geweest & geloofde toecomende weke mij cclairissement te geven

929 1494 2308 128 hoe het gelegen is dogh vrese, van neem, dien man heeft een mogelijck

919 1560 2342 105 affairen met sijnen sone, waer door alle andre vernegligeert het sal niet

895 1667 2416 90 quaet, dat ue hem eens schreef ordenborgh heeft gistren bij mij gecomen, ende

902 1752 2389 107 heeft mij voor vast gesijt, in korten tijdt gelt te brengen waer mede tevreden

909 1839 2330 130 ben geweest, hij moet met soetigheyt gelijt worden wilt men tot betalinge

915 1914 2373 119 geraken, wat voorders passeren sal wert ue geadviseert wat wegens john

924 1978 2329 131 erings passeert gelieve te laten weten, & sent facture & stalen soo haert

925 2089 1926 128 mogelijck om volgens te regeleren ue van herte groetende blijve

688 2158 649 155 fwerton John upcots

2802 2153 494 133 Adij 18 meet 1743

935 2228 2363 118 beyde ue aengename van 2e8 tiuncarij & 18 pass. wel ontfange, bij den laeste verstaen

929 2336 2329 96 mijne frree remises graot samen £320:- wel sijn geworden & mijne traitte voor

917 2398 2323 100 mesr. henrij blagdon voor £70:- sult konoreren, waer voore ue bedancke

923 2477 2373 111 schipper John Ewings soude voor 5 a 6 wesken niet seylen dat wel geloove wille

938 2546 2345 99 want hier is intminste geen debiet, & door dooge wissel moeten de goedren

943 2643 2276 153 meer kosten & de coopers sijn aen den opslagh niet te crejgen, die present

918 2720 2360 143 gelt noodigh hebben die vercoopen hunne goedren tot schade & dat us neert

931 2829 2366 126 ons, ue leste gesondene balen blijven liggen, sijn gelijck sonder persse, & eenige

930 2898 2379 112 olives soo grof dae niet vercoopbaer, & dat can mij niet animeren nu op hope

943 2987 2344 102 ue het op dese rijse verbetren sal, soo prepareert 2 balen sarges beste 229d, als

931 3086 2274 111 hier onder aen den voet deser gespecifieert de stalen pricus na te comen

937 3186 2222 125 geen lichter, moeten wel gemengelt, met root sijn, levendigh van couleur

918 3258 2303 123 gelijck dese ingeslote stalen, oft geene vertrouwe, de mijne stalen noch

938 3329 2342 140 bij hebt die op 12 mej 1712, aen ue gesonden hebbe, waer na de andre

945 3417 2261 157 coleure ordoneere ue moet van beste goet senden & sorgen, datse wel

930 3509 2326 99 geperst sijn & dat de staelboehies, wel gemackt bennen, want d'ooge, op

923 3583 2339 109 de stalen, doet veel ende koopers sen daer seer na ue packt de baettiens

952 3680 2357 97 wederom in soo slechte packeeren, dat se seer naer uyt malhandies vallen

932 3758 2360 146 eer die hier sijn, daerom, moet ue soo gaeden cleet van buyten doen, als van

940 3843 2308 148 binnen, gelijck andre vrinden doen hebbe ue noch over eenige saren, daer

952 3925 2289 91 over gereprocheert, soo de goedren niet wel geconditioneert sijn, seynen

932 4013 2323 108 sigh self niet kennelijckx, soo moet ue daer in voorsien. het is hoogh tijdt

938 4106 2295 107 dat gij lieden de vraght tot 7 t reduceert hebt want wij souden andre

952 4178 2360 102 mesures te samen genome hebbe dese  t mogen maer in courantt

931 4269 2376 141 gelt op de cognossementen gestelt worden die van brugge presentere ont

3554 200 2491 59 voor 4 st courant gelt ops de goedren over te leveren, soo wij in hunne schepen

3532 267 2400 92 willen doen laden t& souden expres 2 fragatties, laten bouwen. laet mij weten

3553 288 2444 165 wat costy passeert & sent de facture e stalen, soo haest mogelijck, om volgens te

3549 401 1278 126 reguleren  oetende blijve

3506 478 217 117 N

4099 446 1179 182 voor 120 sarges beste 22gb eendieyf

3653 619 102 117 2

4093 643 591 127 1 ps naer N.4

4087 744 555 109 2 naer„ 2

3621 753 109 105 3

4686 732 935 168 naer dese 4 stalen ingesloten

4076 811 567 141 2 ps naer„ 3

3605 845 124 167 4

4064 924 659 137 aps naer „ 4s

4075 936 1861 182 4 ps prince couleur naer N9:10:11:82:13 naer de stalen

4219 1092 971 135 op 12 meij 1712 gesonden

4089 1114 1892 205 ½ ps groen & geele schaden naer N. 21: 22: 23:24 oock naer

4244 1275 936 140 de stalen van 12 meij 1112

4072 1353 1687 188 15 ps in one sels & t sets in one bale sijnde 60ps

3533 1458 2475 172 in de tvreede groote bale doet in plaets van 4 groen scades & geile 2 groen, aftgela

3521 1572 2509 138 schades, naer de stalen, als genoteert & 2 andre blouw schade && naer £ 25:32

3525 1665 1712 100 33:34. de andre olives & prince couleuren als voorss

3530 1715 2478 143 hebbe over eenige garen van ue perpetuanen gehal van 2 ellen breet, sijn diet

3533 1815 2481 121 en als d'andre, het soude van de fijnste adichste soonte moeten sijn, gelieve den

3533 1910 966 138 prijs, mij cito te laten weten

3351 2010 832 159 Londen Carles Hamilton

5376 2002 611 154 Adij 18 meert 1713

3527 2087 2456 167 ue aengename, van 23 paso wel ontfange waer bij sien dat mons barige blijft

3508 2176 2510 166 persisteren in sijne opinie, ais redelijck, dat ue gerembutseert is vermits de somme

3525 2272 2490 130 soo groot niet en is om daer groote stacken over te maecken, soo hebbe, met mijn

3510 2354 2472 127 broeder goet gevonden ue daer voore, te crediteren te weten voor £3:11:6

3517 2420 2488 168 gelijck ul poeten deent dogh blijve daer bij, dat int. baridge gecrediteert is gewe

3507 2527 2503 122 eest voor de selve, voor oncosten, tot londen voor de bale N.7. staende wel

3519 2597 2475 127 duijdelijck op onse boecken, alsoo gespecificeert nu alle voordre questie des vrege

3531 2696 2438 143 ens daergelaten de wissel scheijnt aent vallen is, & hope weder soo laegh sal

3510 2798 2473 153 comen dat om eenige employen, op costij te doen ue sal connen remittere

3514 2859 2397 145 maeke speculatie om eenige aeten in de engelse banch, & in d'oosten dischen

3519 2958 2438 177 compagnie te coopen versoecke, versoecke, mij ue oordeel daer over eens te

3510 3063 2447 135 laten weten soo wel van d'een, als van d'andre & oft met daer op seeverg

3527 3143 2465 137 magh voortgaen, het vr ul het beste oordeelt, sult mij ten uytersten veroblig

3517 3235 2511 147 eren, in afwachtinge d'eere, van ue antwoort blijve naer cordiale groetenisse

5384 3337 598 150 Adij 18 mert v73

3359 3350 978 141 twerton bere & Cnechmarck

3508 3441 2428 118 beyde ule seer aengename van 7 & 21 pass wel ontfange in antwoort, op den eersten

3519 3502 2400 150 soo konnen de gestrepte flanelle mij niet dienen, om reden aen ue gescreven

3490 3579 2510 140 volgens den laeste, sal sien de facture & stale van de geordoneerde goedren te geme

3512 3667 2422 159 et, dogh voort gene ue seght, al comende goedren, wat meer te costen, sal ue

3501 3758 2481 159 goet goet senden, kan niet verstaen, segge noch mael, als, dat de goedren niet meer

3502 3838 2481 154 geven soude, als ue self heeft genoteert te weten voor de loups T: B 1 star 36:6

3503 3942 2425 127 en voor die, vande 6 31  patientien & voor d'andre naer advenant de laette, ick

3513 4023 2478 141 verschere ue, dat aen ue goedren present niet profiteren kan andre vercoopen

3503 4108 2459 127 van ue goedren, beter coop als ick se wel geven kan, soo wete niet, oft ue

3493 4178 2473 160 andre vrinden beter coop bedient als mij ue magh present, wel toesien aen

3502 4289 2395 125 wie ue goedren sent, vrant het is niet te paelen, watter hier in antwerpen
