8029 4671
858 188 2418 128 teworde, daer daer meeste de biet quijt, & wij onderons principalen, hebbe noch al lanck

849 254 2436 110 tegengehouden, datten geene convoijen op ostende soude comen & aen onde vrinden

834 307 2410 173 te twerton verboden, op die plaetse te laden, dogh eenighe sijn afgeweken, & nu

849 412 2332 170 volgen, d'andre mede, om benevens te konnen mant houden, soo sien niet light

847 521 2351 164 eenighe goedren voor ons p rotterdam comen sullen, voor gestren hebbe oock

822 580 2396 186 eiydinghe becomen, dat d'absom schepen, tot ostende, waeren in gekomen

838 707 2374 144 sonder convoij met behoorlycke france passe, soo dat den risico, daer mede

834 795 2424 169 oock niet groot, & is, & dat animeerde de coopleeyden, godt wil ons eenen

828 917 2427 127 genevalen vreden verleenen, op dat men wat griester moghen, & negotieren

829 1000 2430 100 vermidts dit jaer geene goedren meer verwaghte soo versoecke mijne rekeninge

824 1102 2434 153 courant mij toe te senden, om de selve te sluyten, & soo, het aen ul niet te veel

839 1197 2425 146 moijte soude geven, soo soude, wel wenssen, dat icl mij nogh een le groenen

846 1289 2402 143 thee geliefde toe te senden sult mij ten uijtsten verobligenen, & waer in

838 1363 2376 113 reciproquelijcks ul. dinst kan doen, versoecke, van te commenderen, die

806 1448 1151 154 naer cordiele groetenisse blijve

625 1533 904 137 rieremonde 6 Jaannes de kocke

2716 1530 520 158 Adij 7 xber 1712

855 1647 2367 149 sedert mijnen laesten van Pmo aprel lest leden, aen ul eers: niet geschreven

868 1725 2312 124 bij foute van materie soo geve mij d'eere sulckx nu te doen om ul eerw: te

860 1827 2338 143 verwittighen, dat wederom, seer schoone eEngelsche perpetcanen. van 2a

853 1887 2367 165 breedt, van de soorte gelijck ick eerw: een stuek gehadt heeft become hebbe

851 1960 2438 166 vallen seer schoon, & dick, soo het sal mij lieft sijn, soo ue een: mij gelieve gerer

835 2065 2344 117 met ue ordres oom eenighe stacken, toe te senden, ben wel verscheut dat te

836 2121 2333 180 ue ten uyttersten, sullen vergenoeghen geven, het is sekers, dat andre

844 2244 2405 158 soorten, daer niet bij en mogen comen, soo omde denght sijnte breede

868 2354 2326 123 & sijn seer profitabel int snijden, dat ick eerw: het best bekent is. in afwae

847 2439 2385 124 htinghe d'eere van ul bevelen, blijve, met offres, van mijnen oodemoedig

850 2505 668 137 en dienst

2718 2583 529 150 Adij 7xber 1712

634 2574 873 161 brugge. Gillis CCopenolle

863 2672 2289 141 al seer aengenamen, van gistren wel ontfangien, waer uyt, met groot gevoelen,

860 2776 2319 106 vertaen hebbe de gesteltenisse van compton die man, moet een slecht schip

860 2868 2310 135 hebben want, men heeft niet gehoorde datse onder weghen eenighen scorm,

867 2974 2281 97 op dee gehadt hebben, ul seght, dat de bale  184 met 60 sarges bescha

846 3055 2312 114 dight is, & dat u van gevoelen was, allen, d'andre wel geconditioneerdt souden

859 3162 2366 101 sijn, dat mij seer lief sal sijn te verstaen lde voors bale 184 van mijn vrint

814 3248 2375 115 mons. Henrij blagdon van twerton geasseureent, soo, dat voor sijne rek vsor

859 3350 2394 89 gelieve soo gelieve, voor hem daer mede te doen, oft het voor ul eygen ware

844 3407 2379 156 & mijns oordeels, soude, wel het beste, sijn, dat ue de bale opende & die noch

669 3493 2566 145 diogh souden, sijn, appant te doen, & de natte, te drooghen hanghen ue kan beten

857 3609 2310 145 vreeten, als ick, wat daer mede te doen valt boven al sonder wijfel den

836 3683 2334 156 sehipper, daer vooren, aen te spreken, & te doen, wat in soo een ockas ie

874 3773 2310 164 keen, oft magh geschieden voorders versoecke, van op morghen aen ditto

847 3864 2357 163 henrij blagdon de gesteltenisse, te schrijven, & hem, mede, te notenen,

863 3957 2307 162 dat ue geschreven hebbe, dat ditto pack 184 voor syne rekeninge is, soo

865 4072 2386 131 hem te vraghen, wat daer mede gelieft gedaen te hebben, soo anders voor

839 4168 2433 124 mij niet nae is, sal seer gelieckelijck schaperen & waert t anders waere, soo

865 4251 2360 131 laet niet mij cito l'adviseren, om volghens te reguleren de bale  N.45.

3549 193 2464 105 is oock geafseireent tot ul governo. sien datter een beurtman gevraght wort, segge

3553 258 2471 136 nogh mael, dat niet begeire, ue een stuck voor mijne rek sonder behoorelycke france

3540 328 2471 140 pasport sal hebben, te versenden, nochte oock een stucke, dat nat soude moghen wesen

3548 436 2364 129 daerom, desselve, wel te visiteren, & waent, dat ue eenighe bevont inde bale

3555 513 2464 148 2 48:49 oft  46 soo sal ue die gelieve te openen, &de dioge bij een te doen

3555 607 2474 107 & met de natte doen wat mogelijck is ul kan sigh met andre vervoeghen om

3568 699 2418 104 den schipper aen te spreken & dat den schipper de goedren, naer hem nemt

3558 794 2461 104 & ons rambeurscent, dogh vreese daer niet veel verael op sijn sal de uytree

3544 870 2475 118 ders sullen, daer vooren moeten aen gesproken worden anfin doet al wat

3549 971 2488 133 mogelijck is om mijn intrest benevens die van mijn vrint henrij blagdon

3549 1062 2480 135 waer te nemen, & laet niet naer morghen, aen hem te schrijven & van aen

3556 1136 2428 143 mij de voordere gesteltenisse t'adviseren, verhope eehter morgen van ul

3548 1218 2479 116 te verstaen, dat d'andre packen, wel sullen sijn & in in afwachtinge blijve

3560 1291 1810 179 met groot verlanghen naer Cordiale groetenissen

3333 1359 706 148 twenton Henrij blagdon

5597 1383 429 154 adij 76er172

3572 1436 2423 174 op 3 deser, was aen ul mijnen laeste, meteremede ue adviseerde, dat comptont & vringhs

3563 1553 2434 130 diencor tot ostende behouden waeren, gearriveert, & hebbe ul mede geremitteert voor

3550 1625 2452 134 t100:- ten laste Pedro Henriques funion in londen voorders referrere mij aen

3550 1722 2433 129 den selven sedert, van ul niet vernomen gistren become d'on aengename tydinge

3555 1792 2474 106 van mijn conrespondent dat henrij compton wel meer, als een voet waten in hadde

3553 1887 2475 116 dat alle de onderlingkende packen seer druckelijck, uyt sijn schip quamen, soo datter

3519 1965 2501 145 soo groote schade geschiet is onder andren adviseert hij mij dat ul de bale  184

3535 2064 2459 148 met 60 ordinaire coffees oock nat is, soo gelieve aen hem ue ordre te senden

3525 2148 2415 158 wat daer mede begeirt gedaen t'hebben vermits, het voor ul rekeninge is, twijfele

3524 2236 2498 169 niet, oft hij sal aen ue daer over schrijven compten heeft tegens, de see niet gepron

3527 2336 2503 158 festeerde soo sal hij alle schaden, moeten vergoeden, maer vreete, op hem geen groot

3541 2408 2436 180 verhael is, dogh sijne uytreeders sullenden wel te vinden sijn, ditto coonton, moet

3556 2508 2473 166 eer tot selcht schip hebben gehadt, want men heeft niet gehoort dat se eenighen

3541 2554 2418 152 storm op hunne rijse gehat hebben, hebbe, noch andre packen in compton door

3561 2650 2465 196 andre vrinden, afgeladen, maer, tot noch toe weete niet, daer eenighe schade aen

3554 2721 683 119 is blijve n haesten

3547 2788 1936 200 den iaem, van mijn Conres pondentis d'seer gills Jan Cpenolle so skan ae

3571 2867 606 88 aen hem Schrijve

5410 2903 593 133 Adij 8 sber 1712

3323 2920 864 123 londen CHaoles Kamilton

3564 3023 2456 116 ap 5 deser was aen ul mijnen laesten, waer mede versoght hebbe, van mij te remitteren de st400:-

3554 3096 2472 128 soo de wissel soude sijn tot 34:4, sedert gene van e, soo referrere, mij aen den selven desen princi

3551 3154 2408 142 pael, om iul te segghen, dat de wissel van amsterdam gevallen compt, & men heden hier

3540 3203 2485 168 doen kan tot 33:8en, soo vraent, dat u tot 34:4 et niet houde remitteren gelieve, depenn

3544 3291 2488 136 gen, te laten ligghen, tot, dat ul, tot den voors prijs remitteren kan, evenwel hebbe advies

5680 3384 104 63 sonder

3530 3346 2492 165 van amsterdam dat de wissel van costij op die plaets gemonteent compt, soo het sconnen

3536 3426 2490 152 gebaeren, dat sulckxx souden continueren, soo segge, noch andermael van onder de 34:47

3543 3536 2427 93 niet te remitteren, & in afwachtinge, te verscaen, wat sal sijn gepasseent, blijve naer

3538 3581 765 130 Cordiale groettenisse

5534 3646 487 134 Adij 11 sber 1712

3324 3668 754 137 ath la veufve lison

3531 3742 2486 99 depuis long temps ie ne me suis pas donn l'honneur de vous escrire p faute d'occa

3543 3837 2464 149 sion celle serat pour vous adviser que le grand convoy d'engleterre est bien arrive a

3549 3912 2470 150 ostende & rotterdam p la quelle jauraij f un tres beau assortement le convoij qui

3540 4016 2377 115 est venu p ostende est fort endomage un de ces batteaux at eu plus que une pied

3540 4097 2426 116 d'eau, & tous les sarges qu'il ont oste au frond sont gatte, dont il y at beaucoup icy

3544 4198 2433 149 qui sont entresse pour moij j'y avois six ballots de dans, mais (grace a dieu tertous

3531 4295 2398 133 sort bien conditione ainsij vre grace trouvera chez moij tant pour le sortemend
