7796 4630
2348 164 784 134 Adij 7 meij 1712

470 160 759 171 Brussel Jan de broe

628 267 2527 102 verhope de goede thuys comptte van merouss ue beminde sende aen ul hede

667 334 2345 164 t beurtschip, de goederen die sij bij mij heeft hie syndde uytgesoght,

651 445 2489 97 bedragende sama ƒ 376:18: wissel gede, volgens de facture aen haer

661 523 2476 134 gegeven soo gelieve mij daer vooren te crediteren gvert voordert van

669 636 2463 106 w dinste, gelieve liberlijck te comanderen hebbe heden advies becomen

629 707 2584 163 dat de convoijen behouden tije geariveert, soo ue noch iers moghte noodigh

659 810 2536 133 hebben, gelieft maer stalen te senden sal ue soo wel doen & van het

659 928 2483 119 alderbette goedt senden, dat gesenuijterste content sult syn ue van

660 1008 942 168 herten groetende blijve

2533 1051 663 155 Adij 9 aij 1712

474 1077 847 204 Rott dionys verburgh

660 1210 2546 171 ue aengename van 2 deser wel ontfangen sedert geene vaale, hadde wet mi

644 1308 2559 149 verleder saturdagh vanue verwaght te verstaen, de soe sendeinge van

661 1396 2460 180 eenige paken andere vrinde vn hier hebben mij geleijdt, dat

660 1527 2505 135 aen hiet al eenige versonden warn, dat mij groot gevoeln dede

657 1618 2528 142 want die de eerste packte sal hebben sal het eerste delvijde sia

634 1700 2579 166 bdieney & soo visse de laeste aghte het nit soo versoecke noch nc

633 1788 2575 158 van elle mogelijcke de voie te doen, & laet mij te minster wiete

631 1923 2503 178 va post tot post wat costy passeert, tge voorders verwaghte

645 2016 1213 188 sal & nae groetenisse blijv

2561 2097 640 150 Adj 20 mey 1712

485 2112 639 198 Ath wed: Lison

653 2271 2508 127 j'espere que la derniere marchadse a vous envoyez vous est bin perven

651 2371 2528 132 il vous plaira me credite pour les frais icy payez, pour le ballot scavoir

639 2431 2512 171 cnsemble en argent courant ƒ637 en argeet de chage . ƒ4112

658 2589 2473 108 celle le servire le plus pour vous dire, que le grand convoy a vec

617 2638 2556 183 des sacqes itt (grace a dieu, bin arrive, j'espere que j'aurez tous

658 2740 2530 160 met ballots chez moy en 15 jous dicy, esprant l'on de vous voire

641 2852 2472 154 loyez pesuade que vous trouverez e essortement chez oy

633 2956 2549 167 sans pareille, si y a quelque choze ou ie vos puis vordre service

633 3058 898 156 commande liberemert

632 3124 2467 182 ie vous prie de die a med. Courtois, & a mons. vre fils

648 3212 2555 164 de ma prt, que le convoy est arrive, & vous m bligerer def

2520 3335 612 149 Ay 10 ditto

490 3377 917 165 Ath Jean e le Croix

644 3430 2569 215 le 18 mars & p du passé fut a vre grace meld conv estat

639 3587 2458 115 bien suipuis de vre serlence, celle pour vous din, que le grand

635 3668 2566 156 convoy avec dit sacqes, perpett. drogetts  d'e eleire est (gran

647 3799 2527 173 a diees bien arrive, & la quelle j'aurez un osentement sans

625 3924 2466 106 pareille j'en receverez aué environs 2000 ps & comme ie

648 4043 2518 161 doit necessairement remettre des grostes sommet, ie vous prie p

628 4147 2531 129 cette encor, de me remettre ie vous asseure mons. qun si long

629 4274 2588 134 credit nous tue, il est plus que nenf mois passe, que la marchandite

3494 176 2499 96 vous est vendu & la partie enterieur n'est pas encor entierement &

3471 275 2531 137 satisfait la quelle vous est vendu le 17 sbre 1710, ce qui est passé

3470 351 2508 103 nn an & 8 imbis, ie vous prie dent mons de  plus delaicc de

3476 453 2454 143 me remittre, & considerez que ie suis en necesseite, nous autre, nous

3447 540 2540 163 devous payer nos amis en Engletterre, cito que la marchandise est

3467 661 2540 115 arrive, ainsj vous pouvez bien juger, quil me faut bien remettre

3467 743 2572 125 avant que mes 2000 py sont payez en attenant avec in patien

3456 839 1390 171 l'honneur de vos remises ie sus

5408 866 632 181 Adij 10 mij 1712

3507 945 257 77 nicolge

3805 922 484 97 p le lieve

3319 961 804 144 Ath t

3479 1038 2547 169 celle pour vous advseer que le grand convoy y. comme ie doibt remette

3459 1195 2572 136 beaucoup a mes anis d'enletterre, vos remmises me seront toes aggreably

3471 1277 2563 168 pour dire la verite ie suis  peu en necessite  il serat bre

3484 1429 2479 117 encor 15 jours avant que toute ma merchandise soont icy

5222 1500 804 135 Ady 10d 1712

3310 1484 887 181 Ath Jan Ba Colivier

3447 1569 2495 207 le 12- du mais passe fat a vre grace ma derniere avec la

3454 1696 2556 179 facture de les 10 ps. de sacqet, a vous envoyez, esperant quie

3477 1819 2563 164 vous sont bie pr vanir, celle pour vous dire, que le grand convoys

3463 1895 1914 189 en attendant lhonneuur de vous voire iy ie suis

5320 1965 690 212 Adj 10 d: 1712

3326 2025 990 153 Ath mathier Branze

3468 2155 2522 160 le 18 mars passé fut a vre grace me derniere, depuis sais vre

3457 2272 2547 145 celle pur vous dire, que le grand convoy  ie viend p celle vous

3454 2356 2547 175 encor prie de me remettere en ceuuse que ie suis a neesute, pour

3428 2469 2589 139 de largent, & nous n'avors pas du credit la cito que la marhadis

3468 2567 2586 193 est arrive tout doibt estre payez, esperant que vre grace m'assistere

3454 2694 2537 124 considerez mors. quil est presentement plus que uit mois passe

3458 2847 2486 128 que la marchandise vous est vendu & mesme la pertie enter veu

3459 2947 2584 157 di'est pas encor satsfait, ainsy jattendrez avec impatiene lhomeu

3472 2988 1689 205 de vos remistes, & suis detout mon coeu

5364 3080 665 199 Adij 10 mij 178

3283 3115 807 186 Brugge Coppenolle

3444 3211 2556 148 op 7 deser wal a ue mijne losten met de notitie van de pacn en comptan sedert

3457 3359 2547 129 gean van ue ben wel verwondet dat ue mij niet n adviseert vont geene costij

3462 3431 2515 137 passeert daer ue soo hebbe versoght vn mijne voors te beantvanden om

3465 3493 2476 175 volgens te sconme reguleren, andere vrinden hebben va costij advies dat

3438 3599 2570 171 compte seer naer, alle sijne packen gelost hadde, & ben mede geuformeet

3459 3674 2574 188 dat de baergie on gent geene goedere magh innemay soo vesoecke met desen

3451 3821 2544 135 van mijne paesten soo haett mogelijck te depescheren op d'een oft dander

3461 3894 2512 93 manire, nmits dat de vwaght lwyde beoorlijck paspoert hebbe hij te

3475 3986 2540 164 water op te lant manqueert niet van op de ontfange dese stgepesgende

3450 4110 2590 153 mij te laten weeten, wilt n geijn consie hebben soo moet gepromp

3475 4158 2505 159 int beantwoorde sijn tyen in toecomende verwaghte blijv
