8234 4644
779 171 897 206 Brussel step: Rousseau

2740 193 582 202 Adij 3 gber 1715

915 299 2271 203 j'ay recue l'honneur de la chere vre dhier p la quelle ie vois que vous

918 445 2395 164 avez honnerez, ma traitte de £60:- a la presentation, vous estant tres

914 515 2328 194 obligez j'ay trrez aujourdhuy encor sur vre grace ƒ600:- de change a

887 636 2345 195 trois jours de date paijable a lordre de monsr. Seaen Piere gilbert, vous

882 749 2354 195 priant dy faire honneur & me croire, que ie sirez en tous occasions e

809 851 977 221 bergen nicolas hamaet

2702 903 542 179 Adij d: 1715

1085 1018 135 83 me

858 1069 2488 155 le 10 jun passé, fait a vre grace ma derniere, vous advisant la reception

877 1143 2482 163 de vre remise de ƒ340:10 de change sur le s Jaen est rene van pruyter

905 1250 2446 186 en mesme temps facture de 25 sarges vray battardes an verges portante

882 1384 2341 172 ƒ498:15 de change, a la quelle ie me referre, depuis ie suis sans

919 1438 2341 224 l'honneur de vre cependant, j'ettois entante vre remise pour le

889 1574 2431 210 partie du 14 gbre 1714, nous attandons a touttes heures l'arrive du

896 1703 2425 214 grand convoy avec des sarges, p la quelle j'attand un nombreu assortiy

894 1852 2428 167 ment tant en sarges drapees perpet., que drogetts d'engleterre le

876 1976 2421 197 plus a la mode, assorte comme des draps. & comme jay besoing

901 2123 2446 193 encor une grosse somme dargent ie vous prie de me reuloir remestre

893 2250 2353 172 vre grace me ferat un grand plaisir estant dans une necessite

880 2337 2402 202 de l'argent ie vous salue & suis en attendant l'honneur de vre

891 2454 2446 206 remise & ie vous prie de m'employer enteut au ie vous puis surire

882 2589 2299 206 &ie receverez avec Bien plaisir l'honneur de vos ordrese

2736 2753 545 168 Adij 4 sber 1715

811 2740 990 206 Sverton Beregonech marck

891 2884 2376 168 op 24 past. was aen ul mijnen laeste met ordre voor eene baele van

904 2981 2411 177 60 ps. naer het stael boeckie & 170 als dan u gesonden sijnde van slighte

892 3061 2443 212 geile olives, ontrent N.14 van ue gesondene stael toek, & oock y seader oock

899 3214 2436 167 noch te gemengelde caffees naer N. 31:32. 33: 15 groen seades naer N42

907 3283 2430 172 als mede 10 meulders naer N.54 dat met desen con foomere voorders

910 3381 2418 234 refervere mij aen den selven sedert become voor gistren u aen gen

887 3539 2337 191 van 13 past ditto met facture estaeleny van noch een baele N. 93

895 3642 2442 206 monterende st ƒ112:19p geladen nevens N. 93 a 96 in Jan baudge

875 3767 2337 205 sunier volgens cognossement. Buridge, stont met dieerste goeden wint

888 3896 2472 215 te lejlen & terwijlen sedert den wint contraie is geweest, soo geloove preten

890 4058 2449 119 noch a costij is u seght met eenen p mij te debiteren voor £5113 ƒ

894 4155 2421 196 voor als assurantie van de baelen en Buridge gelaeden, waer van

892 4239 2402 206 her iendert ben, terwijlen geen gedaghten schat hebbe van ul ulk

3484 225 2593 146 te versoeken, vermots den usres int geheel self loopen wille daerom serijve

3565 308 2484 155 dese op het spoedighte, om dat hier ontrent geene questie begane u

3561 386 2470 150 heeft mijne re van die £5:13 ƒ maer te ontlasten, sal die whild

3568 498 2488 164 naer mij nemen, tot uu governo uu heeft mijn ordres daer ontrent volbraght

3544 609 2533 191 de olires int baettaen 349: sijn niet te verbteren daer is een light

3568 705 2520 226 blijf bij, dat coght een goet couleur wille voor het naeste convoij wel

3557 819 2461 200 15 a 30 ps na dat couleur, het saynt, dat die couleuren wederom

3542 942 2526 239 gewilt worden begeire wel de setting couleuren die seght claer te

3556 1053 2518 218 sullen hebben voor het vertreck van Cwings naer N.45. 47. 61:6263

3545 1176 2522 201 a laeter eenige gemaert worden maer N.43 a 66 doncker bleuseade

3563 1334 2505 208 oock wille mede eenige olrres naer het stael boeekte ƒ257 voor de

3552 1435 2529 247 loups can noch niet weeten, be mercke, dat u veele goedren hendt aen

3551 1568 2533 221 sr frant. wellene van schelp tweede soorte vigu a geeft die soo goeder

3521 1711 2544 218 coop, dat de luyden hun daer mede vergenoeghen, daerom versoen ke

3547 1819 2527 228 op ontfangh te laetere weeten voor wat prijsen u aen hem die

3540 1983 2546 176 soorte sendt, segge de blives a seadis soude mede wel eene partije

3525 2109 2546 187 enthheden hebbe over eenige jaeren van dese soorte van u gehat a die

3520 2263 2561 172 Caste 34, sal is antw. hier ontrent gaerne te gemoet sien aen

3550 2362 1786 216 afwaghtinge blijve naer cordvale groet mits n

3423 2510 1026 213 twaton Henrij Blagdon

5433 2496 615 218 Adij 4 sbre 1715

3526 2688 2513 134 op 31 past was aen ue mijnen laesten, waer aen mij gedrage, sedert

3537 2769 2520 167 be come ue aengerd. van 13 pas ditto daer benevens, facture & stalen & sognosse,

3538 2878 2495 118 ment van twee stalen N.44: 45. N.44 met 15 bette coffas die gans niet

3536 2958 2501 169 sijn, gelijck gevraeght hebbe, sjnde middel couleuren & hebbe van de lightte

3539 3089 2506 165 rosse van van de Bruynste getraeght, Jan dese couleuren hebbe noch

3527 3197 2494 190 wel 90 ps bij, soo dat die mij niet dienen conmen, ben wel verwondert

3507 3290 2503 221 dat u gans contrarie aen mijn ordre sent goedren, oft couleuren die

3519 3450 2533 180 genogh hebbe, connen geen plaisir doen, van de selve op te dringhen

3511 3557 2510 190 als u geene andre hadde behoorde gene te senden cinfrontere mede

3502 3595 2582 226 de drogetten & bevinde wel 17ps alle van een colur naer N:3. van mijne

3502 3778 2556 209 gesondene staelen op 19 junij lest, die cennen passeren maer mijn stael

3519 3905 2472 173 N.13 il veel beter gemengelt, daer hadt wat blanw, moeten mede gemengelt

3532 4033 2491 130 sijn geweest, naer N 8: 9 bevinde niet een stuck adaer moete oockveele

3520 4146 2516 185 van hebben daer om moet s die laeten maken naer N. 11 is maer een stuck

3526 4251 2471 208 a daer moete veele van hebben, die u sent naer N.94 buyijn, oft chet mits
