8152 4706
849 243 2466 139 oft die soorte voorden gemelden prijs gelieft te leveren, wille ul. die preferrente

832 322 2473 155 geven, voor andre, dogh ij moet de goederen soo goeden coop hebben van iue, als

833 405 2505 136 andre hunne vrinden laeten versoeckende op ontfangh deser, te antworden, sonder

823 528 2487 144 twijfel, dat ue brief op sondagh avont magh becomen, om op het spoedighsten

843 584 2441 183 mijn &rint tot londen te laeten weeten, ser hij van andre tgene noodigh

866 721 1733 132 heeft dontbut ain afwaghtinge blijve naer groetenissen

857 833 2360 135 ie magh niet peijsen, van eenige ps. die wat slecht souden sijn onder de

821 891 2487 184 partye te doen maer alles van t eerste galderbette goet te leveren oft geene tot

853 1023 395 175 naight

2714 1117 605 167 Adij 13 xber 1713

704 1148 1042 155 fujn hant cordrus saemen

835 1232 2372 142 sedert dat, met ul hier sijnde geadiustert hebbe, become een brief van mijne

845 1331 2448 196 veinden uyt Engelant waer by vraeght de prijsen van de alderbeste tijken van

858 1459 1878 138 d'ordinaire strepen, soo breede als smalle te weeten van de

1091 1561 927 150 & duy segels segge groot loot

1098 1657 442 145 diy segets

1102 1752 490 143 4e groot loot

1101 1823 99 85 4

1080 1859 479 144 10 diy segels

835 1909 2433 166 & terwijlen ul soo hertelijck gerecommandert hebt van soo occasie hebbe ul

856 2029 2441 185 te laeten leveren, soo come ul den rijs met desen vragen, ick voor wat pmijs

839 2125 2453 223 ey mij noteert van andre die becomen heeft, daerom moght wel letter op het

858 2215 2435 196 onderlaeghtte te stellen, want soude mij bij andre meten addresseren, tot

862 2311 2454 238 e naright, oock moet wel weet my dat het alderbeste &eerste goet, sende moete

849 2429 2463 173 weeten, het is voor een man, die jarelijx groete part ijen laet comen, soo

841 2554 2442 158 dat het van groot gevolgh soude weesen, & soo ul goet, goet naer sijn

844 2661 2477 198 cententement werde soude voor ul een groote aventogie sijn, gelieve

879 2771 2388 179 op ontfangh deser ciso te antwoorden sonder ujtstel, om aen hem

860 2855 2441 184 op maerdagh toecemende advies daer van te geven ain afwaghtinge

853 3015 737 160 Blijve naer groetenissen

2769 3065 514 170 Adij 14 d 1715

704 3137 1064 151 Twerton ierespaeckmarch

877 3175 2420 192 op 27 pas was aen ul mijnen laetten, met remise voor st £167:6:11e7 in

878 3277 2425 200 mijn eijgen brief ten laste  lamitten in sonden, ooet hebbe mede versocht

872 3423 2454 149 mijne rek. courant, die vervolgens p us eerste verwaghten sal nu hebbe

855 3485 2468 189 become s aeng: van 19 pass. ditto dien volgens sien uls mijne geordoneerde

853 3607 2485 185 goederen, sult prooideren, waer op mij sal verlaten, &dencke, dat u vorrge

856 3667 2489 212 gedaene faute niet meer voercomen sal, versoeke altijdt op het spoedighste

848 3791 2494 196 fait ure & staelen te senden, sal met het baeleren  335 mijn devoire doen

875 3886 2374 212 als voor eijgen sijdt versehert, dat u niet onvrindelijck traetere &het

860 4004 2478 165 waer te wensn dat ul mij nuyt occasie, om te cennen reprocheren

867 4129 2279 149 verhopende u met het niuw aenstaende jaer alles verbeteren sult

864 4199 2468 216 hebbe de ier baettiens van de schuly, ontfanghen, &oock de ver van en cost

879 4308 2454 188 op de selve, tot brugge, mijn &rint brenght mij in iek den tol die dheer

3553 191 2595 138 de meule naer, heeft moeten betalen, vermits, dat goet tot Brugge voor u rek voor B

3588 251 2544 165 onorj geloot is &wij sijn hier berijdt van den tol van de goedren, die voor onse iek uyt

3550 346 2580 136 dee comen, ick hebbe icks daer in niet connen salveren, soo gelieve mij te crediteren

3593 460 2453 132 voor ƒ16:10 court geldt is wisselgelde ƒ14:3 a 36:9  £4:5:8 en sijnde het

3584 552 2571 148 reght van den tol a 5ft p ps: dat gelieve na tesien mij vervolgens crediteren

3566 633 2603 179 heeft ul geene occasie s costij, om tijken, ofte fijn warten te debiteren versende

3560 734 2589 206 groote partijen na london & bediene mijne vrinden voor de provisie, hebbe de drij

3562 842 2583 208 eerste & beste werck luyen van turnhant, die dagelijk voor mij wercken, ick wenste

3596 960 2531 182 wel ue eene preuve wilde nemen,  twijfele niet, oft soudt goede avantagie daer bij

3595 1057 2528 201 vonden uls sentiment, oft ordre, sal gaerne vernemen, aenden voot deser heeft

3602 1165 2510 190 ue: de notitie van de prijsen der tijken, waer na ue: kont reguleren, dogh

3582 1358 1686 125 de provisie a 2  moet daer by gerekent worden

3576 1324 2587 251 John Cwings, is tot noch doe niet voorden dagh gecomen, dat te verwonderen is

3595 1522 2501 158 terwijlen den wint langh genoegh, hem favorabel is geweest, hope eghter

3591 1643 2315 180 sijn arrivement int cort te vernemen uee van hrten groetende blijve n

4135 1743 1484 194 doiotie van de prijsen dertijken beste soorte

5007 1822 731 180 ƒ 8:13: wisselgelde

4156 1876 632 171 de  groot loot

5017 1938 429 172 „10:6:8:

4117 1967 712 190 de  groot loot

5032 2056 427 157 „30:6:8:

4136 2093 616 164 de  dry segels

5029 2176 457 151 „12543d

4124 2210 651 179 de drij segels

5464 2245 701 203 Adij 14 xber 1715

3494 2302 901 204 Brninek de wed: Broeta

4827 2396 54 102 nl

3627 2388 2537 201 J'ay recu l'honneur de la chere vre du 12 courant y joint deux lettres de change vre

3605 2506 2454 170 iune sur le P. wood: de la Comp. de jesu a la maison profeste de cincx cent

3617 2609 2459 161 cincquante florins, & seize pattars argent de change, pour la quelle j'aurez soing

3606 2665 2559 201 pour le payement l'autre de trente florins argent courant acepte p gelle de

3626 2770 2528 189 dille a bruxelle a 6 usances du 20 avourt estant a son esseance le 20me fetrier

3616 2842 2489 235 prochain 1716 done j'en aurez soing a son temp a vous en ferez credite

3626 2910 2531 264 je vois le pitorable est at de la negoce chez vous ie vous assure, que ie vous vand

3611 3015 2558 256 la marchandise tous au moindre prix & touste de la premiere qualite, comme

3619 3121 2559 278 aussij les perpett qui sont en leurs qualitées, sans pareilles, ie garderd lautre

3606 3247 2523 246 ps jusqua vre ordre, quorn vend les sarges chez vous, a si ben marche ie le

3627 3349 2539 241 veux bien craire, on en fait p tout de mesme, mais ce nest pas une qualite

3609 3447 2486 257 comme vous avez, estant une moindre sorte, done gen suis aussij, pourvue

3628 3587 2510 214 presentement a vre service, ainsij que ie vous peu donneer de la mellieures sorte

3609 3706 2509 204 & du moindre sijl y a quelque chose a vre service ayez la bonte de me

3629 3840 1542 186 commander celuy qui a l'honneur d'estren
