7885 4637
765 210 2508 140 il vous plaira me credite a ladvenant. J'ay reccu tous mos schartillin

735 303 2433 125 d'engletterre, pour le preuve convoy a venir, & il ne content dix. sols

761 427 2427 125 plus, que les precedentes, & on me marque quil seront omonte en

767 486 2103 181 peu bien davantage a vre pouvenr ie vous salu & suis

2465 611 682 164 Adij 5 july 1712

545 623 1141 167 Cortrijcke de vred: pieten goet gebaer

787 761 2487 104 ul seer aengenaemen van 29 pastto is mij wel geworden, waer bij met grootcontente

779 837 2467 140 ment verstaen, als dat u: wel de moyte wilt nemen van het versoekt stucke

768 960 2459 105 servelt parie in te hoopen, ul: versocht te reten, met wat commoditeyt

767 1023 2468 168 het styckk soude toe senden in antwoort, vermits de bocturen van costij

775 1156 2458 142 op gent, mij bekent sijn, & dat ul dat beten verstaet, soo gelieve het selve toe

767 1226 2474 181 te senden met de beste occasie naer & goet duncken, mij dunckt dat het

767 1344 2462 161 wel waere, dat ul het versont op de selve maniere, gelijck ul onde goede

775 1435 2498 166 ren laet naer Cortrijck vaeren, ul: soude het connen addresseren tot gee

776 1503 2409 194 aen d heer doeus morcl met versoecke van het selve p wagens mij citto

776 1640 2492 142 toe te senden, & bij hem sijn verschot vande voerluyden op antwerpen afvrage

758 1715 2493 228 aen ick dan d' heele vraght soude betaelen. ingesloten sende aen ul. het stael

785 1839 2456 219 bochie met lange breedde en waer van de drij genoteerde stacken aen een van

787 1931 2394 226 mijn beste calante hebbe toe gesijdt, even wel sal de bale geheel voor ul

791 2048 2429 199 bewaeren, doch wil hopen dat ul int cort sult over comen om eens

782 2172 2476 169 de partije te coepen, om dat alle engelsche goederen dagelijckte monteren

780 2270 2511 186 & onse sarges sullen in het cort eenen grooten op spronck doen en sij sijn van

791 2420 2490 162 mij aftal eenen alsen gulden voor het alderminste gemonteert tot 3 governo

788 2510 2486 186 dans is hier geene occasie om op ul te trecken, soo sal d'eere van ul. rem

803 2634 1843 179 ises verwachten & blijve naer cordiale groetenisse.

2524 2712 641 159 Adij 5 July 1712

575 2756 845 189 Dorninck Simon Donné

795 2922 2402 142 Celle pour vous adviser, que tous les convoys d'engeleterre sont bien arrive

791 3004 2486 138 jay grace advice p les quelles jay recu plus que 2000 pieces et tant de sarges

769 3101 2495 126 perpetuanes que deogetts  & comme tout les manufactures sont monte

793 3201 2483 151 en engleterre sur le bruit de paix, & aussi que la leine, & luiel est monte

798 3288 2497 168 le double nos sarges sont monte d'un demij florin p piece, & on me marque

810 3393 2477 141 quils sont deja a ƒ1:- & a ƒ1:10 plus cheres & qu'il i a grande apran

817 3472 2464 173 ce, quils monteront en cor plus, jay trouvez bon de vous adviser et pour

809 3582 2467 155 prendre vos mesures a laverane cependant comme jay fait des

803 3677 2473 169 grands emplaites vostre gracce me fera plesir de me remettre & pes

808 3764 2427 202 pere bientoit lhonneur de vous voire icy avec vos coupa pour

802 3886 2475 174 fare bonne provision et je me recommande toutjour a vostre

811 4003 2285 197 bonne amitie, & je feray toutjours glorie d'estre

5445 193 570 148 Adij 5 Julet 1712

3275 239 1108 194 Dornine La Veufve de Broeta

3511 382 2508 184 Belle pour vous adviser, que les convoys d'engleterre avec des sarges et d'autre

3545 534 2480 148 marchandisse sont bien arrive (grace a dieu) jay recu plus que 2000 pieces

3531 623 2496 111 a vost service, tant perpetuanes, drogetts que sarges  & comme tout les

3519 703 2484 164 manufactures sont monte en engleterre. sur le bruit de la paix & onssy que la

3517 830 2477 158 leine & luil est monte le double, nos sarses sont monte de ja 10 pattars, &

3523 917 2495 125 ceux qui viendrons avec le convoy a venir, seront monte ƒ1:10. a vostre

3523 1034 2489 159 governo. ainsij ie vous conseillierez de venir bien tost icy pour faire une

3525 1167 2492 143 bonne emplaite, soyes asseurez que vous prositerez vre voyage le double

3484 1268 2517 137 comme jay fait des grands emplaittes, & que doibt remettre baucoup a

3529 1383 2471 124 mes amis d'engleterre, l'honneur de vos remises me seront tres agreable,

3518 1462 2512 164 & soyez persuadez que je suis de tout coeur a vre offres de mes services ce

5290 1560 749 167 Adij ce 5 jullet 1712

3275 1603 968 187 Mons nicolaes kamalt

3531 1720 2467 184 J'espere que vous aurez bien recu la marchandisse que j'ay eu l'honneur

3515 1817 2468 190 de vendre a mad. vre comp., depuis il y a encor un convoy arrive a vre

3541 1946 2458 94 des sarges, & autre marchandisse, & nous attendons encor un a tous moment,

3554 2030 2473 144 & comme jay fait des grands emplaits, & que je suis un peu en nesessite vre

3547 2130 2473 149 grace me ferat plaisirs de me remettre, tout sorte de marchandise est ausie

3526 2216 2505 122 en engletterre les sarges, qui vont venir nous coustent dix pattars p piece

3527 2326 2520 137 plus que les precedans, & on me marque que les fabricateurs ne voillont plus

3527 2432 2490 162 vandre les sarges qu'a ƒ1:10 pattars plus, & ils disent, quils ne peuvons

3545 2539 2418 143 encor rien profiter, a cause que hiel & la leine, est monte le double

3532 2625 2452 159 aunsi nous aurons un peu un grand changement dans vre negoce vre

3536 2746 2493 134 graces peut prendre ses mesures a la venant jay trouvez bon de vous advi

3540 2837 1628 170 ser & a mesme temps jey lhonneur d'estre

5701 2881 79 85 l

5375 2879 103 106 C

3328 2870 802 208 Gent Jan B Ladelare

5170 2958 685 137 Adj 6 July 1712

3529 3038 2469 186 beyde ul: seer aengenaemen van 22 & 26 pas. wel ontfangen, de twee packen

3532 3123 2483 158 29 & N 24 hebbe wel gecondutioneert op hun, behoorlycken tijdt thuys

3539 3269 2468 152 gehadt, bedancke ul hertelijcke voor ul goetheyt & de genomene moyte

3525 3367 2506 133 voorders hadde de oncosten op de selve geresen, als mede van hier voorgaende

3544 3466 2477 99 al verwacht, versoecke ul vrindelijck van de notie mij toe te senden, soo voor

3539 3551 2480 139 rid, niet is geschiet, om dat daer by verlegen ben. het sal ul ten dance

3522 3650 2502 132 op de rekkeningh van mijn broeder dan micheel valideren, in afwacht

3551 3744 2138 152 inge blijve met offres van dinst waer in Capabel bene

5861 3765 125 84 l

5344 3832 674 164 Adij 6 jullet 1712

3331 3846 744 165 Londen Cohidman & chid

3549 3960 2483 124 je viend de recevoir l'agreable vre du 20 passé y joint une lestre de change pro

3507 4047 2462 150 reste, qui estoit a la charge de lourens galdij & comp de  £60:-:- pour les

3544 4118 2499 134 quelles jay credite les S. Bere & enckmarck, comme aussi 3  9 et pour le protesst

3540 4216 2505 156 il vous plaira leur donne advis & vous obligeres celuy qui a l'honneur d'estrez
