8077 4699
908 208 2401 116 sijn, & daerom gelieve dat en consideratie te nemen & soo sluyte, hebbe dit iaer niets

900 264 2379 116 meer noodigh, maer int aenstaende voor jaer sal wel partijen ontbieden soo de

873 357 2401 111 gesondene mij aen de stucken bevallen in ue antwoort verwachtendie blijve

874 389 881 166 naer Cordiale groetenissen

671 484 1018 200 Brussel de Wed: Borremans

2817 540 456 124 Adij 9 gber 1713

904 558 2339 189 ie seer aengename van 7 deser wel ontfanghen daer benevens eene assignatie

888 687 2282 107 den Caste Cornelis pouwels van ƒ 162:6½ sijnde gult het impost van de drij

884 773 2385 112 gesondene quittantie, die prompt sijn voldaen bedanckende ue hertelijck voor

882 886 2336 115 de genomene moijte hope ul: poccasie, in soo, oft andre dinsten ue mede

884 958 2327 122 behulpsaem te wesen, wanneer voorvallende gelieve te commanderen

888 1041 2404 115 ben verwondertik seght dat mijn N verkeert gestelt is, ick bevinde op den

884 1113 2394 102 renten Boeck van mijn vader saliger dat certijdts is geweest N.3 en heeft

879 1195 2370 134 gestelt wel duydelijck met dese woorden voordesen was N.3 en is intijaer

883 1309 2289 128 1709 verandert en maet nu sijn N. 2048 en is inde maens meij op dien

882 1392 2379 147 selve N 2048: aem mij p monsr. Cristian segers betaelt geweest, nu hiet

885 1477 2414 159 soude konnen gebeuren dat als wanneer dese rente op mijne name gesteltie

866 1588 2411 109 geweest, een ander N soude gehregen hebbe, soo versaecke mijn heer u soon

888 1670 2312 149 als hij occasie heeft, het selve noch eens geliefde naer te sien sal mij

885 1762 2311 115 vrintschap geschieden ul benevens de geheele familie groetende blijve

673 1819 1112 174 halle Nicolaes vanden betge

2634 1854 593 154 Adij 9 gber 1712

895 1946 2248 131 op 25 ber was aen ue mijnen laeste als wanneer ue adviseerde het

879 2042 2370 105 arrivement van het convoij met sarges sedert van ue neets vernomen

893 2119 2383 146 ben bedught, dat dien ue niet moet geworden sijn, soo neme de vrijighey

883 2205 2380 144 van ue met desen ne mael te confirmeren het arrivement vant

885 2320 2400 114 voorsijde  onvoij en dat geenige wilte sarges bij hebbe volgens ue geson

876 2384 2389 155 dene stalen, waer van hier ingeslote hier eenige clijne staeltiens, soo

892 2487 2390 142 ul hier mede, & met andre goedren dienen kan versoecke, te commandere

865 2569 2295 172 deere, van ue antwoort, als oock dordre afwachtende blijve naer

862 2664 785 164 Rordiele groettenissen

641 2779 1206 186 brussel de wed: Henrico borremans

2547 2811 658 191 Adij 14 gber 1722

889 2945 2310 151 ul seer aengename van 12 deser wel ontfangen waer bij verstaen, hoe

867 3018 2343 177 dat mijn vader saliger de N. van de quitantie wel acht jaeren qualijck

861 3125 2400 140 genoteert hadde, & dat het recht N.. 2040: wesen moet, soo hebbe suckx

878 3223 2412 141 op mijn rente boeck genoteert bedanckende ue noch mael hertelijck voor

851 3284 2449 177 de genomene moijte ingeslote sende aen ul, 3 staelbochie, met drogelten

866 3386 2328 142 die ick aenstaen, gelieve te noteren het stael boeckie N.100 is wat

876 3467 2365 170 geanteent geweest daerom schijne de staeltiens, wat ongeparst, waer

882 3547 2331 182 naer u: niet moet sien want de stucken, hebbe alle goede perse soo

896 3648 2386 149 moet ue maer naer de couleuren, te werck gaen, neme noch mael de liber

869 3756 2342 102 tijdt van hier ingeslote een wissel brief tacsepteren van 215 patakons

869 3858 2333 141 toe te senden met versoeck, van den selven te laten accepteren & bj

871 3921 2397 184 faute van dien te laten protesteren, met de stalen, van de drogetten

882 4056 2388 168 mij dito weder te senden in afwachtinge blijve naer cordicale groette

878 4114 343 154 nisser

5932 212 112 96 18

3343 213 762 206 Ath Ignace horion

5620 289 436 158 Adij 15 gber 171

3577 314 2467 215 jeviend de recevoir la tres chere, & agreable vre du 1 courant y jout une lettre

4526 430 60 56 e

3552 443 2488 121 de change de deux cent, & qu escus de change lun bruxelles, a quinze jours de

3558 538 2487 167 vue que j'ay envoyez pour acceptation, & quand elle serat payez vre grace serat

3543 614 2522 183 credite, il m'est tous d'un, des lettres sur bruxelles ou sur anvers, mais pas sur

3553 683 2486 214 des autre lieu, a couse, qu'il y a tousjours a perdre, je vous mercce de vre bon

3571 796 2487 202 soin, & au je suis capable a vous rendre service ayez la bonte de me commande

3564 898 2484 185 & je suis de tous mon coeur ayant fait mes treshumbles respect a mad: vre chere

3553 977 360 119 espaule

3361 1048 758 136 twerton John ipeats

5314 1064 700 193 Adij 16 gber 1712

3566 1142 2425 243 op 2 deser was aen ul mijnen laeste, waer aen mij gedrage, sedert become ul

3564 1256 2414 203 aengename van 20 pas waer mede ue versoeckt, te weten, oft ue de prince sarges

3567 1359 2432 196 nia ostende, oft rotterdam soude senden, in antwoort begeine geene goedren

3547 1433 2448 201 meer via ratterdam om dat men lange die hant dobbel rechten moet betalen,

3534 1514 2463 191 & dat kan present de nogotie niet draghen soo sal ue die via ostende sende, p

3553 1646 2486 188 schippen John beridge Junior hebbe 3oopo: geordoneert, die op te packen in twee selven

3551 1722 2469 214 & met de 10 geordoneerde drapeen op 24 sber te samen in een sello op packen de

3533 1848 2489 149 ouleuren precies naer te comen, oft geene, & soo dese meer soude moeten koste

3548 1896 2475 188 als de voorgaende, soo gelieve geene te senden, want het is van de luyden, niet te

3547 2023 2464 131 becomen, ick geloove, dat de negotie met mij niet alleen slecht is, maer oock met

3556 2130 2480 167 alle andre het kan sijn, dat andre meer verkoopen, om dat te de goedren beter c

3529 2211 2520 181 geven, als ick, & mijne wegael doen konnen, nu die staen op tapijdt van uyt te negen

3548 2303 2486 184 tieren, ick soude niets verkoope, oft moete iets profiteren, de wissel is soo gemon

3543 2363 2486 214 teerdt datter niet aen te komen is, sien p eerste, onse rck courant te gemoet

3548 2445 1135 180 & blijve naer cordiale groettenisse

3357 2505 832 180 brussel de wed: borremans

5393 2589 562 142 Adij 19 gber 1712

3553 2619 2450 208 ul seer aengename, van 116 deser wel ontfangens benevens den wissel brief

3549 2699 2448 158 geaccepteend terugge, als oock de stalen van de drogetten waer van ul: maer

3541 2817 2486 179 3 ps genoteent heeft die ue heden p beurtschip toesenden, & vermits iul de geteee

3532 2877 2482 153 hende drapeen soude gaerne mede hebben, soo hebbe om ue te sienen de

3547 2998 2490 177 groote bale geopendt, als oock de twee Clijne baeltiens waer de 5 ps, met de

3546 3078 2434 199 drogetten te samen ben sendende, soo versoecke mij te crediteren, als

3548 3138 824 169 volght in wissel gelde

3684 3230 2161 209 sarges alberbete drapeen 229d. .. a ƒ22:- ƒ 10:

3696 3347 928 160 1 drogels g „ 47- a 62 ½

3692 3431 2230 181 1 ditto .„42-„ 56- a183 ..„-:13 ½.„ 123:10

3700 3549 889 149 1 ditto.„ 48 ½ „ 64 ½

4599 3557 665 212 samen en wisselgelde

5333 3608 575 187 ƒ200:10:

3694 3637 201 169 8 6d

3528 3782 2484 169 twijfele niet, ofte sullen ue ten uijttersten contentement geven int toecomende

3545 3872 2461 199 selle de drogetten 14 stuyvers moeten kosten, omdat se in Englant opgeslagen

3536 3954 2423 149 sijn, & noch duerder staen te worden, soo om het monteren, vande wissel, als

3525 4062 2457 190 andersins, waer in cassabel ben ue voordren dinst te doen gelieve, te

3531 4131 1815 201 commanderen, die naer cordiale groettenisse blijve
