8228 4610
2954 92 97 109 ond

938 172 2349 133 minder laude stelle, als fat 37:6n door een aen oort ick oft magh

949 216 2320 199 die pris niet besteden, want saude mijn gelt daer uyt niet konpen

936 328 2318 166 maken andre hebbe hunne goedre, dit jaer niet opgeslagen, soo

953 407 2342 156 geloove, dat ue die mede soo goede coop kont in looper,  hebbe dede

949 475 2270 166 bale aen ue geordoneert om onse corespondentie to onderhanden

937 566 2379 157 tot aldertijdt, dat de egotie, wat betren magh om als dan merdre

957 650 2249 176 partije te ordoneren, nu om dat ue wel iets meerder wel geven

948 727 2310 179 sal die aen nemen de schades a 37 & de olives a 36:6 en, maer oock

949 852 2355 158 niet meer, & dan moet ue soo veel schades als andre couleuren sende

950 912 2385 208 gelijck de ordre aen ue gesonden & de couleuren precies na te comen,

935 1011 2329 188 & geen doodtse couleure biy te doen want soude die niet aen nemen

921 1084 2388 211 de olives mogen niet Bruynder sijn als die int baeltien ƒ195:-

948 1212 2391 191 & kan ue de twee balen niet besorgen, ben te vreede met eene van

961 1282 2361 191 60ps alle, vant alderbeste goet: wat aergaet de perpet. van 2 bran

985 1388 2193 200 banse ellen breet de beste van 97 p stuckx is te duer, 90 p soude

970 1502 2307 160 honner gaen & dan saude die hunne volle leingde a breidde moete

978 1564 2233 167 hebbe ick sal voor dese rijse, daer mede noch aen sien, om dat de

987 1679 2310 196 wissel alte seer besware nisse saude daer op maken ue antwoont, hier

980 1804 787 151 op verwachtende blijve

2791 1834 536 177 Adij 21 Junj 1713

796 1902 954 149 af½ uithien Rraxse

977 1947 2276 198 j'aij bien recu la vre du 16 courant done je suis encor plus surprix

988 2061 2290 170 que vous avez marque a Jan Cappal, que ie vous ay escrit que ie suiy

979 2131 2314 198 avois compte les deux cent florins courant., lisca ma lestre du pme

971 2229 2236 199 vous verrez, que ie vous ay dit que j'ay consentie de payer, mais,

976 2340 2365 173 point que je les avois payez, le dit cappal, m'est venu dire des sottises

976 2417 2326 148 & tout ee la p vre escritare, pour un autre fois, mons ie vous prie

933 2523 2252 176 de baer relier mes lettres avans faire felles abus a la fin, ie

978 2612 2337 141 vous dis presentement que Coppal, at recu ayour d'huy les deux cent

973 2693 2326 173 florins argent court ainsij, il vous plaire, me crediter esperand,

989 2836 2288 143 bien tost l'honneur de vous voire pour faire, de bonnes emplaittes

977 2930 2292 156 comme aussij la lestre de change, que vous attendiz, les sanges,

995 3000 2298 186 dautre marchandise montent de jour en jour ie vous salue, & suis

987 3131 750 169 de tous mon coeur

2802 3200 472 151 Adij 24 ditto

767 3216 973 181 Awerten Henrij Blagdon

1002 3311 2275 122 ue seer aengename van 6 deser wel ontfange waer bij ue seght dat ue

979 3387 2268 154 de geordoneerde royales & perpet sult sorgh vuldelijck sult prepareren, & met

971 3455 2321 193 John buridge tuniot, sult versenden hebbe, tot nochtoe geene coffees

984 3544 2312 240 aft blass noodigh terwijlen en int minste geen aftrecse is, &wat aen

1895 3667 237 87 te sende

975 3640 2222 242 gaet, de geplechte sarges, op antwoort, sande die tot geen prijs

995 3737 2272 218 aen nemen want blijven mij aen de hant, & de cooperj willese niet

983 3821 2310 208 besien, soo de balen geopent worden, visiteren de stucken van laegh

969 3911 2307 229 tot laegh dover het minoste verschil van couleur is worden die

995 4032 2249 207 stacken uytgeschoten soo ue magh geene sende de coffees, sijn soo

996 4154 2338 178 gewilligh niet meer als wel geweest hebbe, & soo ue een s2 op shagh

992 4270 2317 167 doet, sal dier lust, noch te men, doen vergaen, tot ue goevernee

3540 179 2472 105 gestren, hebbe de grootte elachte van de weult gehal voor ue coffees soude

3490 269 2509 95 Jernaem date s plaets, van a 29 te meeten, maer 27 hebbe gemete

3531 312 2487 109 dat sijn 2 a te kont op 1 stuck, de luyden willen, mij die weder senden wete

3545 396 2466 152 niet wat daer mede doen sal, om te laten rabatteren, kan met dragen

3530 491 2425 132 saude daer verlies bjdoen ick segge noch maet, soo ue ue goet korter

3522 550 2497 190 gslechter macht als voordesen soo suldij aen ue selve groote prejudite

3526 669 2398 155 doer, gmaker dat niemant die meer sal begeiren, hebbe tot na em

3520 779 2429 187 goede reputatie geweest en om daer in te blijveen, soo versoecke

3533 870 2416 190 aer mij geene vervalste sarges te senden want saude genoodtsoe ht

3514 974 2488 185 sijn die voor ul ick te laten seggen, sal ue voorde tweede aenstoe

3536 1060 2453 165 de convoy, stalen voor drogetten, segge voor longh drogis sende

3536 1203 95 73 als

3519 1143 2456 168 a oock ordre, voor 20 a 30 ps a la mode, heeft ue present eenige

3512 1277 2482 161 ps by gelieve de stalen te senden om tesier, oft mij die aggreeren

3519 1380 1580 161 soude ue van herte groendende blijve

5242 1441 721 188 Adij 25 Juny 1713

3386 1509 769 193 Brussel Joff. Jansens

3541 1609 2429 188 in gevolge d'ordre van dhier nicolas van den berge, van hulle soo hebbe

3516 1722 2425 136 heden op ul getrocken set hondert guldens wisselgelde, te betalen aen

3480 1809 2450 173 dordre van Theer Jan Michiel melijn, twijflle niet oft ul: sal mijn

3479 1909 2448 170 vraitte verceren, merouff. vanden berge de geestelijcke dochter is

3517 2011 2397 140 pretent noch hier, & schicht op vrijdagh trecomente te vetrecken

3510 2097 2437 187 doet ul hertelijck groeten dat mede ben doende, & waur in Capabel

3502 2226 2369 171 van ule eenige dinst te doen, gelieve te comandere die blijve

5316 2297 636 186 Adij 26 Jany 1712

3382 2333 1120 177 amstterdam Trancisco Pousseau

3515 2402 2478 219 op 19 deser was aen ue mijnen laesten sedert geene van ul, soo referrene

3511 2535 2502 146 mij aen den selve gistren become wederon het brieffie van ƒ 216 g: hollants

3522 2647 2484 132 courant op peleijre, met ordre om het selve, aen ue toete senden, terwijlen

3485 2705 2518 153 den S. Antemes den treeker door emant vande vrinden van mons Jaen

3507 2810 2466 152 l'olirer heeft doen seggen dat het brieffie souder twijfele saude

3506 2904 2491 120 doen betalen, soo neme de libertijdt van ue met het selve noch mael

3519 2991 2500 169 te importuneren versoeckende alle mogelijcke devoiren te doen, g&esoa

3499 3085 2515 170 de betalinge compt nut na te laten van alle oncosten intrest

3519 3195 2360 146 naer rechte mede te vragen, soer wederom tijdt versoght wirt

3493 3311 2435 164 gelieve het toe te staen at gepasseert, mij adviseren ue van herte

3529 3382 880 189 gretende Blijve

5514 3396 434 184 Adij 27 ditto

3383 3516 615 193 afh. L'olvees

3529 3533 2460 196 les deux aggreable vre du 22 & 25 courant mion este bien rendu

3519 3632 2480 225 a son temps avec le premiere vre grace me renvoit la lettre prote

3513 3768 2483 143 re de ƒ 2169: d'hollande, que j'ay envoyez a mon amis a

3487 3836 2495 185 d'amt selon vre ordre ie vous que vous avez bon opinion pour

3501 3960 2349 202 le payement royez mons que tous cela ne sera rier noies

3511 4021 2403 224 cognoissons a peu pres les intriques de ces messr cependant j'ay

3500 4148 2482 229 donne ordre de faire, tous les devoirs du monde & si en cas que
