8166 4651
2881 202 438 157 Adij 13 april 17

758 190 784 185 feverton John Micobs

928 274 2383 182 soo aenstons become ue seer aengename van a5 poss. dienende tot

938 421 2358 116 antwoort op mijnen van 18 ditto & dat ue de geordoneerde 120 ps wel sout

932 487 2371 142 besorgen & de selve versenden p John Ewinge, die vervolgens te gemoet

923 588 2412 110 sal sien ue sint facturen en stalen van eene bale N.p bedragende

931 655 2375 161 £108:-:118 die couleure sijn naer mijn ordre niet ahebbe geene

942 730 2381 117 andre goedren noodigh als die denike te konnen de beteren het baeltie

944 821 2363 130 14 & ½: & N g soude noch wel aennemen geenige uyt N½:

949 921 2378 178 waert dat se wel gemengelt waeren, met roos soude die mede aennemen

924 1017 2403 174 sijn te grofen te seer doots, soo dat daer niet aencomen magh ue gelie

925 1110 2362 136 die daer anders van te disponeren tot ue governo, tot sal governo

936 1208 2249 112 hadde versoeght de prijser te weten van de perpet. van tweeellen

933 1301 2340 163 breet ue geeft mij daer geen antwoont op, soo versoeke p eerste

946 1398 1858 116 de selve te weeten & in afwachtenge blijve met haest

751 1473 781 166 swertesbere & l nech marck

2674 1500 561 131 Adij 15 april 1713

933 1598 2374 113 soo aenstons, become ue seer aengename van 28 pas met facturen, stalen

924 1663 2308 104 voor 5 balen ƒ 52 a 56 belopende st£ 521:13:6 en het staelbrecken

937 1772 2277 113 N. 204. sien p eerste te gemoet, ue voltrecht mijn ordre ontrent de lousts

955 1861 2296 129 niet hoe het voorders is hebbe niet naergesien om de kortheyt van den

931 1919 2287 159 tijdt desen princepael tot antwoort antrent d'ausseurantie, soo segge

953 2008 2234 165 noch maek, dat gij lieden de helft moet asseureren want soude soo

939 2105 2289 156 veel risico in een schip niet loopen voor den primio sal aengeven

933 2174 2353 158 gelijck andre aen ue & andre vrinden doen, soo gaet de helft riies voor

938 2285 871 170 ue rek blijve met haest

2627 2335 631 172 Adij 20 april 1743

737 2382 1100 156 amsterdam Francisco Rousseau

962 2469 2286 149 uetseer aengename van 14 deser wel ontfange bedancke ue hertelijck

935 2575 2243 106 voor de felutatie van den vrede wencke ue daer van gelijcke veel

970 2673 2274 138 geluck en voorspoet mede soo naer siel als naer lichaem, godt wilt

927 2768 2269 110 geven, dat het wante giens magh wesen, soo voor het eer als voor

934 2839 2237 150 het arder de mesr peyra hodden ue laten weten dat soo haest

941 2931 2224 146 kunne pennenge van de comptoeren van noort hollant souden

953 3033 2340 152 ontfangen hebben de ƒ2169:- souden voldoen, daer by voegende

941 3142 2274 128 de oncosten, op de selve geresen volgens de nottie al gesonden

946 3202 2337 179 als oock den intrest van den tijdt, het sal mij lief sijn den ontfangh

942 3323 513 105 te verstaen

961 3362 2362 158 ingeslote remittere £825: 3:9 en in drij brieven te weten ƒ361:13

937 3479 2362 148 ten laste mons beauvair le fer tat si malo addres by me, off: Joun balde

956 3571 2362 167 wed: & soone etem £93:132 en ten laste Jan Lambert in Londen

944 3670 2374 164 addres bij mons. pels & fils, byde seer kort, waer voore het noodig gelieve

944 3769 2390 106 te besorgen alnoch £370:9:3 en ten laste george cefforde compe

959 3874 2377 145 op 8 dagen dato, makende de same de voors somnee van 6825:3:9

945 4000 2362 136 waer voore mij vervolgens gelieve te crediteren aden ontfangh cito

952 4077 443 145 l'adviseren

948 4116 2338 182 dese partije hebbe hebbe voor  te become, soo ue op sonder

948 4276 2168 147 a 35:4 en ten rechten kan geraken gelieve te remitteren

3533 201 2461 118 soo niet, begeire wel retourer op tijt voor £500:- ten beste mogelijck

3539 281 2405 94 liever op brusel, als op antwerpen, mits conditie, met beter avance

3535 349 2483 138 gelijck de ordinaire cours is, brussel behoorde ½ p uyt te macken

3529 449 2468 157 laet het ¼ p a ¼ p wesen, dogh het meste sal het aengenaeste

3543 559 2484 142 wesen sal ue in toecomende selfs voor dese partije soo ue op de quarter

3546 621 2503 171 en remitteert ½ u voor provisie instaen, voor de brieven gelie,

3549 737 2460 156 de brieven op londen een alf tot ue governe twijfele, oft sal mijn

3528 825 2501 162 entrest waer nemen & mijn meeste avantagie soecken dat van henbe

3540 923 2469 161 recomandere, diere van antoort verwachtende blijve naer cordiale

3552 991 461 153 groettenisse

5421 1070 569 190 Adij 26 april 1713

3369 1100 933 163 brugge Lillis van Coppenolle

3543 1145 2437 156 ie seer aengename van 5 deser wel ontfange & vervolgens ue traitte van

3517 1301 2471 145 £355:10:6 7 vereert in toecomende, gelieve te trecken, op een dagh, oft 3

3517 1371 2493 179 dato, naer ue wel gevallen, & op den wissel brief niet te stellen de weerde

3515 1476 2366 163 geresconteent over sijne maiestijts rechten, allenelijck weirde in rek

3529 1584 2493 151 John Cwings wont e van ason verwacht, het sal mij laet sijn, sijn are

3530 1703 2471 142 wement te vernemen ingeslote een wissel brief £ 300:- ten laste

3507 1775 2527 173 foais jolliy a costiy, die versoecke te laten accepteren, & mij ciso wedersenden

3519 1896 2490 156 salt mij verobligeren: wenche wel te weten, de capacctijt, chandel van

3531 1979 2475 148 den voors Jollij derhalve ue informatie sal mij ten uijtsteesten aenge

3529 2077 2485 157 naem sijn, dit onderons den vrede is nu gesloten, godt wil geven, dat hij

3495 2170 2476 175 Langedurigh magh wesen & voor ons lant wordeellgh, tot noch toe

3521 2258 2509 186 weet men niets vast, moeten het beste hopen ul van herte groetende

3518 2371 362 128 blijve

5485 2409 506 188 Adij 27 april 1713

3346 2454 645 181 brussel Mr. Dendon

3520 2497 2482 211 ie vous envoye aujourdhuy p mallin une peetit paque marque M:H

3537 2649 2431 148 pour compte de mons nicolas hamalt de mons il contient 16 pieces

3523 2717 2477 141 de sarges de vint & deux florins la piece, il vous plaira faire la decla

3543 2825 2447 167 ration a l'advenant, ma de moissi, hamalt qui est presentement icy m'at

3532 2918 2487 146 priez de recommandez l'encheminement au plutost posible & 'obbligerez

3509 3013 1542 186 comme moij qui suis de tous mon coeur

3357 3096 866 197 mons Nicolas Hamall

5471 3104 542 185 Adij 22 ditto 1713

3528 3214 2486 208 madmoisselle. vre espouse, m'at fait l'honneur, de me venir voire faire

3517 3348 2443 173 une bomne emplaitte elle m'at ordone de vous dire qu'elle jouisse d'une

3515 3449 2497 158 bonne sante & quelle at eu les sarges a ƒ23:- ausij quant thes vendent

3503 3509 2497 168 is les faut ausser autre je vous envoye aujourd huj p malline 16 pieces

3517 3603 2417 151 de sarges dans une petit ballo marque M:L:N.S. il est addrissee

3533 3717 2469 159 a Si dendon, maitre, de chouche, de mons., au je suis capable a vous

3509 3807 2520 196 rendre service, ayez la bonte de me commander celuy que et l'honne

3524 3881 508 137 ur d'estre

3494 4019 2487 186 P. a l'instant monsr. vre fils me vient dire p ordre de mad: la mere

3518 4187 2488 108 que ie vous marquerois que vous voudrois prendre la lestre de change

3512 4278 1155 159 de monsr piere recq sus pary
