8344 4651
2664 210 623 155 Adij 5 xbro 1713

801 222 1180 189 bre Ick martimas velkaert

964 323 2318 164 hebbe advies becomen van mjousf. de wed: rousseau dat is aen

962 470 2297 140 haer heeft getelt een houdent oyttigh guldens wissel gede waer

997 571 2274 148 voren ue iek is gecrediteert voorders u versoght te weten, oft

986 664 2229 132 het engels convoij stont te arriveren, soo segge tot antre

950 780 2234 146 dat gistren hier in huys mijne laeste packen ontfange

978 861 2287 143 hebbe, estaen met den eersten, tot brusses te ccomen doghn

999 970 2225 137 wete noch niet wanneer prieus vertrecken sal om het siert

996 1062 2299 185 wiesent weder & siude wel gebeuren, dat toe comende vuydagh

980 1178 2352 148 sende wesen waer van aen mers le fayt getreve kennisse

979 1244 2253 195 te geven, sal partijen staelen mede brengen u van

964 1382 915 136 ert groetende bhijv

2721 1497 472 168 Adij 6 d

806 1479 1039 219 trerton Henrij blayden

991 1636 2278 186 op 18 pas was aen ul mijnen met erdre veer 60 sarges fcoffens

975 1768 2348 149 beste 229d: met name & 60 ditto sender name, als oock 20 dragite

962 1868 2348 102 dat met desen, noch meet confirmere, & gelieve de 60 beste met

986 1988 2293 114 name te vermeerdren tot 120ps sijnde samen 3 bale coffeet

973 2049 2333 147 ider van 60pp. recommandere de goede sorge voor de quelitjdt

993 2160 2268 138 principael, voor de sengde a fijnte voorder verwaghte p eersten

988 2237 2249 181 mijne rek courant. ingeslot remittere ue £115: ten

991 2348 2277 171 latte saen herman adrique ofmius in london, waer vooren

1005 2429 2278 152 het noodigh gelieve te besorgen, soo iu dese come te

988 2582 2251 114 ontfangen voor aleen ie mijne  courant versonden

991 2653 2197 169 heeft soo sal u dese remise, op de selve noch stellen

999 2734 2290 168 hebbe geen appant connen vinden, soo dat meer remitter

1016 2857 2215 139 sal op de uwe rek dienen, soo haest u al eenigh gaet

1006 2950 2265 182 gereedt hebt geliene, de stalen, toe te senden, twijflle niet

1023 3059 2272 201 oft u sal mijne ordres volbrengken &in afwaghtinge

1001 3173 2258 137 mijne rek: courant op ontfangh desey soo niet versonden

992 3273 1740 197 is blijve naer Cordiale groetan

2628 3383 677 207 Ady 9 d: 1713

826 3398 1186 221 dermonde Piere de BBaut

1000 3505 2266 197 ende aen heden p beurtschip op der men die godt gehijde

996 3680 2264 153 fwee packen het eene gemakekt t:F:1. met 58 ps sanges

1006 3743 2290 142 voor rek. van mejrest de wd: igrace frarens lesen en het

1016 3834 2297 156 ander gemarckt T:6 3o. voor rek van nors ep ene contois

1004 3932 2225 137 van ath met 20 ps ditto ie sal jesune lr ordre te

1011 4037 2274 171 volgen sijnde de waght olheer betaett soo sranco van

1004 4140 2136 179 elles ue wert het noodige gerecomandert u van hertel

1016 4274 973 166 groetende blijv

5846 189 153 95 108

3453 239 1098 168 brussel Cristiaen segers

5349 242 560 165 Adij 13 xbre 1713

3489 344 2486 127 singevolge ie mondelinge ordre, soo sende aen ul hier aen den roet

3482 443 2475 146 deser negen staeltiens van gestrepte flanelle, sijnde van prijsen als

3509 530 2467 141 genoteert hebbe de rek. noch eens naer gemaeckt & die op het alder

3493 662 2513 108 laeghten gestelt soo datse niet minder connen gegeven worden & dat u

3497 724 2498 145 die, met dit laeste convoy gearriveert comen waeren, souder mij soo

3524 784 2507 149 reck incosten dat gelieve te considereren, enige daer van uu aenhande

3507 895 2451 174 gelieve een stuckie van de staeltiens weder te senden om niets

3515 997 2485 156 te missen & waer n voorders capabel ben u dient te doen, gelieve

3526 1113 2346 134 te commanderen die blijve naer cordiale groetenesse

3977 1304 865 186 5 differente streppiens

4915 1319 1030 216 0 a 12 ¼ stayvertwissel gelde

4308 1495 1562 219 1 swert trepsen 12¼ d wissel gede

4287 1754 1661 242 2 d. swerten „ 12 stuyvers wissel gede

4312 1900 490 195 1 Plaue

3424 2179 1154 229 Brussel Cornelis Le fays

5262 2198 712 191 Adij 43 d„ 11713

3505 2331 2427 179 ul aengename, van gistren, wel ontfanghen waer bij sien, dat ue

3509 2457 2430 143 verwaght hadde dat noch eens naer soude gecomen hebben dat

3526 2518 2308 191 met pfaisir sande gedaen hebben waert dat ue ein wendige

3533 2684 2439 121 refolutie geweten hadde even wel anders mijnende & mijne affairens

3520 2742 2489 176 gedaen hebbende, ben vertrocken, & sijdt versekent dat de rijse, meest

3517 2835 2504 126 em uwen t wille gedaen hebbe nu versoeckt ue wederom de stael boec

3514 2941 2488 163 hus die ue bij gehadt heeft om eenige uyt te liesen, soo sende

3510 3047 2457 157 hier ingeslote vier principaeltte volgens u intentie, dagh gelieve

3523 3146 2430 162 te consederen dat dese vier packies in drj differente groote packen

3520 3231 2495 205 gesloten de staen & sijn alle van de laette gearriveerde, soo dat

3517 3368 2478 142 om 3 a 4 ps uyt ider baettien soo veel goederen niet sosmaken

3519 3448 2493 146 magh om dat meer preiuditie als avancee soudee doen, derhalven

3519 3597 2486 154 gelieve deee staeltoehies wel te eenserveren ade stacken die ue

3513 3654 2485 185 agireeren met een spelle teeekenen & geene betiet daer af suiyden

3527 3763 2457 204 sijn alle van de alderbette tar quant claverblet met name

3500 3895 2516 187 tot u geverno u antwoort cito verwaghtende henevere de staelbouken

3524 3989 2045 222 terugge sijne naer slordiche greetenisse
