8152 4699
2697 226 605 137 Adij 2 xber 1713

718 224 767 145 Laer Trancots Chard

858 330 2480 97 sedert dat het gelick gehat hebbe van ul a costij sijnde, te spreken van ue niets

861 427 2471 111 vernomen hadde al verwaght ul mij soude hebben comen besoecken, ofte ten mins

852 508 2464 179 geldt gesonden hebben, het is nu ontrent een jaer geleden, dat het goet aen iuk

865 602 2458 160 verkoght is, & het clijn profijdt dat men aen de sargee heeft can soo langen

851 684 2484 169 borgh niet uijtstaen, oock het convoij staet met den eersten aen te comen chebt

854 834 2458 166 groote somme gelts noodigh, daerom versoecke met na te laeten mij te

844 910 2400 195 comen besoecken, ick hebbe nu eene soorte bastard sarges ngd: die voor

824 1043 2468 179 N23:- & noch wel iets minder geten sal, soo dat ul: sal connen bedienen tot

864 1152 2309 147 ue contentement, blijve in asraghtinge dan ue hier te sien agroote u van

846 1250 360 149 herteu

2808 1284 460 176 Adij 3d: 171

784 1333 895 205 Brussel de wed: Borremans

869 1385 2451 233 ul seer aengename, van 2 deser wel ontfanghen dien volgens sien ue taecorde

846 1509 2463 159 ontrent de gesondene re mises, hebt bevonden sal voor daslignatie van dhier vanden broeck

857 1625 2454 141 de betaelinge in voorderen an crediteren, voor ƒ400:- courant in wissel gelde

841 1690 2407 230 ƒ 342:17: wat aen gaet de 6 coffees sargis van de partije 9 sber. het is

831 1796 2478 203 mij van herten eet dat u daer over misnoeght is het is waer, dat de ande

838 1873 2488 239 beter sijn, dogh u heeft van te vooren neyt van dese beste soorte gehadt atene

841 1984 2481 215 tijde van mijn heder saliger heeft u groode partijen genomen van die van ƒ 23:10

838 2088 2500 216 terwijlen die a costij sijn, hebbe liever 10ft p ns te verliesen, &oock om

846 2232 2486 157 dat die partije algetreekt is, waer in capabel ben u voorderen dienst te doen

841 2348 2027 193 gelieve te commanderen, die blijve na minsame groetenitsen

2816 2479 508 159 Adij 3d. 1715

768 2474 984 206 Swerten Henry P. Lagdon

846 2557 2475 228 op 23 a 1s pas waeren aen ue mijnen laesten, waer mij gedrage, sedert become u aen gee

864 2729 2447 101 van 3 past. ditto, daer benevens facture & staelen ognossemen van 4 baelen te weeten

846 2776 2469 145 20 urpet. en N.47:60. ordinaire Coffees in N. 48 460 d beste in N. 49. als oock 36

850 2863 2485 181 drogetten in N.56 bedragende samen st £368:16, de coffecs, sijn wel van couleur

848 2940 2491 206 de drogettan sijn van couleure niet wel gesoiteert, na mijn ordre, sijn meest naer

851 3086 2478 180 N.6.:7. 89 a 13 & geane op de andre couleuren comen dat ps bruyn met een wit

843 3211 2494 124 hantien, is niet quaet, eghter soodanige, mooght niet meer serden om dat die couleure

850 3292 2484 178 selder gevraeght worden maer wel naer N.14. dese sijnde die manqueren, soo

845 3386 2497 161 gelieve die e burndge te versorden, dogh alle van clijne fijne men gelinge, oock wele

853 3450 2482 210 geperst boven dien prepareert noch 30 witte perpet. te weeten 10 ps a 38 s

862 3593 2435 174 10 d a 42 p 10 d a48 s. wat voorders soude comen te menqueren, moet

800 3686 2468 165 iden tijdt leeren, hadde u de facture & staelen vroeger gesonden, gelijck met mijnen

855 3766 2513 164 vorgen gescreven hebbe, soude voor nu betaelt geweest sijn, termits de wissel

862 3910 2473 129 wat a 361 s 7 a 6 7 andisset een seer groote veranderinge in de selve gecome

854 4006 2363 129 & hebbe 37 en te vergeeft geboden, dat eghter doorseke is, hier benevens niet

848 4057 2497 216 remittere, p mijnen naesten heeft ul coenwel remise te verwaghten  blijve

855 4219 783 163 naer Cordiele g roet enisse

4281 179 120 100 -

6004 116 185 174 2d

5440 238 576 146 Adij 1713 ¾ xber

3530 253 830 174 Brussel Cristiaen segers

3584 331 2478 172 hebbe over eenigen tijdt ul eens gesproken van engelsche calffvellen waer van

3561 436 2569 141 mij een stael, oft marck gesonden hebt, dat de groote roose isende de eerste galder beste

3579 509 2388 227 looote dier uyt engelant compt hebbe occasie, om eenige voor dese stadt te

3572 662 2611 143 entbreden, soo neme met desen de libertijdt van ue te versoecke uns bij de

3565 667 2615 252 leffelanste schoenmakers a costij te informeren, wat prijs daer aen besteden

3581 820 2501 225 worden hier 18ft p l: wissel geldt versoght tot ul naright oock gelieve te

3575 923 2567 226 noteren, hoe veel dosijnen w aen den man soude connen brengen soo haeft die

3556 978 2626 281 bij soude hebben, want dese goederen mogen niet blijven leggen daerom versoecke

6136 1102 87 87 iek

3554 1126 2494 234 vrindelijck den eeneneden anderen schoemaker daer over t spreken au can

6143 1233 56 70 25

3548 1252 2535 236 vervolgens speculatie maken hoe veel dosijnen iu toe sende soude & sal dan

6136 1458 60 74 te

3562 1365 2538 244 vervolgens die ontonden, ul antwe met den eersten verwaghtende blijve naer

3559 1552 713 184 Cordiale groetenissen

5368 1642 586 195 Adij 5 xber 1713

3512 1696 1126 198 Brugge gillis van Coppenolle

3587 1801 2508 142 ul aengen van 3 deser wel ontfanghen daer benevene de Rek. van in costen op de

3586 1820 2581 227 bale N.9 £ 28. bedragende ƒ 187:17:3 die hebbe nagesren awel bevonden uijtgenomen

3595 1950 2565 176 dat ul mij den tol van 66 ps a 5 st op de bale 28. rekent, dat ick niet betaele moete

3584 2057 2544 208 terwijlen tolvrij ben, eghter, om dat wel weete, dat van die bale sulx moet gegeven

3594 2165 2601 185 worden, ul: moet dheer soos de meule naer, dat doen betaelen voor rek. van den eijgenaer ue

3592 2227 2563 237 &de £:6:- d sul, dat dheer de molenaer van ul traeght voor de touwen p raeckt mij

3595 2348 2603 212 niet, terwijlen met die bale overgenomen hebbe, tot scheren prijs, & dat ick die extra oncoste

3591 2457 2595 232 soude maten betaelen, souden mij deserder in prijs comen als wel ick die selver soude &

3592 2530 2596 233 ontbreden, daerom sal al dheer de male naer daer overspreken agepasseert mij aenstond

3583 2677 2611 243 tadviseren, want soo die cxtra oncosten op mij willen dringen, sal die baele

3612 2859 491 133 allandenneren

3595 2879 2489 191 sal u traitte van ƒ500:- wisselgeldt voor Dheer gaspar de campo prompt

3621 2973 2525 219 vereeven, dogh u notart niet tot hoeveel d'anvance ul: dese trante genegotient heeft

3614 3099 1602 204 moet a minstert ½ &½ weesen tot unaright

6133 3239 70 85 p

3592 3107 2595 278 hope op morgen van ue te verneme dat John caringe behanden sal sijn gearriveert

3597 3298 2592 197 vermits den wint van gistren nae middagh na den luyt westen geseert was gheden &

3597 3349 2524 251 noch centinuereert in afwaghtinge met verlange blijve naer cordiole groetenessen

5542 3479 605 191 Adij d: xber 1713

3496 3566 858 191 Brussel Step Rousseau

3602 3609 2465 231 Ensuite a lhonneur de la vre du 26 passe vous este debite pour ƒ233:- pour ma

3602 3688 2535 206 straitte sur le s de Wemer, comme aussij pour ƒ200:- recu de monsr le fayt a ƒ150:-

3568 3828 2454 183 de change de S. martinus volhant, j'ay tirez aujourdhuy sur vre grace ƒ620:-

3536 3832 2630 288 de change a un pour de date, payable a lordre de monsr. van benmel vous priante

3559 4006 2500 209 de faire honneur a ma traitte, &me craire, en tous occasions en qualite dun
