8200 4658
3062 69 172 138 2

1004 186 2255 125 die sorgelijck gelieve te besorgen & vant beste goet senden, voorders gelieve

1031 204 2347 169 mij op ontfangh deser te laten weten oft ue wel perpet van 2 braban

1141 329 159 72 reet

1021 318 2276 143 elle in coopt  sijn dick qmoete oock fijn wesen van de beste soorte

1024 352 2344 165 soude eenige ordoneren, versoehe me de prijse, can die soorte te roteren

1026 471 2238 154 als oock oft ue de voors ordre voor 120 ps sal provederen want

1015 506 2370 172 soude daer bij verlegen sijn, & soude die anders van andre vrinden macten

1016 648 2314 164 vragen ue anttwoorrt verwachtende blijve naer cordiale groetenisse

2867 1437 487 168 Adij 3 Juny 1713

800 1408 975 208 tewerton Derex neckmarck

1017 1574 2253 105 byde ue seer aengename van 29 ast pas. wel ontfange waer bj sien ue

991 1660 2337 118 mijne remises voor  £151:18:4 en op Eduard froed £160: op charles

996 1754 2276 126 bolangere £130: & 125:- op Jccob wachter wel sijn geworden,

1018 1827 2320 97 ue sent stalen voor 13 gestrepte flanelle soude die wel laten comen

1007 1907 2285 137 maer daer seijn stacken onder die den witten gront soo swert hebben

1001 1947 2346 181 dat die niet soude konnen debiteren & daer by oock e goof voor 13d

985 2069 2335 143 & terwijlen ue seght die cospres hebt laten maken, soo sent to ps

1014 2171 2344 132 van de selve maer van hier aen den voet deser de helft van de stalen

985 2239 2353 170 boven dien noch 15 sarges drapie ros, als oock 15 bastardes, witt

1006 2325 2285 137 met blouw groat precies naer dese ingeslotene staeltiens levendigh van

986 2358 2377 190 couleur & niet gestrept gelijck die sonteyts vallen, datse niet vercoopbaer

1007 2482 2318 174 sijn, wat aengaet d'a sseurantie, waer datter meer als een schip in ladinge

1004 2604 2277 151 quam, & dat den risaco conde verdeelen soude ue niet eens vragen, om

1002 2697 2232 142 la seurantie, de goedren connent niet dragen, & un dier regarde u

1007 2801 2285 144 moet doen gelijck andre om ue vrinden te accomoderen hebbe ue

1023 2851 2306 190 al gecrediteert voor 2 asseurant ie van N.° 32:36 voor £3:18:2e7 a

1008 2990 2300 137 P, soo ue sal dat oock soo gelieve te noteren daer is int mintter

1006 3048 2306 170 geen debut de goedrer staen als steenen godt betert hoe het vervolgh

1011 3130 2195 187 sijn sal sal den tijt moeter seeren, om voorders mijn ordres te

1022 3230 2308 141 en largeren sent soo haest mogelijck facture astale, om volgens

1002 3354 988 116 te reguleren aen die blijve

2826 3345 485 137 n 30 april 1711

1624 3410 872 140 10 sarges drapee bruyte ross na

2569 3453 348 161 „ 10 ditto

1647 3511 247 95 5 ditto

1568 3548 904 181 15 ps drapien in one selis

1886 3600 1191 171 10 sarges Bastardes 2egds naer dit staet

2463 3694 622 156 21g naer ditt staek

1906 3745 264 125 5 ditto

1909 3798 565 137 15 as in one sett

1570 3866 1310 168 20 ps gestrepte flanellen naer dese stalen

1618 3998 698 143 10 paen une sette

1560 4063 1756 160 amer 3 setts. & dese 3 setsopse packen in eene bale
