<?xml version="1.0" encoding="UTF-8"?>
<alto xmlns:xsi="http://www.w3.org/2001/XMLSchema-instance"
      xmlns="http://www.loc.gov/standards/alto/ns-v4#"
      xmlns:page="http://schema.primaresearch.org/PAGE/gts/pagecontent/2013-07-15"
      xsi:schemaLocation="http://www.loc.gov/standards/alto/ns-v4# https://www.loc.gov/standards/alto/v4/alto.xsd">
   <Description>
      <MeasurementUnit>pixel</MeasurementUnit>
      <OCRProcessing ID="IdOcr">
         <ocrProcessingStep>
            <processingDateTime>2022-02-11T21:38:47.866+01:00</processingDateTime>
            <processingSoftware>
               <softwareCreator>READ COOP</softwareCreator>
               <softwareName>Transkribus</softwareName>
            </processingSoftware>
         </ocrProcessingStep>
      </OCRProcessing>
   </Description>
   <Layout>
      <Page ID="Page1" PHYSICAL_IMG_NR="1" HEIGHT="4658" WIDTH="8221">
         <TopMargin HEIGHT="0" WIDTH="8221" VPOS="0" HPOS="0"/>
         <LeftMargin HEIGHT="4658" WIDTH="0" VPOS="0" HPOS="0"/>
         <RightMargin HEIGHT="4658" WIDTH="0" VPOS="0" HPOS="8221"/>
         <BottomMargin HEIGHT="0" WIDTH="8221" VPOS="4658" HPOS="0"/>
         <PrintSpace HEIGHT="4658" WIDTH="8221" VPOS="0" HPOS="0">
            <TextBlock ID="region_1643971148848_6004"
                       HEIGHT="4258"
                       WIDTH="2728"
                       VPOS="172"
                       HPOS="597">
               <Shape>
                  <Polygon POINTS="597,172 3325,172 3325,4430 597,4430"/>
               </Shape>
               <TextLine ID="region_1643971148848_6004l1"
                         BASELINE="738,290 783,290 828,290 873,290 918,290 964,290 1009,290 1054,288 1099,288 1144,288 1190,287 1235,286 1280,286 1325,286 1370,286 1416,286 1461,286 1506,286 1551,286 1596,288 1642,288"
                         HEIGHT="182"
                         WIDTH="936"
                         VPOS="184"
                         HPOS="722">
                  <String ID="string_region_1643971148848_6004l1"
                          HEIGHT="182"
                          WIDTH="936"
                          VPOS="184"
                          HPOS="722"
                          CONTENT="Turnhaut van Ba Robert"/>
               </TextLine>
               <TextLine ID="region_1643971148848_6004l2"
                         BASELINE="2742,344 2771,341 2800,338 2829,335 2858,334 2887,334 2916,332 2945,334 2974,334 3003,335 3032,336 3061,337 3090,340 3119,342 3148,344 3177,345 3206,346 3235,346 3264,346 3293,346 3322,346"
                         HEIGHT="161"
                         WIDTH="613"
                         VPOS="235"
                         HPOS="2725">
                  <String ID="string_region_1643971148848_6004l2"
                          HEIGHT="161"
                          WIDTH="613"
                          VPOS="235"
                          HPOS="2725"
                          CONTENT="Adij 20igbed 174"/>
               </TextLine>
               <TextLine ID="region_1643971148848_6004l3"
                         BASELINE="904,404 1021,404 1138,404 1255,405 1372,406 1489,408 1606,408 1723,410 1840,412 1957,414 2074,416 2191,418 2308,420 2425,422 2542,424 2659,426 2776,428 2893,430 3010,430 3127,432 3244,432"
                         HEIGHT="125"
                         WIDTH="2372"
                         VPOS="348"
                         HPOS="888">
                  <String ID="string_region_1643971148848_6004l3"
                          HEIGHT="125"
                          WIDTH="2372"
                          VPOS="348"
                          HPOS="888"
                          CONTENT="ue aengename op 17 april lest, is mij wel geworden etot i toe onbeantw:"/>
               </TextLine>
               <TextLine ID="region_1643971148848_6004l4"
                         BASELINE="904,520 1023,518 1142,518 1261,518 1380,518 1500,518 1619,520 1738,524 1857,526 1976,528 2096,532 2215,534 2334,536 2453,538 2572,540 2692,540 2811,540 2930,540 3049,538 3168,535 3288,530"
                         HEIGHT="199"
                         WIDTH="2416"
                         VPOS="421"
                         HPOS="887">
                  <String ID="string_region_1643971148848_6004l4"
                          HEIGHT="199"
                          WIDTH="2416"
                          VPOS="421"
                          HPOS="887"
                          CONTENT="gebbeven, em dat u de prijsen, van de gevraeghde tijken te hoogh hedde"/>
               </TextLine>
               <TextLine ID="region_1643971148848_6004l5"
                         BASELINE="882,640 1002,642 1123,642 1244,644 1364,644 1485,646 1606,646 1726,648 1847,648 1968,650 2089,650 2209,650 2330,650 2451,650 2571,650 2692,650 2813,650 2933,648 3054,648 3175,646 3296,644"
                         HEIGHT="172"
                         WIDTH="2443"
                         VPOS="560"
                         HPOS="867">
                  <String ID="string_region_1643971148848_6004l5"
                          HEIGHT="172"
                          WIDTH="2443"
                          VPOS="560"
                          HPOS="867"
                          CONTENT="gettelt hebbe nu wederom ordre am 100 ps. te besorghen van qualitijdt"/>
               </TextLine>
               <TextLine ID="region_1643971148848_6004l6"
                         BASELINE="908,750 1026,752 1145,752 1264,754 1383,756 1502,758 1620,759 1739,760 1858,762 1977,764 2096,764 2214,766 2333,766 2452,766 2571,766 2690,766 2808,766 2927,766 3046,764 3165,762 3284,760"
                         HEIGHT="146"
                         WIDTH="2409"
                         VPOS="686"
                         HPOS="892">
                  <String ID="string_region_1643971148848_6004l6"
                          HEIGHT="146"
                          WIDTH="2409"
                          VPOS="686"
                          HPOS="892"
                          CONTENT="als aen den voet deser, waer van den aldernaeste pruys in wissel gelde"/>
               </TextLine>
               <TextLine ID="region_1643971148848_6004l7"
                         BASELINE="884,870 1005,872 1126,873 1248,874 1369,876 1491,878 1612,882 1733,884 1855,886 1976,888 2098,890 2219,892 2340,892 2462,894 2583,894 2705,894 2826,892 2947,890 3069,888 3190,884 3312,880"
                         HEIGHT="126"
                         WIDTH="2459"
                         VPOS="827"
                         HPOS="868">
                  <String ID="string_region_1643971148848_6004l7"
                          HEIGHT="126"
                          WIDTH="2459"
                          VPOS="827"
                          HPOS="868"
                          CONTENT="gelieve te noteren, segge, op het spoedighste, want de soude die bij ondre"/>
               </TextLine>
               <TextLine ID="region_1643971148848_6004l8"
                         BASELINE="898,976 1014,978 1131,979 1248,982 1364,984 1481,986 1598,988 1714,992 1831,994 1948,996 2065,998 2181,1000 2298,1000 2415,1000 2531,1000 2648,998 2765,994 2881,990 2998,984 3115,978 3232,970"
                         HEIGHT="173"
                         WIDTH="2368"
                         VPOS="898"
                         HPOS="881">
                  <String ID="string_region_1643971148848_6004l8"
                          HEIGHT="173"
                          WIDTH="2368"
                          VPOS="898"
                          HPOS="881"
                          CONTENT="wederom moeten haelen tot u gevand ick antw: p eersten te gemoet"/>
               </TextLine>
               <TextLine ID="region_1643971148848_6004l9"
                         BASELINE="916,1076 974,1076 1033,1078 1092,1080 1151,1081 1210,1082 1268,1084 1327,1084 1386,1084 1445,1086 1504,1086 1562,1086 1621,1088 1680,1088 1739,1088 1798,1088 1856,1086 1915,1086 1974,1086 2033,1085 2092,1084"
                         HEIGHT="170"
                         WIDTH="1207"
                         VPOS="995"
                         HPOS="901">
                  <String ID="string_region_1643971148848_6004l9"
                          HEIGHT="170"
                          WIDTH="1207"
                          VPOS="995"
                          HPOS="901"
                          CONTENT="siende blijve naer cordiale groetenissen"/>
               </TextLine>
               <TextLine ID="region_1643971148848_6004l10"
                         BASELINE="1126,1230 1191,1226 1256,1222 1321,1220 1386,1218 1451,1216 1516,1214 1581,1214 1646,1212 1711,1212 1776,1212 1841,1212 1906,1212 1971,1211 2036,1210 2101,1210 2166,1210 2231,1208 2296,1207 2361,1206 2426,1204"
                         HEIGHT="208"
                         WIDTH="1334"
                         VPOS="1091"
                         HPOS="1108">
                  <String ID="string_region_1643971148848_6004l10"
                          HEIGHT="208"
                          WIDTH="1334"
                          VPOS="1091"
                          HPOS="1108"
                          CONTENT="20 ½ groot foot to0 smalel te breede"/>
               </TextLine>
               <TextLine ID="region_1643971148848_6004l11"
                         BASELINE="1126,1334 1174,1334 1223,1336 1272,1336 1321,1336 1370,1336 1419,1336 1468,1334 1517,1334 1566,1334 1615,1332 1663,1330 1712,1330 1761,1328 1810,1327 1859,1326 1908,1326 1957,1324 2006,1324 2055,1324 2104,1324"
                         HEIGHT="148"
                         WIDTH="1008"
                         VPOS="1254"
                         HPOS="1111">
                  <String ID="string_region_1643971148848_6004l11"
                          HEIGHT="148"
                          WIDTH="1008"
                          VPOS="1254"
                          HPOS="1111"
                          CONTENT="10 ¼ 3 segels 10 smalle"/>
               </TextLine>
               <TextLine ID="region_1643971148848_6004l12"
                         BASELINE="1120,1448 1181,1450 1242,1450 1303,1450 1365,1452 1426,1450 1487,1450 1549,1450 1610,1448 1671,1446 1733,1444 1794,1442 1855,1440 1916,1437 1978,1433 2039,1430 2100,1427 2162,1423 2223,1420 2284,1415 2346,1410"
                         HEIGHT="198"
                         WIDTH="1260"
                         VPOS="1321"
                         HPOS="1101">
                  <String ID="string_region_1643971148848_6004l12"
                          HEIGHT="198"
                          WIDTH="1260"
                          VPOS="1321"
                          HPOS="1101"
                          CONTENT="30 ¾ groot ono 10d"/>
               </TextLine>
               <TextLine ID="region_1643971148848_6004l13"
                         BASELINE="1122,1558 1182,1564 1243,1568 1303,1570 1364,1572 1424,1572 1485,1572 1545,1569 1606,1566 1666,1562 1727,1559 1787,1554 1848,1550 1908,1545 1969,1541 2029,1537 2090,1534 2150,1530 2211,1526 2271,1524 2332,1524"
                         HEIGHT="207"
                         WIDTH="1242"
                         VPOS="1438"
                         HPOS="1105">
                  <String ID="string_region_1643971148848_6004l13"
                          HEIGHT="207"
                          WIDTH="1242"
                          VPOS="1438"
                          HPOS="1105"
                          CONTENT="40¾ 3 segels  30 d.. 108"/>
               </TextLine>
               <TextLine ID="region_1643971148848_6004l14"
                         BASELINE="1082,1710 1107,1708 1133,1708 1158,1706 1184,1707 1209,1708 1235,1708 1260,1708 1286,1708 1311,1708 1337,1707 1362,1706 1388,1704"
                         HEIGHT="187"
                         WIDTH="340"
                         VPOS="1568"
                         HPOS="1064">
                  <String ID="string_region_1643971148848_6004l14"
                          HEIGHT="187"
                          WIDTH="340"
                          VPOS="1568"
                          HPOS="1064"
                          CONTENT="200 pr:"/>
               </TextLine>
               <TextLine ID="region_1643971148848_6004l15"
                         BASELINE="2602,1816 2627,1816 2653,1815 2679,1814 2705,1813 2731,1812 2756,1810 2782,1808 2808,1808 2834,1806 2860,1804 2885,1802 2911,1800 2937,1798 2963,1796 2989,1793 3014,1790 3040,1788 3066,1787 3092,1785 3118,1782"
                         HEIGHT="197"
                         WIDTH="557"
                         VPOS="1667"
                         HPOS="2580">
                  <String ID="string_region_1643971148848_6004l15"
                          HEIGHT="197"
                          WIDTH="557"
                          VPOS="1667"
                          HPOS="2580"
                          CONTENT="Adij 23 sber 123"/>
               </TextLine>
               <TextLine ID="region_1643971148848_6004l16"
                         BASELINE="758,1846 796,1844 834,1842 872,1841 910,1838 948,1836 986,1835 1024,1834 1062,1832 1100,1832 1139,1830 1177,1830 1215,1828 1253,1828 1291,1828 1329,1826 1367,1826 1405,1826 1443,1824 1481,1824 1520,1824"
                         HEIGHT="188"
                         WIDTH="797"
                         VPOS="1717"
                         HPOS="740">
                  <String ID="string_region_1643971148848_6004l16"
                          HEIGHT="188"
                          WIDTH="797"
                          VPOS="1717"
                          HPOS="740"
                          CONTENT="tuchaus Jan B. Robert"/>
               </TextLine>
               <TextLine ID="region_1643971148848_6004l17"
                         BASELINE="886,1954 1004,1954 1123,1954 1241,1954 1360,1954 1479,1954 1597,1954 1716,1954 1834,1954 1953,1952 2072,1952 2190,1951 2309,1950 2427,1948 2546,1945 2665,1942 2783,1939 2902,1935 3020,1930 3139,1926 3258,1920"
                         HEIGHT="158"
                         WIDTH="2404"
                         VPOS="1836"
                         HPOS="869">
                  <String ID="string_region_1643971148848_6004l17"
                          HEIGHT="158"
                          WIDTH="2404"
                          VPOS="1836"
                          HPOS="869"
                          CONTENT="den ue van gistren wel ontfanghen met notiten van de gevraeghde 100 po tijken"/>
               </TextLine>
               <TextLine ID="region_1643971148848_6004l18"
                         BASELINE="892,2064 1006,2062 1121,2060 1235,2058 1350,2058 1465,2056 1579,2056 1694,2054 1808,2054 1923,2052 2038,2052 2152,2050 2267,2048 2381,2046 2496,2044 2611,2040 2725,2037 2840,2033 2954,2028 3069,2022 3184,2016"
                         HEIGHT="164"
                         WIDTH="2325"
                         VPOS="1954"
                         HPOS="875">
                  <String ID="string_region_1643971148848_6004l18"
                          HEIGHT="164"
                          WIDTH="2325"
                          VPOS="1954"
                          HPOS="875"
                          CONTENT="tot antwo segge, dat ul de ¾ orj segels &amp;t groet loot stelt oƒ 10:17 daer"/>
               </TextLine>
               <TextLine ID="region_1643971148848_6004l19"
                         BASELINE="890,2168 1008,2166 1126,2164 1244,2163 1362,2162 1481,2160 1599,2158 1717,2158 1835,2156 1953,2154 2072,2154 2190,2152 2308,2150 2426,2148 2544,2146 2663,2142 2781,2140 2899,2136 3017,2134 3135,2128 3254,2124"
                         HEIGHT="184"
                         WIDTH="2397"
                         VPOS="2051"
                         HPOS="872">
                  <String ID="string_region_1643971148848_6004l19"
                          HEIGHT="184"
                          WIDTH="2397"
                          VPOS="2051"
                          HPOS="872"
                          CONTENT="maer magh ƒ10:6 voor betteden dogh salt deselve niet gelieve te versenden"/>
               </TextLine>
               <TextLine ID="region_1643971148848_6004l20"
                         BASELINE="886,2280 1003,2279 1121,2278 1239,2276 1357,2276 1475,2274 1592,2273 1710,2272 1828,2270 1946,2268 2064,2266 2181,2264 2299,2262 2417,2260 2535,2257 2653,2254 2770,2250 2888,2246 3006,2242 3124,2238 3242,2232"
                         HEIGHT="202"
                         WIDTH="2387"
                         VPOS="2119"
                         HPOS="870">
                  <String ID="string_region_1643971148848_6004l20"
                          HEIGHT="202"
                          WIDTH="2387"
                          VPOS="2119"
                          HPOS="870"
                          CONTENT="voor ue voordre ordre geve, want moete de potutie van de prijsen aen"/>
               </TextLine>
               <TextLine ID="region_1643971148848_6004l21"
                         BASELINE="882,2388 1002,2386 1122,2384 1242,2382 1362,2380 1483,2378 1603,2376 1723,2376 1843,2374 1963,2374 2084,2372 2204,2370 2324,2369 2444,2366 2564,2364 2685,2362 2805,2358 2925,2355 3045,2350 3165,2345 3286,2340"
                         HEIGHT="141"
                         WIDTH="2438"
                         VPOS="2288"
                         HPOS="865">
                  <String ID="string_region_1643971148848_6004l21"
                          HEIGHT="141"
                          WIDTH="2438"
                          VPOS="2288"
                          HPOS="865"
                          CONTENT="mijn wint naer Engelandt senden om sijne resolutie de weeten mij vervolgens"/>
               </TextLine>
               <TextLine ID="region_1643971148848_6004l22"
                         BASELINE="880,2504 960,2500 1040,2498 1120,2495 1200,2494 1280,2491 1360,2490 1440,2488 1520,2486 1600,2486 1680,2486 1760,2484 1840,2484 1920,2484 2000,2484 2080,2484 2160,2484 2240,2485 2320,2486 2400,2486 2480,2486"
                         HEIGHT="148"
                         WIDTH="1632"
                         VPOS="2415"
                         HPOS="864">
                  <String ID="string_region_1643971148848_6004l22"
                          HEIGHT="148"
                          WIDTH="1632"
                          VPOS="2415"
                          HPOS="864"
                          CONTENT="te connen reguleren groete u van hertm blijve"/>
               </TextLine>
               <TextLine ID="region_1643971148848_6004l23"
                         BASELINE="2738,2620 2766,2618 2794,2617 2822,2616 2851,2616 2879,2614 2907,2614 2936,2614 2964,2614 2992,2612 3021,2612 3049,2614 3077,2614 3105,2614 3134,2614 3162,2614 3190,2616 3219,2616 3247,2618 3275,2618 3304,2620"
                         HEIGHT="163"
                         WIDTH="599"
                         VPOS="2514"
                         HPOS="2721">
                  <String ID="string_region_1643971148848_6004l23"
                          HEIGHT="163"
                          WIDTH="599"
                          VPOS="2514"
                          HPOS="2721"
                          CONTENT="Adij 24 sber 1713"/>
               </TextLine>
               <TextLine ID="region_1643971148848_6004l24"
                         BASELINE="730,2640 781,2637 833,2634 885,2632 937,2630 989,2628 1040,2628 1092,2626 1144,2626 1196,2626 1248,2626 1299,2626 1351,2626 1403,2626 1455,2626 1507,2625 1558,2624 1610,2622 1662,2620 1714,2617 1766,2614"
                         HEIGHT="168"
                         WIDTH="1068"
                         VPOS="2530"
                         HPOS="713">
                  <String ID="string_region_1643971148848_6004l24"
                          HEIGHT="168"
                          WIDTH="1068"
                          VPOS="2530"
                          HPOS="713"
                          CONTENT="Brussel de wed: Bormemans"/>
               </TextLine>
               <TextLine ID="region_1643971148848_6004l25"
                         BASELINE="862,2762 984,2760 1107,2758 1230,2758 1353,2758 1476,2756 1599,2756 1722,2756 1845,2758 1968,2758 2091,2756 2213,2756 2336,2756 2459,2754 2582,2752 2705,2750 2828,2747 2951,2742 3074,2738 3197,2733 3320,2726"
                         HEIGHT="166"
                         WIDTH="2491"
                         VPOS="2646"
                         HPOS="845">
                  <String ID="string_region_1643971148848_6004l25"
                          HEIGHT="166"
                          WIDTH="2491"
                          VPOS="2646"
                          HPOS="845"
                          CONTENT="doeken, om ul te laeten weeten, als dat over 14 dagen het vers engels cenvoy wet"/>
               </TextLine>
               <TextLine ID="region_1643971148848_6004l26"
                         BASELINE="884,2856 1004,2852 1125,2848 1246,2846 1367,2844 1488,2844 1608,2844 1729,2844 1850,2846 1971,2846 2092,2848 2212,2848 2333,2848 2454,2848 2575,2848 2696,2845 2816,2842 2937,2837 3058,2830 3179,2822 3300,2812"
                         HEIGHT="157"
                         WIDTH="2449"
                         VPOS="2761"
                         HPOS="867">
                  <String ID="string_region_1643971148848_6004l26"
                          HEIGHT="157"
                          WIDTH="2449"
                          VPOS="2761"
                          HPOS="867"
                          CONTENT="sarges te behanden is gearriverd: waer mede twee balen met perpet. betome"/>
               </TextLine>
               <TextLine ID="region_1643971148848_6004l27"
                         BASELINE="888,2952 1008,2952 1128,2950 1248,2950 1368,2948 1489,2948 1609,2948 1729,2948 1849,2948 1969,2948 2090,2948 2210,2948 2330,2948 2450,2948 2570,2946 2691,2944 2811,2942 2931,2938 3051,2936 3171,2930 3292,2926"
                         HEIGHT="180"
                         WIDTH="2437"
                         VPOS="2831"
                         HPOS="871">
                  <String ID="string_region_1643971148848_6004l27"
                          HEIGHT="180"
                          WIDTH="2437"
                          VPOS="2831"
                          HPOS="871"
                          CONTENT="hebbe van N.60. 70. 80 a100, syaldven ue swarte, oft hepwisse, noodigh"/>
               </TextLine>
               <TextLine ID="region_1643971148848_6004l28"
                         BASELINE="876,3060 997,3058 1119,3056 1241,3056 1363,3056 1485,3056 1606,3056 1728,3056 1850,3056 1972,3056 2094,3056 2215,3056 2337,3054 2459,3054 2581,3052 2703,3050 2824,3046 2946,3041 3068,3036 3190,3030 3312,3022"
                         HEIGHT="171"
                         WIDTH="2469"
                         VPOS="2940"
                         HPOS="858">
                  <String ID="string_region_1643971148848_6004l28"
                          HEIGHT="171"
                          WIDTH="2469"
                          VPOS="2940"
                          HPOS="858"
                          CONTENT="hebbe soo versoecke, van te laeten weeten, van wat soere ue magh oodogh"/>
               </TextLine>
               <TextLine ID="region_1643971148848_6004l29"
                         BASELINE="876,3166 998,3166 1120,3164 1242,3164 1364,3164 1486,3164 1608,3162 1730,3162 1852,3162 1974,3160 2096,3160 2218,3158 2340,3157 2462,3156 2584,3153 2706,3150 2828,3148 2950,3144 3072,3140 3194,3136 3316,3130"
                         HEIGHT="162"
                         WIDTH="2472"
                         VPOS="3042"
                         HPOS="860">
                  <String ID="string_region_1643971148848_6004l29"
                          HEIGHT="162"
                          WIDTH="2472"
                          VPOS="3042"
                          HPOS="860"
                          CONTENT="hebben, om die bij tijdts gereedt te hebben, heden worden alle mijne packen"/>
               </TextLine>
               <TextLine ID="region_1643971148848_6004l30"
                         BASELINE="868,3280 990,3280 1112,3280 1235,3280 1357,3280 1480,3280 1602,3278 1724,3278 1847,3276 1969,3274 2092,3272 2214,3270 2336,3268 2459,3266 2581,3262 2704,3258 2826,3254 2948,3250 3071,3245 3193,3240 3316,3236"
                         HEIGHT="138"
                         WIDTH="2482"
                         VPOS="3197"
                         HPOS="850">
                  <String ID="string_region_1643971148848_6004l30"
                          HEIGHT="138"
                          WIDTH="2482"
                          VPOS="3197"
                          HPOS="850"
                          CONTENT="ahier gelost, hebbe een seer afsortement van alles, tot u denste &amp; waer ie"/>
               </TextLine>
               <TextLine ID="region_1643971148848_6004l31"
                         BASELINE="866,3412 987,3408 1109,3406 1230,3404 1352,3402 1473,3401 1595,3400 1716,3398 1838,3396 1959,3394 2081,3392 2202,3390 2324,3388 2445,3384 2567,3382 2688,3378 2810,3374 2931,3369 3053,3364 3174,3358 3296,3352"
                         HEIGHT="219"
                         WIDTH="2463"
                         VPOS="3264"
                         HPOS="850">
                  <String ID="string_region_1643971148848_6004l31"
                          HEIGHT="219"
                          WIDTH="2463"
                          VPOS="3264"
                          HPOS="850"
                          CONTENT="copabel ben vli te bedienen, gelieve te commanderen, die altijdt sal syn"/>
               </TextLine>
               <TextLine ID="region_1643971148848_6004l32"
                         BASELINE="868,3520 894,3520 920,3519 946,3518 972,3518 998,3518 1024,3518 1050,3518 1076,3516 1102,3516 1128,3516 1154,3516 1180,3516 1206,3516 1232,3516 1258,3517 1284,3518 1310,3518 1336,3520"
                         HEIGHT="161"
                         WIDTH="499"
                         VPOS="3432"
                         HPOS="853">
                  <String ID="string_region_1643971148848_6004l32"
                          HEIGHT="161"
                          WIDTH="499"
                          VPOS="3432"
                          HPOS="853"
                          CONTENT="met affectie"/>
               </TextLine>
               <TextLine ID="region_1643971148848_6004l33"
                         BASELINE="2784,3648 2809,3645 2834,3643 2859,3640 2885,3637 2910,3635 2935,3633 2961,3632 2986,3631 3011,3628 3037,3628 3062,3625 3087,3623 3112,3621 3138,3618 3163,3616 3188,3614 3214,3611 3239,3606 3264,3603 3290,3598"
                         HEIGHT="193"
                         WIDTH="549"
                         VPOS="3526"
                         HPOS="2762">
                  <String ID="string_region_1643971148848_6004l33"
                          HEIGHT="193"
                          WIDTH="549"
                          VPOS="3526"
                          HPOS="2762"
                          CONTENT="Adij d 1713"/>
               </TextLine>
               <TextLine ID="region_1643971148848_6004l34"
                         BASELINE="714,3702 762,3694 811,3686 860,3680 909,3675 958,3671 1006,3667 1055,3666 1104,3664 1153,3663 1202,3662 1250,3662 1299,3662 1348,3662 1397,3662 1446,3662 1494,3660 1543,3659 1592,3658 1641,3655 1690,3650"
                         HEIGHT="208"
                         WIDTH="1013"
                         VPOS="3529"
                         HPOS="695">
                  <String ID="string_region_1643971148848_6004l34"
                          HEIGHT="208"
                          WIDTH="1013"
                          VPOS="3529"
                          HPOS="695"
                          CONTENT="Brussel Cornelis  fays"/>
               </TextLine>
               <TextLine ID="region_1643971148848_6004l35"
                         BASELINE="876,3792 995,3786 1115,3782 1234,3778 1354,3776 1474,3773 1593,3770 1713,3770 1832,3768 1952,3766 2072,3766 2191,3764 2311,3763 2430,3762 2550,3760 2670,3758 2789,3754 2909,3752 3028,3748 3148,3744 3268,3738"
                         HEIGHT="194"
                         WIDTH="2425"
                         VPOS="3655"
                         HPOS="858">
                  <String ID="string_region_1643971148848_6004l35"
                          HEIGHT="194"
                          WIDTH="2425"
                          VPOS="3655"
                          HPOS="858"
                          CONTENT="e seer aengen van 3 junij, &amp; 1s pass wel ontfanghen met den eerstende"/>
               </TextLine>
               <TextLine ID="region_1643971148848_6004l36"
                         BASELINE="888,3896 1009,3890 1131,3884 1252,3881 1374,3878 1496,3878 1617,3876 1739,3876 1860,3876 1982,3876 2104,3876 2225,3876 2347,3876 2468,3874 2590,3870 2712,3867 2833,3862 2955,3854 3076,3846 3198,3837 3320,3822"
                         HEIGHT="190"
                         WIDTH="2465"
                         VPOS="3749"
                         HPOS="872">
                  <String ID="string_region_1643971148848_6004l36"
                          HEIGHT="190"
                          WIDTH="2465"
                          VPOS="3749"
                          HPOS="872"
                          CONTENT="staelbueher niet cassie sarges te rugge met den laetten advies, dat ue etae"/>
               </TextLine>
               <TextLine ID="region_1643971148848_6004l37"
                         BASELINE="892,4006 1013,4000 1134,3995 1256,3991 1377,3988 1499,3988 1620,3986 1741,3986 1863,3986 1984,3986 2106,3986 2227,3986 2348,3986 2470,3986 2591,3984 2713,3980 2834,3976 2955,3970 3077,3963 3198,3954 3320,3942"
                         HEIGHT="157"
                         WIDTH="2459"
                         VPOS="3894"
                         HPOS="876">
                  <String ID="string_region_1643971148848_6004l37"
                          HEIGHT="157"
                          WIDTH="2459"
                          VPOS="3894"
                          HPOS="876"
                          CONTENT="hadde aen Dheer step: Reusseau de somme van ƒ160:- wissel gelde, wat"/>
               </TextLine>
               <TextLine ID="region_1643971148848_6004l38"
                         BASELINE="868,4106 990,4106 1112,4104 1235,4104 1357,4102 1480,4102 1602,4100 1724,4100 1847,4100 1969,4100 2092,4098 2214,4098 2336,4096 2459,4096 2581,4094 2704,4092 2826,4090 2948,4088 3071,4084 3193,4082 3316,4076"
                         HEIGHT="173"
                         WIDTH="2477"
                         VPOS="3991"
                         HPOS="852">
                  <String ID="string_region_1643971148848_6004l38"
                          HEIGHT="173"
                          WIDTH="2477"
                          VPOS="3991"
                          HPOS="852"
                          CONTENT="voren ul gecrediteert hebbe, tot slot van het jaer 17„x desen gincipael"/>
               </TextLine>
               <TextLine ID="region_1643971148848_6004l39"
                         BASELINE="888,4210 1007,4210 1127,4210 1247,4210 1367,4210 1487,4210 1606,4210 1726,4210 1846,4210 1966,4210 2086,4210 2205,4210 2325,4208 2445,4208 2565,4206 2685,4204 2804,4202 2924,4200 3044,4198 3164,4194 3284,4190"
                         HEIGHT="153"
                         WIDTH="2427"
                         VPOS="4122"
                         HPOS="874">
                  <String ID="string_region_1643971148848_6004l39"
                          HEIGHT="153"
                          WIDTH="2427"
                          VPOS="4122"
                          HPOS="874"
                          CONTENT="om  te laeten weetere ingevolge u versoek als dat het convoy behanden is"/>
               </TextLine>
               <TextLine ID="region_1643971148848_6004l40"
                         BASELINE="882,4314 1000,4316 1118,4316 1236,4318 1354,4318 1472,4320 1590,4320 1708,4322 1826,4322 1944,4322 2063,4322 2181,4322 2299,4322 2417,4322 2535,4322 2653,4320 2771,4320 2889,4318 3007,4316 3125,4314 3244,4312"
                         HEIGHT="132"
                         WIDTH="2393"
                         VPOS="4252"
                         HPOS="866">
                  <String ID="string_region_1643971148848_6004l40"
                          HEIGHT="132"
                          WIDTH="2393"
                          VPOS="4252"
                          HPOS="866"
                          CONTENT="gearriveert &amp; alle mijne packen, worden van daegh hier geloft soo hoe eerder"/>
               </TextLine>
               <TextLine ID="region_1643971148848_6004l41"
                         BASELINE="884,4422 922,4417 961,4414 1000,4411 1039,4408 1078,4407 1117,4406 1156,4406 1195,4406 1234,4406 1273,4407 1311,4409 1350,4410 1389,4413 1428,4414 1467,4416 1506,4420 1545,4422 1584,4424 1623,4427 1662,4428"
                         HEIGHT="124"
                         WIDTH="811"
                         VPOS="4322"
                         HPOS="869">
                  <String ID="string_region_1643971148848_6004l41"
                          HEIGHT="124"
                          WIDTH="811"
                          VPOS="4322"
                          HPOS="869"
                          CONTENT="gij lieden avercompt hoe be"/>
               </TextLine>
               <TextLine ID="region_1643971148848_6004l42"
                         BASELINE="1860,4428 1930,4426 2000,4426 2070,4426 2141,4424 2211,4424 2281,4424 2352,4422 2422,4422 2492,4420 2563,4420 2633,4419 2703,4418 2773,4418 2844,4417 2914,4416 2984,4416 3055,4416 3125,4416 3195,4416 3266,4416"
                         HEIGHT="129"
                         WIDTH="1437"
                         VPOS="4318"
                         HPOS="1844">
                  <String ID="string_region_1643971148848_6004l42"
                          HEIGHT="129"
                          WIDTH="1437"
                          VPOS="4318"
                          HPOS="1844"
                          CONTENT="ceni te vinden sal sijn in alles tot u dienste"/>
               </TextLine>
            </TextBlock>
            <TextBlock ID="region_1643971151776_6007"
                       HEIGHT="4298"
                       WIDTH="2664"
                       VPOS="190"
                       HPOS="3372">
               <Shape>
                  <Polygon POINTS="3372,190 6036,190 6036,4488 3372,4488"/>
               </Shape>
               <TextLine ID="region_1643971151776_6007l1"
                         BASELINE="5944,274 5972,275 6000,276 6028,278"
                         HEIGHT="134"
                         WIDTH="122"
                         VPOS="220"
                         HPOS="5924">
                  <String ID="string_region_1643971151776_6007l1"
                          HEIGHT="134"
                          WIDTH="122"
                          VPOS="220"
                          HPOS="5924"
                          CONTENT="26¼"/>
               </TextLine>
               <TextLine ID="region_1643971151776_6007l2"
                         BASELINE="3556,286 3600,286 3644,286 3688,286 3732,288 3777,288 3821,290 3865,290 3909,292 3953,294 3998,295 4042,296 4086,297 4130,298 4174,298 4219,300 4263,300 4307,298 4351,298 4395,296 4440,294"
                         HEIGHT="148"
                         WIDTH="918"
                         VPOS="220"
                         HPOS="3538">
                  <String ID="string_region_1643971151776_6007l2"
                          HEIGHT="148"
                          WIDTH="918"
                          VPOS="220"
                          HPOS="3538"
                          CONTENT="groete ue van haten &amp; blijve"/>
               </TextLine>
               <TextLine ID="region_1643971151776_6007l3"
                         BASELINE="3450,420 3496,420 3542,420 3588,422 3635,422 3681,423 3727,424 3774,426 3820,426 3866,428 3913,429 3959,430 4005,430 4051,432 4098,432 4144,432 4190,432 4237,432 4283,431 4329,430 4376,428"
                         HEIGHT="213"
                         WIDTH="959"
                         VPOS="299"
                         HPOS="3434">
                  <String ID="string_region_1643971151776_6007l3"
                          HEIGHT="213"
                          WIDTH="959"
                          VPOS="299"
                          HPOS="3434"
                          CONTENT="Brussel Step: Rousseau"/>
               </TextLine>
               <TextLine ID="region_1643971151776_6007l4"
                         BASELINE="5506,480 5532,478 5558,477 5584,476 5610,476 5636,475 5662,474 5688,474 5714,474 5740,476 5766,476 5792,476 5818,476 5844,476 5870,476 5896,476 5922,476 5948,476 5974,476"
                         HEIGHT="182"
                         WIDTH="502"
                         VPOS="340"
                         HPOS="5489">
                  <String ID="string_region_1643971151776_6007l4"
                          HEIGHT="182"
                          WIDTH="502"
                          VPOS="340"
                          HPOS="5489"
                          CONTENT="Adij 24 ed"/>
               </TextLine>
               <TextLine ID="region_1643971151776_6007l5"
                         BASELINE="3558,530 3681,536 3804,540 3927,544 4050,546 4174,548 4297,551 4420,552 4543,554 4666,554 4790,554 4913,554 5036,554 5159,552 5282,552 5406,550 5529,548 5652,546 5775,542 5898,540 6022,538"
                         HEIGHT="159"
                         WIDTH="2494"
                         VPOS="452"
                         HPOS="3543">
                  <String ID="string_region_1643971151776_6007l5"
                          HEIGHT="159"
                          WIDTH="2494"
                          VPOS="452"
                          HPOS="3543"
                          CONTENT="j'ay recue les aggreables vres du 14.17, 19 &amp; 23 courant, en suite ie vous ay debite"/>
               </TextLine>
               <TextLine ID="region_1643971151776_6007l6"
                         BASELINE="3538,640 3661,640 3785,642 3909,642 4032,644 4156,646 4280,648 4403,651 4527,654 4651,656 4775,658 4898,660 5022,660 5146,660 5269,660 5393,658 5517,656 5640,652 5764,647 5888,639 6012,632"
                         HEIGHT="133"
                         WIDTH="2506"
                         VPOS="601"
                         HPOS="3523">
                  <String ID="string_region_1643971151776_6007l6"
                          HEIGHT="133"
                          WIDTH="2506"
                          VPOS="601"
                          HPOS="3523"
                          CONTENT="pour ƒ150:- recue de mons. martinus volhaert, aussij ie vois, que ma remise"/>
               </TextLine>
               <TextLine ID="region_1643971151776_6007l7"
                         BASELINE="3558,740 3678,744 3799,746 3920,750 4041,752 4162,756 4282,758 4403,760 4524,762 4645,762 4766,764 4886,764 5007,764 5128,762 5249,760 5370,758 5490,755 5611,751 5732,746 5853,740 5974,734"
                         HEIGHT="192"
                         WIDTH="2449"
                         VPOS="651"
                         HPOS="3541">
                  <String ID="string_region_1643971151776_6007l7"
                          HEIGHT="192"
                          WIDTH="2449"
                          VPOS="651"
                          HPOS="3541"
                          CONTENT="de ƒ495:- courant est satiffait p la derniere vre grace me remette ƒ693:"/>
               </TextLine>
               <TextLine ID="region_1643971151776_6007l8"
                         BASELINE="3552,864 3674,862 3797,862 3919,864 4042,864 4164,866 4287,866 4409,868 4532,870 4654,872 4777,872 4899,873 5022,874 5144,874 5267,872 5389,870 5512,868 5634,864 5757,859 5879,854 6002,846"
                         HEIGHT="173"
                         WIDTH="2481"
                         VPOS="765"
                         HPOS="3535">
                  <String ID="string_region_1643971151776_6007l8"
                          HEIGHT="173"
                          WIDTH="2481"
                          VPOS="765"
                          HPOS="3535"
                          CONTENT="de change a 3 jours de voue sur mons:myninz, qui est accepte &amp; a son"/>
               </TextLine>
               <TextLine ID="region_1643971151776_6007l9"
                         BASELINE="3550,974 3672,978 3794,980 3916,984 4038,986 4160,988 4282,988 4404,990 4526,990 4648,990 4770,988 4892,988 5014,986 5136,984 5258,982 5380,980 5502,978 5624,974 5746,970 5868,968 5990,964"
                         HEIGHT="189"
                         WIDTH="2472"
                         VPOS="875"
                         HPOS="3533">
                  <String ID="string_region_1643971151776_6007l9"
                          HEIGHT="189"
                          WIDTH="2472"
                          VPOS="875"
                          HPOS="3533"
                          CONTENT="esseance, vous en ferez credite, vous pouvez compter vre argent, sans aucune "/>
               </TextLine>
               <TextLine ID="region_1643971151776_6007l10"
                         BASELINE="3536,1086 3619,1089 3702,1092 3785,1094 3868,1096 3952,1098 4035,1100 4118,1102 4201,1104 4284,1105 4368,1106 4451,1108 4534,1108 4617,1110 4700,1110 4784,1110 4867,1110 4950,1110 5033,1110 5116,1108 5200,1106"
                         HEIGHT="176"
                         WIDTH="1698"
                         VPOS="1002"
                         HPOS="3520">
                  <String ID="string_region_1643971151776_6007l10"
                          HEIGHT="176"
                          WIDTH="1698"
                          VPOS="1002"
                          HPOS="3520"
                          CONTENT="Crantose ie vous salue &amp; suis, avec offres de ones servicest "/>
               </TextLine>
               <TextLine ID="region_1643971151776_6007l11"
                         BASELINE="3452,1228 3494,1230 3537,1230 3579,1232 3622,1234 3665,1235 3707,1236 3750,1238 3792,1240 3835,1242 3878,1244 3920,1245 3963,1246 4005,1248 4048,1248 4091,1250 4133,1250 4176,1252 4218,1252 4261,1252 4304,1252"
                         HEIGHT="159"
                         WIDTH="886"
                         VPOS="1122"
                         HPOS="3435">
                  <String ID="string_region_1643971151776_6007l11"
                          HEIGHT="159"
                          WIDTH="886"
                          VPOS="1122"
                          HPOS="3435"
                          CONTENT="Twerton will &amp; samule wil"/>
               </TextLine>
               <TextLine ID="region_1643971151776_6007l12"
                         BASELINE="5462,1308 5487,1308 5513,1308 5538,1308 5564,1308 5590,1308 5615,1308 5641,1308 5666,1306 5692,1306 5718,1304 5743,1304 5769,1302 5794,1302 5820,1300 5846,1300 5871,1299 5897,1298 5922,1298 5948,1298 5974,1298"
                         HEIGHT="171"
                         WIDTH="546"
                         VPOS="1188"
                         HPOS="5443">
                  <String ID="string_region_1643971151776_6007l12"
                          HEIGHT="171"
                          WIDTH="546"
                          VPOS="1188"
                          HPOS="5443"
                          CONTENT="Adij 23 gber 1713"/>
               </TextLine>
               <TextLine ID="region_1643971151776_6007l13"
                         BASELINE="3536,1340 3660,1345 3785,1350 3910,1353 4035,1357 4160,1360 4285,1364 4410,1366 4535,1368 4660,1372 4785,1374 4909,1375 5034,1376 5159,1378 5284,1378 5409,1380 5534,1380 5659,1380 5784,1380 5909,1380 6034,1378"
                         HEIGHT="186"
                         WIDTH="2529"
                         VPOS="1268"
                         HPOS="3520">
                  <String ID="string_region_1643971151776_6007l13"
                          HEIGHT="186"
                          WIDTH="2529"
                          VPOS="1268"
                          HPOS="3520"
                          CONTENT="op 14 deser, was aen ul mijnen laesten met remise voor s £ 58:- ten laste Jan"/>
               </TextLine>
               <TextLine ID="region_1643971151776_6007l14"
                         BASELINE="3544,1434 3668,1442 3792,1447 3916,1453 4040,1458 4164,1462 4288,1464 4412,1467 4536,1468 4660,1470 4785,1470 4909,1472 5033,1472 5157,1472 5281,1472 5405,1472 5529,1472 5653,1472 5777,1472 5901,1472 6026,1472"
                         HEIGHT="148"
                         WIDTH="2516"
                         VPOS="1384"
                         HPOS="3527">
                  <String ID="string_region_1643971151776_6007l14"
                          HEIGHT="148"
                          WIDTH="2516"
                          VPOS="1384"
                          HPOS="3527"
                          CONTENT="hen adrigue olmins in londen, sedert become u aengename van 11 past. met sature"/>
               </TextLine>
               <TextLine ID="region_1643971151776_6007l15"
                         BASELINE="3526,1548 3651,1550 3776,1552 3902,1556 4027,1558 4153,1561 4278,1564 4403,1566 4529,1570 4654,1572 4780,1574 4905,1576 5030,1576 5156,1576 5281,1576 5407,1574 5532,1572 5657,1569 5783,1564 5908,1557 6034,1550"
                         HEIGHT="209"
                         WIDTH="2541"
                         VPOS="1445"
                         HPOS="3509">
                  <String ID="string_region_1643971151776_6007l15"
                          HEIGHT="209"
                          WIDTH="2541"
                          VPOS="1445"
                          HPOS="3509"
                          CONTENT="gestaelen van 4 packies sarges monterende £102:8:-, terwijlen John Cwinge voort"/>
               </TextLine>
               <TextLine ID="region_1643971151776_6007l16"
                         BASELINE="3530,1668 3654,1668 3779,1670 3904,1670 4028,1672 4153,1674 4278,1677 4402,1680 4527,1682 4652,1684 4777,1686 4901,1686 5026,1688 5151,1688 5275,1686 5400,1684 5525,1680 5649,1676 5774,1670 5899,1662 6024,1652"
                         HEIGHT="156"
                         WIDTH="2525"
                         VPOS="1590"
                         HPOS="3514">
                  <String ID="string_region_1643971151776_6007l16"
                          HEIGHT="156"
                          WIDTH="2525"
                          VPOS="1590"
                          HPOS="3514"
                          CONTENT="t'eijnde van gber hier niet verwaghte, soo sent dese baele, op het spoedighste"/>
               </TextLine>
               <TextLine ID="region_1643971151776_6007l17"
                         BASELINE="3534,1776 3657,1778 3780,1780 3903,1782 4027,1784 4150,1786 4273,1788 4397,1790 4520,1792 4643,1792 4767,1794 4890,1794 5013,1794 5136,1794 5260,1792 5383,1790 5506,1788 5630,1784 5753,1780 5876,1774 6000,1768"
                         HEIGHT="185"
                         WIDTH="2496"
                         VPOS="1688"
                         HPOS="3519">
                  <String ID="string_region_1643971151776_6007l17"
                          HEIGHT="185"
                          WIDTH="2496"
                          VPOS="1688"
                          HPOS="3519"
                          CONTENT="te water via londen t addresseren, aen dheer charles hamitton  hem te"/>
               </TextLine>
               <TextLine ID="region_1643971151776_6007l18"
                         BASELINE="3532,1890 3654,1888 3777,1888 3900,1888 4023,1890 4146,1893 4268,1896 4391,1898 4514,1902 4637,1904 4760,1906 4882,1908 5005,1910 5128,1910 5251,1908 5374,1906 5496,1902 5619,1895 5742,1889 5865,1878 5988,1868"
                         HEIGHT="189"
                         WIDTH="2487"
                         VPOS="1798"
                         HPOS="3517">
                  <String ID="string_region_1643971151776_6007l18"
                          HEIGHT="189"
                          WIDTH="2487"
                          VPOS="1798"
                          HPOS="3517"
                          CONTENT="noteren van op ontfangh van die, de selve, &amp; eerste aenleggende scip op"/>
               </TextLine>
               <TextLine ID="region_1643971151776_6007l19"
                         BASELINE="3526,2006 3649,2004 3773,2004 3896,2006 4020,2008 4143,2010 4267,2012 4390,2016 4514,2019 4637,2022 4761,2024 4884,2027 5008,2028 5131,2030 5255,2030 5378,2030 5502,2028 5625,2024 5749,2020 5872,2013 5996,2006"
                         HEIGHT="207"
                         WIDTH="2501"
                         VPOS="1896"
                         HPOS="3511">
                  <String ID="string_region_1643971151776_6007l19"
                          HEIGHT="207"
                          WIDTH="2501"
                          VPOS="1896"
                          HPOS="3511"
                          CONTENT="ostende te versonden, voorders, gelieve te prepareren, noch twee balen"/>
               </TextLine>
               <TextLine ID="region_1643971151776_6007l20"
                         BASELINE="3530,2114 3652,2116 3775,2118 3898,2121 4020,2124 4143,2126 4266,2130 4388,2132 4511,2134 4634,2134 4757,2136 4879,2136 5002,2138 5125,2138 5247,2136 5370,2135 5493,2132 5615,2130 5738,2126 5861,2122 5984,2116"
                         HEIGHT="174"
                         WIDTH="2488"
                         VPOS="2040"
                         HPOS="3513">
                  <String ID="string_region_1643971151776_6007l20"
                          HEIGHT="174"
                          WIDTH="2488"
                          VPOS="2040"
                          HPOS="3513"
                          CONTENT="drapien ider baele van t0ps en 4 setts na de staelen, a mitmetie hier"/>
               </TextLine>
               <TextLine ID="region_1643971151776_6007l21"
                         BASELINE="3540,2242 3664,2242 3788,2240 3913,2240 4037,2242 4162,2242 4286,2244 4410,2244 4535,2246 4659,2248 4784,2250 4908,2250 5032,2252 5157,2252 5281,2252 5406,2252 5530,2250 5654,2248 5779,2246 5903,2242 6028,2236"
                         HEIGHT="141"
                         WIDTH="2518"
                         VPOS="2190"
                         HPOS="3525">
                  <String ID="string_region_1643971151776_6007l21"
                          HEIGHT="141"
                          WIDTH="2518"
                          VPOS="2190"
                          HPOS="3525"
                          CONTENT="ingelloten dogh s moet beter wolle gebuijken, want de vonge sijn seen"/>
               </TextLine>
               <TextLine ID="region_1643971151776_6007l22"
                         BASELINE="3514,2360 3635,2364 3756,2366 3877,2368 3999,2370 4120,2372 4241,2374 4363,2376 4484,2376 4605,2378 4727,2378 4848,2378 4969,2378 5090,2378 5212,2376 5333,2376 5454,2374 5576,2372 5697,2370 5818,2367 5940,2364"
                         HEIGHT="147"
                         WIDTH="2459"
                         VPOS="2308"
                         HPOS="3498">
                  <String ID="string_region_1643971151776_6007l22"
                          HEIGHT="147"
                          WIDTH="2459"
                          VPOS="2308"
                          HPOS="3498"
                          CONTENT="aeraghtigh, &amp;rouw van wolle, tot wnanght, sal traghten, p eersten"/>
               </TextLine>
               <TextLine ID="region_1643971151776_6007l23"
                         BASELINE="3534,2482 3657,2486 3781,2490 3904,2493 4028,2496 4152,2498 4275,2500 4399,2502 4522,2504 4646,2506 4770,2506 4893,2506 5017,2506 5140,2506 5264,2506 5388,2504 5511,2504 5635,2502 5758,2500 5882,2498 6006,2494"
                         HEIGHT="173"
                         WIDTH="2503"
                         VPOS="2412"
                         HPOS="3519">
                  <String ID="string_region_1643971151776_6007l23"
                          HEIGHT="173"
                          WIDTH="2503"
                          VPOS="2412"
                          HPOS="3519"
                          CONTENT="is te remitteren, maer de wissel is soo seulijck opgeloopen alhoewel"/>
               </TextLine>
               <TextLine ID="region_1643971151776_6007l24"
                         BASELINE="3512,2612 3627,2616 3742,2621 3858,2626 3973,2630 4089,2634 4204,2638 4319,2640 4435,2644 4550,2646 4666,2648 4781,2648 4896,2650 5012,2650 5127,2650 5243,2648 5358,2646 5473,2644 5589,2640 5704,2636 5820,2630"
                         HEIGHT="193"
                         WIDTH="2340"
                         VPOS="2515"
                         HPOS="3495">
                  <String ID="string_region_1643971151776_6007l24"
                          HEIGHT="193"
                          WIDTH="2340"
                          VPOS="2515"
                          HPOS="3495"
                          CONTENT="die van londen gevallen afcompt groete u van herten ablije"/>
               </TextLine>
               <TextLine ID="region_1643971151776_6007l25"
                         BASELINE="5174,2790 5215,2790 5256,2792 5297,2792 5339,2792 5380,2792 5421,2792 5463,2792 5504,2792 5545,2792 5587,2792 5628,2790 5669,2790 5710,2790 5752,2790 5793,2788 5834,2788 5876,2788 5917,2786 5958,2786 6000,2786"
                         HEIGHT="180"
                         WIDTH="861"
                         VPOS="2667"
                         HPOS="5156">
                  <String ID="string_region_1643971151776_6007l25"
                          HEIGHT="180"
                          WIDTH="861"
                          VPOS="2667"
                          HPOS="5156"
                          CONTENT="door 80 Drapeen voor di ly"/>
               </TextLine>
               <TextLine ID="region_1643971151776_6007l26"
                         BASELINE="4056,2808 4081,2806 4106,2805 4131,2804 4156,2803 4181,2801 4206,2798"
                         HEIGHT="146"
                         WIDTH="186"
                         VPOS="2690"
                         HPOS="4036">
                  <String ID="string_region_1643971151776_6007l26"
                          HEIGHT="146"
                          WIDTH="186"
                          VPOS="2690"
                          HPOS="4036"
                          CONTENT="N"/>
               </TextLine>
               <TextLine ID="region_1643971151776_6007l27"
                         BASELINE="5158,2886 5200,2888 5243,2888 5286,2890 5329,2890 5372,2891 5414,2892 5457,2892 5500,2892 5543,2892 5586,2892 5628,2892 5671,2892 5714,2892 5757,2890 5800,2890 5842,2888 5885,2886 5928,2884 5971,2880 6014,2878"
                         HEIGHT="162"
                         WIDTH="889"
                         VPOS="2808"
                         HPOS="5141">
                  <String ID="string_region_1643971151776_6007l27"
                          HEIGHT="162"
                          WIDTH="889"
                          VPOS="2808"
                          HPOS="5141"
                          CONTENT="melijn te beserghen als volght"/>
               </TextLine>
               <TextLine ID="region_1643971151776_6007l28"
                         BASELINE="4164,2982 4184,2982"
                         HEIGHT="182"
                         WIDTH="50"
                         VPOS="2826"
                         HPOS="4149">
                  <String ID="string_region_1643971151776_6007l28"
                          HEIGHT="182"
                          WIDTH="50"
                          VPOS="2826"
                          HPOS="4149"
                          CONTENT="2"/>
               </TextLine>
               <TextLine ID="region_1643971151776_6007l29"
                         BASELINE="4612,3036 4640,3033 4668,3032"
                         HEIGHT="86"
                         WIDTH="93"
                         VPOS="2965"
                         HPOS="4592">
                  <String ID="string_region_1643971151776_6007l29"
                          HEIGHT="86"
                          WIDTH="93"
                          VPOS="2965"
                          HPOS="4592"
                          CONTENT="12"/>
               </TextLine>
               <TextLine ID="region_1643971151776_6007l30"
                         BASELINE="5126,3050 5167,3050 5208,3050 5249,3048 5290,3048 5332,3048 5373,3046 5414,3046 5455,3046 5496,3046 5538,3046 5579,3046 5620,3046 5661,3046 5702,3046 5744,3046 5785,3046 5826,3046 5867,3046 5908,3047 5950,3048"
                         HEIGHT="181"
                         WIDTH="853"
                         VPOS="2923"
                         HPOS="5111">
                  <String ID="string_region_1643971151776_6007l30"
                          HEIGHT="181"
                          WIDTH="853"
                          VPOS="2923"
                          HPOS="5111"
                          CONTENT="topsolines naer N1234.3"/>
               </TextLine>
               <TextLine ID="region_1643971151776_6007l31"
                         BASELINE="5114,3150 5151,3149 5189,3148 5227,3146 5265,3145 5303,3144 5341,3144 5379,3142 5417,3142 5455,3142 5493,3142 5530,3142 5568,3142 5606,3142 5644,3142 5682,3142 5720,3142 5758,3142 5796,3144 5834,3144 5872,3144"
                         HEIGHT="146"
                         WIDTH="791"
                         VPOS="3053"
                         HPOS="5098">
                  <String ID="string_region_1643971151776_6007l31"
                          HEIGHT="146"
                          WIDTH="791"
                          VPOS="3053"
                          HPOS="5098"
                          CONTENT="15 ps seades drape „ 67. 8"/>
               </TextLine>
               <TextLine ID="region_1643971151776_6007l32"
                         BASELINE="4140,3178 4160,3178"
                         HEIGHT="103"
                         WIDTH="50"
                         VPOS="3099"
                         HPOS="4124">
                  <String ID="string_region_1643971151776_6007l32"
                          HEIGHT="103"
                          WIDTH="50"
                          VPOS="3099"
                          HPOS="4124"
                          CONTENT="l"/>
               </TextLine>
               <TextLine ID="region_1643971151776_6007l33"
                         BASELINE="5120,3254 5158,3252 5197,3252 5236,3250 5274,3250 5313,3249 5352,3248 5390,3248 5429,3248 5468,3248 5507,3248 5545,3248 5584,3248 5623,3246 5661,3246 5700,3246 5739,3246 5777,3244 5816,3244 5855,3242 5894,3240"
                         HEIGHT="140"
                         WIDTH="804"
                         VPOS="3156"
                         HPOS="5104">
                  <String ID="string_region_1643971151776_6007l33"
                          HEIGHT="140"
                          WIDTH="804"
                          VPOS="3156"
                          HPOS="5104"
                          CONTENT="15 ps Loups d„ 9„10:11"/>
               </TextLine>
               <TextLine ID="region_1643971151776_6007l34"
                         BASELINE="5126,3346 5162,3343 5199,3341 5236,3340 5273,3338 5310,3338 5347,3339 5384,3340 5421,3342 5458,3344 5495,3345 5531,3346 5568,3348 5605,3350 5642,3350 5679,3350 5716,3352 5753,3351 5790,3350 5827,3347 5864,3346"
                         HEIGHT="147"
                         WIDTH="773"
                         VPOS="3269"
                         HPOS="5109">
                  <String ID="string_region_1643971151776_6007l34"
                          HEIGHT="147"
                          WIDTH="773"
                          VPOS="3269"
                          HPOS="5109"
                          CONTENT="10 ps rosse s.„ 12:13"/>
               </TextLine>
               <TextLine ID="region_1643971151776_6007l35"
                         BASELINE="5252,3450 5277,3450 5302,3450 5328,3450 5353,3450 5379,3450 5404,3450 5430,3450 5455,3450 5481,3450 5506,3450 5532,3451 5557,3452 5583,3452 5608,3452 5634,3452 5659,3452 5685,3452 5710,3451 5736,3450"
                         HEIGHT="113"
                         WIDTH="514"
                         VPOS="3392"
                         HPOS="5237">
                  <String ID="string_region_1643971151776_6007l35"
                          HEIGHT="113"
                          WIDTH="514"
                          VPOS="3392"
                          HPOS="5237"
                          CONTENT="eenige wat rossen"/>
               </TextLine>
               <TextLine ID="region_1643971151776_6007l36"
                         BASELINE="4114,4382 4154,4378"
                         HEIGHT="84"
                         WIDTH="80"
                         VPOS="4319"
                         HPOS="4092">
                  <String ID="string_region_1643971151776_6007l36"
                          HEIGHT="84"
                          WIDTH="80"
                          VPOS="4319"
                          HPOS="4092"
                          CONTENT="1d"/>
               </TextLine>
            </TextBlock>
         </PrintSpace>
      </Page>
   </Layout>
</alto>
