8173 4651
730 178 1081 128 amsterdam Francisee Rousseau

2684 178 602 138 Adij 3 april 1719

944 265 2375 106 ue seer aengename van 24 past waer aen ul mijnen laeste, waer aen mij gedre

904 372 2354 129 ge sedert ontfange ue seer aengename van 23 ditto desen principael, om

908 444 2317 148 om ue te laten weten, dat van mijn vrint Jan Be Colitier een brief

912 540 2419 140 ontfangen hebbe waer bij noteers, dat de mesr. feraira, hem hhbben laten

931 638 2329 128 weten als dat den brief van ƒ 2169:- binnen 10 a 12 dagen soude

913 684 2387 134 sonder foute betaelt worden, sijnde sulckx gesereven, onder dato 21 pasto

934 805 2266 117 en vermits die ttijdt nu ontrent geexrpineert is daer na noch mesel

915 896 2378 115 te informeren ende genoteerde oncosten benevens den intrest van

929 979 2378 115 den verloopen tijdt, & sal mij lief sijn te verstaen, wat daer ontrent

927 1077 2375 171 sal sijn gepasseert de wissel is hier heden als hier onder genoteert daer

923 1160 2388 177 is present a costij geen avance te behalen, soo moeten patientie hebben

816 1274 1728 174 tat dat het betert ue van herbe groetende blijve

935 1353 607 134 Londen 35:1 a 2

927 1442 718 146 costy s  avance

2733 1484 487 164 Adij 4d. 1713

731 1520 777 131 afhJaen B L'olivier

937 1609 2303 146 vre agreable lettre du 24 passe m'at estez bien rendu p la quelle je voye, que

942 1680 2287 168 les mess peraijra vous ont marque, que la lestre de ƒ2469:- d'hollande serat.

923 1787 2375 123 payez dans 10 ou 12 jours, du date 21 passe & comme cette temps est deja eschue j'att

918 1889 2396 129 and avec impacience advis de monfamis d'amsterdam, qui ne manquera pas

933 1934 2347 160 de faire tous les devoirs requises ie ne peu pas m'imaginer, que l'argent suivra

931 2025 2384 154 cls mess. donnent des bonnes promisses & cependant l'argent ne suive pas, j'ay

923 2103 2037 166 ordonez a mon amis de mander les trait & interest selon vre ordre

930 2211 2363 149 a l'egard de ma traitte de ƒ349„5½ de change, sur le Sr. Jaen de la Croix

924 2310 2376 129 qui ne peut s'acquitter, que dans deux, patence fait la accepter a 2 usance

933 2389 2329 152 selon quil at demande & vous m'obligerez infinaemend les sarges montent,

925 2487 2295 127 des jours en jouis, ie les vend presentemend ƒ 23:10. ceux qui vont venir

948 2566 2247 140 net pouvens se donneer a cetprix vre governo je vous selu et suis tres

911 2683 454 119 cencerement

3129 2706 71 90 d

2811 2689 500 180 Adij 4me  1713

754 2761 767 133 atso mithiee branse

921 2773 2332 195 depuis que i'ay eu l'honneur de vous vendre la partje du 19 julles 1712

919 2925 2387 152 passé nien de vre grace cependant jestois en esperance de vous voire icy avec

933 3014 2278 110 la caresme pour faire des bonnes emplaittes ou de moins de vre remises

939 3094 2344 153 & comme il y a neuf mois que la partie vous est vendu, et que le pouure profijt

940 3195 2319 133 ne peut pas souffris un longh credit ie vous prie, de me remettre, j'aj

926 3322 2350 127 fait des grosses emplaittes en engleterre, & ie dois beacoup a mes amis

934 3387 2269 137 les sarges sont monte jusqua ƒ23:10. qui vont venir viendront a

932 3492 2378 144 ƒ24:10 pour le moins ƒ24:- sur quoy vous pouvez vous reguler

956 3595 2123 143 ie vous sallue et suis en attendant l'honneur de vos remises

741 3625 720 172 amsterdam Consseau

2712 3665 595 147 Ady 10 april 1713

934 3699 2260 186 ue seerf aengename van 7 deser wel ontfange, het breeffie op mi

939 3826 2350 100 peraijra, ras noch niet voldoen waer mede moeten patientie hebben, die mm

937 3923 2342 128 belooven veel, dogh daer comp niet van verhope echter int kort een goet

924 3998 2348 142 sucees, dat mij seer aengenaem soude wesen te verstaen, versoecendel noch

938 4066 2274 153 mael, van ue goede sorge de continueren, sult mij benevens mijn vrind

921 4183 2385 166 gaen B l'olivier ten uijtstersten verobligeren, was aengaed den persoon

945 4268 2192 119 d anthoine hellin is hier in seer goede repatatie & wort voor volle

3544 185 2493 112 satiffactie gehouden, hout hier cosfij huys & is oock het eerste van de stadt is ee

3535 258 2486 133 jongh man, heeft over ettige jaeren £3000:- banqueroet gehadd, dogh is dat weder

3529 349 2489 112 all verre te boven geseyld hebbe bij andre nocht geinformeert. die syden wel

3550 429 2493 124 taree a drij duysens ponden fieren souden ick vende in hem int minsten geen

3534 525 2499 123 servpul tot ue governo waer in ue voordren dinst kan doen gelieve te comen

3535 574 926 164 anderen die altydt sal sijn

3543 651 421 146 darij 67 ¾

3554 742 744 124 banco £60 avance

3536 814 665 131 courant 3 ¼ 65 d

3535 858 1640 198 Londen 35:5en op laeste van de borse 35:4 ent

3371 979 861 154 ath Jaen B. Lolivier

5486 975 526 184 Adij 13 april 1713

3543 1112 2438 116 j'ay bien receu la tres agreible du 10 courant y joint vre remises tratte

3544 1182 2464 117 de diclet mil, quatre cent quatre vint trois florins a fraise patars argent courant

3544 1250 2369 125 a 8 jours ou 10d de vue sur le Sr. Cornelis Wascheers de brusxelles, que j'ay

3545 1318 2440 163 envoyez pour acceptation & pour la reste je procurerez le necessaire, ie

3548 1405 2470 164 serez en attendent l'honneur de vous voire icy apres les faittes de paque

3538 1509 2486 124 que je vous souhaitte neceproquement, tres heureuses & s alutaires . la lettre

3522 1595 2505 157 de ƒ2169:- n'est pas encor payez mon amis fait tous les jours de vourr

3527 1719 2499 134 en parlent les mess. sbar, qui donnent toujours le mesme reponce, qui nont

3534 1789 2393 164 point ordre de payer. cependent il fera tous fore possible je suis font

3534 1910 2452 142 estonne, que le S. de la Croix a refuser d'accepter ma traitte a deux

3529 2000 2484 128 u sace comme il at pris le temps de paijer ie vous asseure que telle

3531 2082 2412 136 actions n'avenceront point son credit il est deux ans passe, que la

3522 2137 2496 186 partie luy est vendu ie vous prie luy presenter pour avoir avcc ptation

3521 2258 2490 162 ancor une fois et luy rendre l'inclose, & m'adviser passe et vous oble

3511 2345 1119 157 gerez qui a l'honneur d'estre

5687 2416 130 119 ne

3411 2446 806 150 ath Jaer de la Croex

5442 2463 556 153 Adij 15: ditto 1713

3508 2524 2458 182 de 21 du passe fut a vre grace ma derniere vous advisant que j avois

3513 2653 2515 111 tirez sur vous ƒ349:5½ de change payable a monsr. Jaen Sre Coliveert

3530 2727 2492 155 qui vous l'at presente, et il me marque, que vous ne pauvie le payer qu'a

3523 2809 2418 115 deux usonce ce que jay accorde moyenant d'accepter la lettre a deux

3539 2910 2406 153 usance ce que vous avez refuse done ie suis font estonne croyez voes

3534 2989 2471 121 mons qu'il n'est pas de satiffaire une debtte semblable, apres vent mois

3521 3087 2489 133 de credit ie vous asseure que le profit que jay fait a la partie n'est

3515 3196 2505 139 pas l'interest de six mois ce pour quoy ie vend p celle vous encor

3521 3258 2474 145 imable mens prier d'accepter, ma traitte au donneer de l'argent, car

3509 3377 2474 135 vous m'ablagerez de prendre d'autre mesures a vre governo, je vouss

3499 3439 2449 135 fauhaitte ces faittes de pasques tues heureuses & salutaires & ie suis

3526 3532 755 120 de tous mon oeu

3515 3610 2491 169 l apres que l'incluse estois ferme ie viend de recevoir vre traitto de

3519 3736 2494 179 ƒ 2483:13 courant avec pratest de retour, que ie vous envoije cy joint il

3521 3830 2459 164 vous plaira di scharger mon compte vre grace verre dans le protest

3505 3965 1156 155 la reponce il ie vous salu

3515 4083 2400 164 il vous plaira me crediter pour ƒ1:4 change pour le protest
