8200 4678
2650 182 651 164 Adij 23 xber 17715

659 197 973 171 Brussel Jan de PBroe

832 320 2333 148 op 6 deser was aen ul mijnen laesten, waer aen mij gedrage sedert

850 382 2399 161 geene van ue desen, om u te laeten weeten als dat heden uls toesende

819 479 2467 153 de drij versoghte perpett. in een packie p beurtscip sijnde gemarckt IDX

840 603 1642 157 waer vooren mij gelieve te crediteren als volghtn

2892 590 352 225 ƒ 38:-

852 684 1606 181 op 23 sber 125 1 predicheeren swert perpett. P1

2915 761 294 116 „32:-

2322 808 116 108 „9

1380 812 580 157 1leep witt perpett

2905 870 297 104 „ 40:-

2312 889 204 130 „56

1373 925 244 142 1 ditto

2557 944 696 149 saemen £145:-

838 1058 2467 145 wissel gelde verhepende dese stucken ick vlle genoegen sullen geven terwijlen

836 1147 2461 185 seer schoon & goet goet is waer in ue voorders dinstigh magh weeten, geliev

848 1251 1688 193 te commanderen, die altijdt sal sijn met affectien

668 1381 1056 203 Brussel de wed Poorremanes

2638 1464 596 152 Adij 23 xber 17713

821 1531 2399 140 ul: aengen van gistren wel ontfanghen, daer uyt met ter wonderinge

825 1640 2392 171 ue misnoeginge verneme, ontrent de 6 gesondene sarges coffeet te meer

822 1715 2451 192 em dat ul van dete soorte gevraeght heeft, vermits ul noteerde ƒ23:10

813 1831 2483 171 dese qualitydt is ten minsten soo goet, als de beste mode couleeren sarges

812 1938 2438 194 & u sal bevinden, dat die 29 a a 30 a sullen meeten & hebbe die noyt

813 2043 2114 192 minder connen geven, sijnde van de beste soorte battard sarges

817 2109 2439 215 sien ue onder de partije ven april 15 sarges coffeet claverblat met

831 2260 2430 168 name 229d, gehadt heeft van ƒ 24:10, dat une soorte lxtre ordinaire

829 2368 2340 178 is wordende reyaeles sarges 2gd. genoemt, & die u gesonde hebben

826 2418 2458 212 is de rechte bastard bette soord 229d, claverblat sender naem & le heebt

809 2575 2474 194 voor desen, noch meer, van dese soorte, bij mij gehadt, weete wel dat

805 2715 2435 151 als een tweede foord bastard sarge caffees van andre marchen coapen

806 2809 2491 162 sal a ƒ 22:- a ƒ 22:10, maer van dese vant claverblat niet laetende

809 2908 2426 173 te consederen, (alsreden gelruyken wilt dat niet anders sijn can, als tot

778 2988 2478 248 den gestelden prijs & hebbe die oock noyt minder connen geven, het is

813 3146 2469 157 mij wel leet, dat sulk voor compt, hadde ul gevraeght, van de soorte

810 3253 2454 155 van £24:10, soude van dese bastard rojaeles 229d soort l stalen

807 3330 2459 231 gesonden hebben geloove niet ue van mij de goederen tot seade

1720 3504 69 73 al

811 3417 2454 223 soude willen afvragena u alles sal gelieve te consirderernn, sult

804 3559 2465 211 daer niett tegen leggen ul geburen, coopen de selve soort ƒ23:10

818 3662 2437 221 & samnige £214:- adve beste voyale soort met name ƒ28: tot

811 3865 421 162 ie noright

814 3914 2493 154 verwaghte de geerpett mergen, oft int beginsel van de toecomende weete

807 4037 2463 153 thuys bestaende in 10 ps N. 60„ 10 N 70. 10 N80. 2¼ N100 toit iu

816 4181 2392 144 dieuste iets van u comande voorvallende, gelieve te gelredeen

807 4271 1406 151 die altijdt sal sijn met genegen thijte

5957 147 84 120 1d

3436 196 924 167 twerton henrij Blagdon

5449 217 584 159 Adij 26 gber 1715

3550 336 2501 180 op 5 deser was aen ul mijnen laesten, met nitto noittie vant geene ue besorgen

3546 459 2497 178 moet, om met cwings te versenden, te weeten to drogetten 120 sarges coffas 220

3525 542 2512 185 perpett, sedert van ul niets vernomen de perpett. van N.1 a2 sijn versooven

3525 646 2517 125 derhalve gelieve de selve te vermeerderen tot 10 ps ider sijn nu 10ps a 48

3525 761 2516 180 p 10 ps a 42 p a 10 ps a 38 p samen 30 ps & die in eene bale opte packen

3516 884 2508 174 wel te letten, datte hunne leingde abreede hebben watt van Jtoffe wel

3515 948 684 187 bedeckt oft geene

3521 1095 2530 169 ingesloten noch een stael van drogets comende uyt de baele N.45 is naer

3525 1188 2510 182 N.1 van de stalen op 19 junij lest ue gesonden, seer goet couleur a van fijne

3513 1301 2523 185 mengelinge laet van dese oock al een goede partije maken, cont daer niet

3514 1446 2494 149 aen misdoen, voorders, soo sende als hier benevent een brefie van   1001

3530 1536 2520 184 ten laste du tresnaije gaussen in londen, waer vooren, het noodigh gelieve

3512 1664 2533 166 te besorgen aden ontfangh t'adviseren, & sendt soo haest mogelijck facture

3511 1800 2264 155 & staelen vant geene gereedt sult hebben, om volgens te reguleren.

3505 1905 2491 164 hebbe by orden borgh geweest & hem sarge over ul saken gesproken & alles

3519 2004 2460 146 gesijdt, wat hende, eghter sonder eeenigh effeet, seght doet wat gewilt

3503 2162 2549 129 can niets betaelen, selfs wort alle daghen op geroepen, voor stoaet seulden

3492 2277 2539 145 soo dat nu wel sien, daer niets van te becomen sal sijn, hebbe hem met drijge

3499 2352 2493 151 menten op laesten aengevallen, gafvoer antw: sroop den hej het vel af

3512 2464 2539 134 waer mede de kennen af niets hadde sijnde mij seer leedt u daer niet in

3498 2598 2556 163 helpen can, oock daer niets en is verliest den heere sijn reght groete ue van

3490 2707 548 160 hert en blijven

3385 2831 2654 169 wentte wel ue mij een chaitterste caes geliefde toe de senden p Jan Ewinge

3493 2973 2543 164 dogh van den alderbesten dier gemaekt wort eet impert, dat ue daer voorgen

3498 3074 1548 168 sal eene facture daer mede te belasten n

3413 3177 781 197 Brussel Step: Rousseau

5413 3196 534 205 Adij 26d. 1715

3506 3382 2461 144 J'ay remi les cheres vre du 23 & 25. courant avec la derniere une lestre de

3488 3473 2540 154 change sur Jo seph de mendicta, que j'ay envoyez pour acceptation, mais le

3468 3571 2559 168 dit pr n'ette pas en ville, cepandant il sera demain icy, ainsij je vous l'en

3515 3654 1564 194 voyerez accepte ou proteste mardy prochain

3487 3768 2539 163 je crois que ma fre vre avoit peure de monr. verhost, puis, quelle m'at

3510 3878 2497 154 a bonden ne de puis ma derniere, que ie vous aiy esant, ainsij ie n'aurez

3505 4025 2514 151 pas l'honneur de vous voire cette fois je vous oaffer mes services eu

3500 4124 1091 164 tous occasiens & suis de ceur
