8358 4630
969 194 1995 127 heden hebben mij geen boste om ien groote fastagh van

954 265 2227 159 kersenis. soo dat gen cours van wijssel notere ken, ul va herten

977 334 2293 174 groetende blijve in afwaghtinge te vestae den ontfangh at

989 448 646 113 voors pack ie

2712 570 576 195 Adij 2 9 xbr 1713

812 578 975 243 bermaus Jaen B. Robert

983 701 2320 185 ue aengename, van 23 deser, wel ontfanghen waer bj sien de prijse

979 818 2312 169 van de tijcken die gevraght hebbe & terwijlen ul seght die voor

926 892 2369 216 dese rijse minder selt als aen andre com kennisse te metien

954 1023 2339 187 soe gelieve de genoteerde 100ps te besorghen, dogh, wel te

978 1123 2279 185 letten, datt ider naer sijn soorte sijn &wel geconditioncent is

964 1226 2223 227 & de beste te senden oft geene wat aengaet, de strepen

974 1352 2259 206 sijn oft groodt ue weedt beter, wat het meeste gevraght

986 1466 2245 183 wort ghet bette inde in de hooge soo wille daer ontrent met

993 1591 2291 168 ordoneren sendt, dat andde het meette vraghen is oock voor

989 1691 2238 146 eene preuve& soo u wel doet soude van goet gevolgn connen

997 1776 2324 207 wesen, wat aengaet contant geldt, dat is bij mij altijdt seker

976 1895 2276 222 & soo u die goedren levert, de weirde sal u voldaen werde

988 2017 2240 203 rense e reciproquelijck een salegh nieuwe saer met veele

1005 2171 1383 164 naer volgende blijve naer groetenisse

2707 2307 572 204 Adij 6 anu 714

885 2340 959 201 Amss. Franisso rousseau

1006 2459 2327 209 ul mij altijdt seer aengename 29 past. wel ontfanghen waer uijt vernem

1007 2597 2260 114 u vies brillianties gerescontreent, heeft dat die voor hun orsico niets

1022 2674 2253 154 wilden laten overcomen ben wel te vreden, voor ongemaek op den

1005 2763 2236 143 wagh in to staen wat ue seght van ƒ300:- soude pretenderen,

948 2897 2361 123 & dat niet sijn can want voort geweght van 3 greijde geen ƒ 601-

1005 2965 2248 133 kan halen supponere u mijn brief niet wel verstaen heet,

964 3046 2373 139 de 4 steentiens mogen maer te samen uyterlijck 3 grejn wegen

1009 3167 2305 148 quiet ider stan d greijn, soo geloove, sigh qualijck sult geepb

1019 3273 2298 157 queert hebben, soo segge noch mael dat dese 4 stant eent waert

1001 3356 2314 168 gehijck grijs wesen mogen want moeten dienen voor eenen

996 3450 2292 169 rinck waer van de 3 groete steenen hebben doen groetste

1000 3562 2302 163 weght 5 greijs de fuee sij steenen ontren twee greyn & uu

998 3662 2242 155 dese vier die versoese, meeten alle 4 te samen maer 2e3

994 3794 2321 172 graijn wegen & wat de weirde aengaet sal maer ueterhijck

989 3876 2302 207 ƒ 40:- aƒ 50:- de vier ennen helen want dat goetij worts

1019 3992 2330 146 met otaet vercoght een coreit, is 4 greyn qwort hier vercoght

1025 4076 2265 193 a ƒ 50:-a ƒ 56:- ƒ60:- het alderhoogte soo dat 3 greyen

1014 4204 2256 152 noch geen cataet is versoekende vrindelyck devoiren t

1011 4305 2291 135 doen om die op te soeken, sun die hier niet lecmen in my

3561 94 2436 216 j

3502 269 1705 179 governo if antwoort verwaghter de blijve

3440 377 1103 207 Twetton Beregenech merck

5351 374 607 235 Adij 3 Januariy 1714

3522 502 2461 206 ul aengename, van 16 deber lest wel ontfanghen, daer benevens facture

3543 647 2468 144 stalen van tiwee bales N. 65: 66: beloopt £184:12:6 sijnde de eere

3553 744 2430 149 met 30 rojaeles 249d, die gecontramandeert hadde, nu terwijlen aen

3461 837 2495 153 de couleuren ken u die crepres, hebt doen voor mij maken, sal die

3535 891 2342 196 behanden de andre, met 60 sarges 22 gdij te weten N. 235:236

3498 1033 2482 147 gemengelde coffees die niet alte wel naer mijn ordre sijn terwijle

3514 1085 2532 172 meett van een couleur & geene lighte N.234 met 15 espines is wel

3517 1202 2420 135 als oock N. 237. met 15 schadet, dogh een stuck oft 3 grof, u heeft,

3515 1307 2442 155 met ie vorige gesijdt dat soo 30ps voor mij hadt laten maken, soo,

3519 1443 2445 141 moete noch soo een baeltaen hebbe maer: laet& die stalen beter

3525 1504 2458 182 genaeyt worden, gelijck N 235: 236:234. sien wel dat een seerjongen

3514 1606 2455 149 ligh daer mede gemoyt heeft & dat soeke niet want de hooge van

3508 1708 2486 173 een wel gemackt stael boeck, doet de goedren groot voordeel derhalve

3520 1833 2483 137 recommandere iet toecomende daer goede sorge voor te draglen

3531 1939 2358 118 wat aengaet mijne vordre ordre, hebbe ie gelijdt, met mijnen

3515 2013 2436 182 van 30 sber dat de sighte blijven in N. 210: 212, noch te slave

3506 2120 2426 184 waeren, datse merder, moetten blosen awaerdt, dat ie soodanige

3499 2240 2460 123 bij hadde, wel meer moghte senden te weten pJohn Ewinge soo

3478 2333 2432 102 dat sule het niet geschiet sijnde die ordre vernietight is, nu heeft

3515 2450 2495 116 ue die expres laten makens doet die inde bale van 60 ps die geordoneert

3516 2532 2407 113 hebbe op 25 gier wel te verstaen implaets van de sene blijven

3530 2619 2438 125 int staelbockie, als den gesonden, soo heeft u niet te senden als

3497 2706 2420 177 die bale 60 sarges in 4 sets ider set van 15pd. te weten in ider

3506 2813 2498 181 het f lighte blijven &6 schades volgens, het sael boekie & bevendien

3515 2927 2480 114 noch 15 schades gelijck N. 237 wat de loups aengoet begeire noch

3523 3021 2354 165 wel 30 ps & in ider baelten 3 ps. gelijck in u gesende generael

3523 3122 2467 189 staelboeck No. 59 als ges op 14 sber mijn laette dat u seghtlight

3508 3228 2473 179 grijs te sijn, waer van verwondert ben u moet u st qualijck genod

3511 3390 2429 113 helle het huer ingeslote een stakie daer van is met blauw root

3509 3480 2451 124 giets wet gemengelt & soo moeten de 6 ps preeus sijn hier onder

3526 3542 2429 131 aen den voitt deser heeft u nitto netitie wat noch te senden heeft

3496 3647 2473 118 meer begure oock niet nocht mijn ordre heeft niet vorder geluyf

3528 3723 2476 156 nu terwijlen baridge in januarij moet vertreken sijnde int dandden

3525 3848 2454 130 van den winter 4 dat soo groeten risico in een schip niet wil hebbee

3512 3928 2482 160 soo moet u de helft alseureren dat de negotie sleght is waerges

3499 4021 2452 175 voor ens noch leeghter & dijn intrest van sijn capitael niet te

3501 4133 2480 181 winnen, hope mede beteren sal dogh sien wijnige apparentie

3507 4262 2473 134 want soo lanck gij leeden hier en eldets aen de win het handers
