8207 4671
862 136 2369 163 1

853 237 2212 171 oft die senden sal, oft niet in afwaghtinge blijve naer groetenisen

1177 330 1487 193 20 ½ groot foot to smalll t0 breede ƒ 8:13

1190 467 736 153 10 ¼ dmij segels:10 d

2376 452 284 152 £18:6

1169 559 1500 160 30 ¾ groot soot„ 200 .„10 d„ 1016

1190 688 118 80 40

1275 660 937 185 4 drij segels „ 30d -„10 d

2348 697 291 119 „ 12:18

1162 809 232 139 100 ps

2744 871 549 171 Adij 12 xber 1713

688 877 734 218 Frweiton Robert buridge

844 1002 2445 169 op 5 deser was aen ul mijnen laesten, met ordre voor 6ogis perpett te weeten

833 1109 2454 195 20 ps a 61 p 20 d a 70 p & 20 d a 80 p & de selve je teeckenen op de selfianten

822 1223 2457 130 N.60: 70 a80. met inck in plaets van N1:2:3 voorders referere mij aen

836 1321 2423 196 den silven, sedert geene van ul, hebbe u 2 laeste gesondene bolen N728

818 1468 2458 161 gistren geopent voor eenen calant, die de soorten van Dheer van harne

819 1568 2436 185 saliger ten uytersten wel sende & seyde, dat de bale N 6 die hij van mij

808 1678 2473 216 gekoght hadde, niet en waeren gelijck het behoorden, de selve sennende

826 1785 2413 195 aen de selfcanten & aen de marchen die in de bele N.6 sijn van den

825 1900 2435 225 teghten maker niet terwijlen selfs gesien hebbe, dat die over de engelte

856 2040 2424 174 yd corter sijn, als commige gie in de bele N7a8 ingeslote eenige

815 2181 2365 168 staeltiens uyt de slefs canten gesneden waer aen een papiertieni

817 2288 2468 208 gepleckt ede op genoteert welecke in toesemende senden, moet sijnde soo

830 2417 2381 179 ie governo & oock om ul te seggen, dat van geen andre mekere en

822 2531 2379 187 begeire den coopen die de bale N.6 van mij gekoght heeft heeft mij

819 2652 2435 190 de selve weder gesonden  hebbe hem moeten ten coeur geven uytde

776 2765 2517 179 balen N.7 op voor 10 gis soo recemmandere in het toecomende daer

831 2888 2417 179 op te letten a van geen ander werck man te senden, als volgens

783 3017 2494 194 dese ingeslote lest a notitie op de paprert iens blijve met haeste

825 3175 1065 182 naer Cordiale groetenisse

2541 3233 663 232 Adij 14sbr

627 3329 1004 171 Furnhaus Egidrus saenen

822 3402 2466 173 sedert voorleden maendagh dat ul mij de tijken gesonden hebt, die noch

834 3505 2457 241 gesloten staen van ue mit t vernemen, hadde eghter in afwaghtinge

821 3671 2464 207 glweest, dat ue de retterende op mijdagh, oft heden smede gesonden hebbn

818 3784 2455 213 dat hiets gedaen hebt, waer van seer verwandat ben om redtuy

805 3912 2489 198 dat den tijtt al gepasseert is, soo weete niet wat denest wat

792 4089 2493 159 daer aen sert geleve mij te laeten weeten wattor manqheert

790 4242 2492 149 eghter sal de selve op mijdagh sonder faute te gemoet sien ue

835 4353 1168 103 van heeten gratende blyne

5924 175 130 91 21:

3443 208 659 158 Ath la veufve Lison

5412 238 581 137 Adij 15 sber 1715

3536 319 2503 138 j'ay recue l'honneur de la chere vre cy joint une remisse de sept cent une quen

3489 403 2551 173 florins, argent de change sur mons. Pieter Stoylaent pour la quelle ie procurerez

3527 480 2518 139 le necessaire & a son temp vous en serez credite. comme ie suis presentement

3520 608 2493 127 si bien fourme de toutes sortes de marchandise j'espere d'avoir l'honneur

3524 682 2493 160 de vous voire bien dat icy, pour faire des emplaits, cependant sil y

3516 770 1852 141 quelque chose a vre service commade liberement

5484 772 468 179 ƒ 19:15d

3390 836 957 150 nosse wed: Borremans

3521 872 2514 188 ul: seer aengename van 10 deser wel ontfanghen daer benevent ul tolbre

3496 979 2542 170 hebbe voor lede saturdagh, het pack p beurtschip ul toegesenden, dogh weet

3525 1083 2516 178 niet en sal sijn vertrocken omdat hij wijnige ladinge hadt eghter

3522 1221 2512 122 moet infallibel op morgen vertrecken verhopende de goederen ul

3518 1284 2526 144 wel geconditioneert te hant sullen comen hebbe mijn dienaer bij

3516 1398 2525 143 truijsaert gesenden, om naer ul tolbrief te vragen, die den selven

3509 1487 2537 121 heeft getoont, warende over stier, soo dat die niet meer helpen sende

3522 1565 2417 170 tot ul: naeright, hij seyte sorge genoech voor de tolbrieven hadde

3524 1675 2346 151 iets anders van uls comande voorvallende, gelieve te gebreden

3462 1768 1127 180 Brugge gillis Jan Coppenolle

5380 1767 592 201 Adij 5d. 1715-

3521 1909 2531 137 ue aengename dan 4 deser wel ontfanghen, dien volgens verneme de certificatie

3507 2040 2534 124 in tijdts sijn gecomen, hebbe sedert mijnen laesten uls rek van oncosten gielan

3523 2120 2493 155 ineert bevonden 8st: wissel gelde tuwer preiuditie en de opsommatie

3515 2229 2531 160 vande twee packen 44:45. warende in courant geett ƒ55:16 moet sijn

3493 2346 2544 153 ƒ56:6: sijnde in wissel gelde ƒ 48:5 in plaets van ƒ47:17: derhalve hebbe

3482 2436 2560 201 die rek. geredresseert a ul gecrediteert voor ƒ 585:34:3 in plaets van ƒ 585:6

3495 2564 2548 187 3 dat benevens mij geleve te noteren, ue can altijdt  op mij trecken

3515 2702 1577 165 dat u seuldigh ben a blijve naer groetenissen

5446 2737 546 209 Adij 16 sbe 1715

3442 2803 825 180 Liverton Robeut bandge

3510 2929 2541 140 op 5 & 12 deser waren aen ue mijne laetten, waer aen mij gedrage sedert geene van

3511 3003 2534 159 ul hebbe onder mijne perpett gelren als dat N 70 al noch het meeste manquert derhalve

3507 3102 2543 137 sal ul de geordoneerde 20ps. vermeerdren tot 30 a 40 &s0o u sordelt de selve perp

3512 3207 2519 154 met 6wings soo spoedigh souden overcomen als via sonden, sal ul de selve in

3505 3296 2525 165 hem laeden overmites, al te grooten Risico antrest in dtto ewings staen te

3499 3403 2506 172 hebben, moet ul dese perpett. assureren gelijck andre vrinden, voor mij oock

3472 3504 2552 178 doen, mits geiet ende 2 P wel te verstaen, dat bij faute van ongemoek

3465 3636 2586 144 daer godt hem van beware wil, ck de volle somme, sonder eenigh rabat

3506 3738 2541 173 senden moeten goet doen, twijfele niet, oft ue sal dese propositie aen

3513 3852 2483 141 nemen, soo wel als andre, versoeckende, hier op ul antast op ontfangh deser

3506 3908 2484 176 om volgens na te reguleren, ingesloten remittere als  £150:- ten laste Edward

3498 4023 2525 179 frourd en senden, waer vooren, het noodigh gelieve te besorgen aden ontfangh

3515 4172 1794 174 t'adviseren aen die blijve naer cordiele groet misse
