7803 4637
2426 174 677 151 Adj 12 meij 1712

476 177 862 164 siweton thorne & blayden

637 290 2506 136 op 28 p. wat aen ue mijne lotten sedert geene van ul soorefernerre mij ul

657 410 2448 96 noch aenden selven, henrij compten is (godt lof, behouden tot brugge

634 489 2483 127 aencomen bevinde dat ue maer 2 packa in den selve hebt geladen waer

649 581 2518 126 mede al een redelijck sortement hebbe, uyt genomen van u royeles verites

645 644 2557 144 dat sohn brooridge aghte uytgeleylt is, & voor de tegenwoordige aen leggn

628 751 2540 141 schepen om te laden voor aenstaende convoij niet ovecomen sal, soo sal

633 820 2420 177 nu wel daer oft daer ontrent die partije an nemen uijtgenomen de

640 959 2541 111 coffees van 29ƒ6e7 ou reden voordesen gescreven, ingesloten remitten

621 1027 2414 174 de £200:- ten laste henrij hertman in london waer vooren

642 1150 2531 141 het noodigh gelieve te besorghen sijnde maer een uso &3 daghen ma

646 1221 2480 172 soo versoecke den ontangh deser mij cito de laten weeten als oock

655 1309 2498 222 tgene versoght hebbe ontrent het baultien ryales 24 ge soo voor nu

649 1447 2457 141 niet geschiedt is. seydt doch niet traegh int beantworden dat van

650 1568 936 103 heten recomandere & blije

588 1587 2525 218 d. prepareert twee baeltiens coffees drapen van de 1 claver meest naer

645 1713 2512 209 dit staeltien eenige iets beynde geenrge iers lighter maer niet te veel lighter

652 1844 1760 188 segge dde baeltien van 15 ps massen sama 30 ps

2445 1890 592 213 Ady 12d. 1712

485 1971 718 212 Ebon richard hoosie

654 2078 2317 203 op 25 pas was aen ue mijnen letten, sedert geene van ue, henrij compton is

642 2212 2517 173 behouden tot brugge aecomen & joh ewingh burridge junior waer ende twee

632 2277 2519 205 packen N. 23:24. geladen sijn aghte gebleven, dat wel malhenteuselijck is

650 2326 2524 201 ingesloten remittere in sof £100:- ten laste heunij cothman in london

660 2499 2520 186 waer vooren het noodige gelieve te besorgen, sijnde maer een uso & 3 dage

657 2644 2526 140 meer soo versoecke den ontfangh deser mij cito te laten weeten als mede

652 2699 2516 147 wt voordert passeert ontrent de andere schepen principalijck van

640 2820 2562 147 Jolen booidge om volgens mesures te neme, wij hebben wijt soo sleght

654 2898 2477 196 tijt gehadt, oft gelven, als tegenvoordighn geen mentcha connen naer

641 2999 2464 230 goedt vraght, soo oft geene negotie dede, godt wil gege dat het

2587 3109 596 192 Ady 12 d. 1712

654 3140 1437 154 eent besteren magh ue groetende blijve

539 3245 980 200 Rotterdam dionijs verburgh

661 3309 2393 181 ue seer aengename van 10 deser wel ontf. vaer bij met groot genoegen

664 3420 2525 161 verstan de versendinge van de passe, lenaerdt van de howecke & anenr

625 3575 2512 118 de voij sijn twee brave schoppers, soo den oint blift te het noorde

645 3628 2539 168 continureren sullen een spoedige rijs sione hebbe sal de wodege

668 3731 2414 175 ordres tot de verclaringe tot lillo bestelle sin p naeste de rs

669 3823 2510 176 van oncost te gemoet voordert de wissel mede te notere dregelijk

687 3957 1976 162 voors gante te geven dit donde tott mij ul oblegen

654 4087 515 150 lodn 32:9

659 4189 430 105 bario „1

667 4251 546 166 courent „ 44

5275 164 734 159 Ady 13 meij 11123

3307 171 1104 188 Brugge Gillis van Coppenolle

3438 302 2573 164 den ue van 11 deser wel ontfanghen, waer bij sien de versendinge van de

3463 409 2525 150 & genoteerde packen, ic twijfele niet oft daer sijn twee beurtluyde op

3449 494 2572 176 gent oft adroiture op antw. ter wese, & soo sijnde, wae het al te veel geladen

3469 637 2531 124 in een schip, ue sal de andere resterende pacen mede adriiture senden

3460 736 2559 129 e beylander segge met het eerste vertreckent schip, ue maeckt geene

3457 838 2566 128 mentie van het baeltin  158. nochte oft het oock soo is, dat de

3464 913 2493 121 vaerge geene goederen magh mede nemen ingesloten sende aen ue

3476 1023 2503 140 eene remise van een hondert vier geooentigh pe. en spetie sjnde

3459 1117 2516 176 ƒ 297:12: £49:12:0 en wissel gelde, ten laste Piere grilion

3486 1242 2527 150 waer vooren het noodieh gelive te besorgen, & betaelt sijnde mijne

3480 1377 2531 125 ick crediteren voorders soo de tijf resterende packen versonden

3465 1439 2541 174 sijn, soo gelieve aenttonts de ick. van oncotten mj toe te senden

3420 1560 2484 163 &n afwaghtinge de selve, als mede hoe de packen versonden

3464 1691 821 149 sullen sijn blijve

3444 1740 2586 177 laet mij morgen den ontfanghe deser weeten om de voos remise wille

5305 1831 616 151 Ady 13d: 1712

3311 1858 524 181 Lier de Linder

3476 2004 2449 129 ick hebben den ue van gisteren wel ontfangen & heden desen morgent is mij het

3463 2087 2541 183 packie met oorden thuys gebrocht in antwoordt stan ommogelijck soo veel

3458 2186 2515 131 oorden niet begeven, iae selfs dat mijn meysen met oorder te mart sende

3477 2279 2563 185 willen de luyden haer niet gerreven, oft moet ta alderminste de helft witt

3447 2410 2560 164 gelt geven, soo doet ue mij gant gea plaisir, met mij met soo groote partije

3464 2519 2534 127 oorder toe te senden op reste van de verkoght goederen, & dat het noet

3468 2587 2490 154 ware om deer vann calandisie, soude de selve moete te rugge

3452 2683 2580 135 senden, wij sconma ense wissel brieven met geen oorden nochte met ts

3468 2822 2519 129 nochte met 2 ps betalen de muste munte vor de wissel brieven

3469 2904 2560 165 moeten & sij, & souden wij voor ens schoon silvere gelt, coopere miente

3474 2990 2564 146 ontfanghe om het profijt datter aen de sacgis is, daerme nn gen thi

3454 3090 2547 141 tuijvers aenvinne san, soo waer het veel geraedisanes, de negotie

3464 3186 2555 170 te laten, & onte silvere minte bij ons houden, soo gelieve geen oorder

3480 3310 2430 124 meer te senden want soiude die reght moeten wedersenden om

3479 3393 2471 191 neden voors: dat mijne wissel brieven met oorden honde betalen

3444 3508 2490 183 soude ten mintter geen difficultijt maten, sal morgen eenige

3456 3638 2554 164 packen vn mijne versche goederen thuys hebben soo ue dverans

3465 3726 2453 161 mude ia dienen, gelieve te comanderen die ue van het en is

3444 3838 682 189 groetende p bij
