8173 4665
2864 190 461 159 Adij 4 meij 171

753 188 1242 156 brussel de wed: Henrico Borremans

937 309 2261 119 in lange d heere niet gehat van ue iets te vernemen, al hoewel

936 389 2363 142 verwaght hadde t gelieck ue hier te sien int beginsel van den vesten

935 477 2376 129 volgens ue aen mij a loostij sijnde wel heeft gelieve te seggen, verhope

934 592 2354 123 echter niet ue hier geweest is sonder mij te comen besoeken

928 630 2327 171 alle goedren, sijn meer gemonteert heden hebbe advies become

933 743 2366 153 dat het enges groot onvoy, met sarges behouden is gearriveert

941 843 2329 127 soo als ue overcompt een assortemen sonder vregaet ben mjne

953 912 2268 172 huyse selt bevinden neme hier mede de vrejgheyt van ie

956 1000 2242 187 hier benevens toe te senden drij quittantie, ten laste de stat

946 1112 2310 178 brussel, als hier onder genoteert verhope ue de goetheyt sol

940 1198 2347 200 hebben van de provenue in te voordren & den ontfangh de se

948 1325 2375 193 mij t adviseren voorders de weirde remittere naer ue wel bevallen

935 1444 2295 151 dit doen sult verobligeren, die blijve naer cordiale groetenisse

988 1599 1057 132 eene quittantie van ƒ60:

2215 1604 1085 208 ƒ162:6½ courant gelt

1004 1679 343 108 eene ditto

1800 1688 278 108 „ 50:

1000 1762 347 130 eene ditto

1799 1731 530 169 „ 52:6 ½

2780 1810 504 209 Adij 5d. 1713

749 1868 1106 156 brugge Gillis van Cappenolle

941 1984 2369 133 ue seer aengename van 29 & 30 pas 23 deser wel ontfange, met den

945 2055 2345 141 freede het wisselbriefe van £300:- ten laste louis tolly, met

938 2171 2270 159 acceptatie terugge bedancke ue hertelijck voor de genomene

937 2252 2333 159 moyte als oock voor ue informatie, van den behenden vrint in

955 2322 2339 211 soo dannge oft andre occasien gelieve mede te commanderen

954 2452 2338 147 bij den laesten verstaen het arrivement, van John Twengh Sunion

954 2535 2351 191 tat ostende verhope heden a costij sal sijn der alde sende hier

939 2684 2326 113 sonder aen den voet deser de notitie van mijne packen geladen

943 2757 2222 147 in hem die gelieve te verclaren & te versenden advoicture p

944 2864 2211 155 beurt schip segge 5 packen in een schip, & de andre in een

966 2957 2344 142 ander soo dat met te veel in een schip begeire. hier ingeslote

955 3069 2259 148 mijne tolbrieven, versoecke de kortse expeditie, en laet mij

955 3161 2323 177 weeten, oft ue alle mijne packen bevint. daer soude noch een

959 3269 2354 119 baeltier N.203 van dit marck konnen bij wesen mer van

970 3352 2329 176 noch geene notitie hebbe in afwachtinge te verstaen watter passeert

961 3467 650 135 blijve naer groet

1520 3521 1107 165 In schiper John Ewinges tiencor

1376 3638 1137 144 eene bale N 52 met 60 sarges

1797 3736 627 128 „53 „ 60 ditto

1800 3814 588 118 „54„ 60 ditto

1798 3892 600 115 „55„ 30 ditto

1634 3959 750 162 j „56: „ 60 ditto

2006 4041 386 88 „ 60 ditto

1792 4062 66 86 „

1633 4099 747 125 „50„ 60 ditto

1639 4176 788 147 „198„ 60 ditto

1782 4254 661 155 ƒ199„ 66 ditto

1746 4318 840 126 samen „ 510 sarges

5409 201 635 148 Adij 6 mej 171351

3371 197 869 154 twerton bere & & nech marck

3547 322 2453 155 op 29 pass. was aen ue mijnen laeste met remise voor st£151:18:4 en ten

3543 417 2468 123 laste Edward frouws in london, voorders referrere mij aen den selven, sederd

3535 500 2487 117 become ue seer aengename van 15 pass ditto in antwoordt ue moet te vreden

3526 579 2494 139 sijn, met 1½ p premiien voor d'asseurantie daer is mij niet meer gevraght

3528 679 2452 151 geweest, soo hebbe ue gecrediteert voor st£3:18:2 sijnde het impost

3551 765 2465 139 van d' helft asseurantie van de goedren in Ewings geladen die godt lof

3534 884 2406 133 behouden tot ostende is gearriveert, ingeslote remittere ul £253:

3529 978 2428 122 in twee brieven ten laste sacob wachter in londen, waer voore het

3539 1070 2474 150 noodigh gelieve te besorgen, & den ontfangh deser, mij t'adviseren

3549 1186 2471 105 terwijlen ue seght dat de gemengelde laffee sarges soo abondantelijck

3555 1226 2462 188 niet gemackt sullen sijn, & mijn ordre op het spoedight soude toesende

3551 1377 2434 138 om met baridge afte senden, soo prepareert voor eerst eene partije, als

3543 1429 2487 117 aen den voet deser genoteert sal voorders sien, hoe gin wat couleuren

3535 1528 2490 172 den aftreck sijn sal om mijn ordres, t'en largeren, dogh ue moet schoon

3538 1634 2413 149 & goedt gadt senden, de couleuren wel na te comen, oft geene, soo op de

3528 1712 2499 161 borse kan ten rechte comen sal het restant hier benevens noch remittere

3530 1833 2378 146 soo niet ue heeft het p eerste te verwachten ue van herte groetende

3927 1914 1416 160 te trepareren, voor Daniel gerardo melijt

3933 2019 1320 141 voor eerst aenstaende schip, als volght

3665 2050 2292 194 eene groote bale, met 60 sarges loaps levendige couleure gelijck de

4589 2183 545 147 leste gesondene

4420 2229 1596 179 30 licht olwes naer de 2 staeltiens van 29 pass

4539 2336 1190 132 voos gnaer N. 3, van 30 april 1711

4441 2427 1580 153 15 chet mits & draps vanider de helft naer N.6:7:8

4563 2524 877 136 9 oock van 30 april 17116

4462 2574 1246 167 4 schades naer N. 14 van 30 april d

4466 2684 1132 134 4 ditto naer„ 19 van 30 ditto

5034 2773 440 81 1 van 30 d

4588 2782 328 74 ditto naer

4473 2765 1539 166 3 ditto groen schaden naer N. 12: 13 van 30 d. niet

4574 2892 319 125 groender

4374 2935 796 200 12 d ƒ3 in 2 balen

3520 3063 2503 157 op de borse hebbe noch  £100:- becomen ten laste chales balangen

3538 3151 2441 162 in londen, soo hebt ue den prima hier ingeslote, waer voore, mede het

3531 3268 1638 167 noodigh gelieve te besorgen als voore & blijve

5381 3359 634 168 Adij 6 meij 1713

3364 3373 976 164 twerton Hen rij B la gdon

3523 3467 2481 150 op 29 past. was ul: mijnen laeste met remise van  £100:- ten laste Edward

3531 3566 2382 109 frouwe in londen voorders referrere mij aen den selve sedert van ue niets

3523 3661 2481 125 vernomen John Ewinghs is aodt lof, behouden gearriveerd hadde het cognosten

3534 3750 2382 140 ent van twee vale sarges verwaght om de selve te konnen doen lossen

3511 3780 2484 180 terwijlen tot noch toe daer niet van verneme, soo gelieve op ontfangh deser

3541 3902 2370 135 eselve mij toe te senden ingeslote remittere ue al noch s £126:19:-

3524 3985 2485 136 in seconde brief, sijnde den eerste mij niet ter hant gestelt & den seconden

3524 4089 2471 104 sonder addres, soo geloove den prima verloren is sal daer voorders naer

3510 4157 2481 126 in quitteren, gelieve het noodigh voorden selve te besorgen, soo een

3531 4256 2484 127 stons become den prime van den gementioneerde wissel brief, soo gelief

3523 4352 2462 91 ue het noodigh daer voore te besorgen eden ontfangh adviseren blijve
