8378 4630
1381 147 59 75 1

2849 177 568 146 Adij 22 xber 1714

947 179 918 162 tiverton p asami. Levis

1114 250 2252 121 u6: aengename van 27 past wel ontfanghen, daer benevens sien de

1092 356 2243 150 prijsen van de royacles 2 4 gdu bastardes beste 229y drapeen, als oock

1114 425 2167 151 van de bastardes 2e gdy van 9 ¼  gewight die alle met die van

1089 545 2234 105 andre vrinden overeen comen nu wille wel eene preuve met ue

1100 635 2268 135 nemen soo sende hier ingesloten stalen ginstruetie voor doij groote

1085 710 2284 159 baelen te weeten voor eene baele beste sarges bastardes 22 gds met

1081 833 2311 136 60ps. alle blives van 36 p van tols genight eene ditto met 6ops

1081 905 2253 148 van 34 p 9¼ gewight en eene baele met 4e beste drapeen 22gd

1091 1013 2296 142 van 36:6e7 a 16 & gewight, sijnde samen 160 ps die recommandere

1082 1106 2225 171 sorgh vuldighlijck te provideren boven al wel te letten, dat die

1101 1196 2158 153 van Clijne & fijne mengelinge sijn gleverdigh van couleur soo

1101 1266 2286 220 gelijck dese ingeslotene staelen a fijne wolle als oock dat die hunne

1100 1428 2245 164 leingde van a2gdy ten vollen hebben in sal die gelieven op te

1085 1515 2273 186 packen in clijne baettiens te weeten de 60 beste ngda in 4 setts

1101 1622 2231 160 & ider sett van 15 ps ade 4 setts te samen in eene groote baele

1080 1710 2322 133 met sijn bardes a soorden de 60 ps 22gd a 34 p op de selve maniere

1095 1797 2312 149 & de 40 drapan van gelijcken in 4 setts a in ider sett 10ps. die de

1093 1895 2293 173 samen in bene groote baele als de roige qu moet oock letten, dat

1051 1999 2292 163 de stucken wel geporst sijn, want sijn anders niet vercoop baer

1047 2067 2300 163 dese diy baelen, sullen dienen voor eene preuve & soo ondervinde

1114 2188 2137 145 u wel doet, sal int toecomende, mijne ordres vergrooten

1094 2298 2200 160 watt aen gaet den risses van laes sal die selfs op mij nemen

1088 2436 502 149 tot u naright

1100 2458 2309 222 gelieve op ontfangh deser te laeten weeten, oft u de goederen besorghen

1105 2593 2260 150 sult om met schn wings te versenden die nu in ladinge staet te

1091 2676 2248 179 comen om mij vervolgens te reguleren aversoore soo u al eene

1096 2766 2268 164 bale gereet hebt van de staelen de senden het cognossement, sal

1111 2866 2284 161 u als dan remitteren vorders sal het mij aengenaem sijn dat

1105 2959 2201 159 naer mij eens gelieft t'inguiteren & cont u' addresseren a costy

1092 3043 2287 217 bij mr. apeot Robert buridge Bereglnech marck Henrij blagdonge

1107 3150 2289 163 met wie tot nu toe het meeste gehandelt hebbe n antw: verwaghten

1122 3287 1015 104 blijve naer cordiale groetenisse

2080 3266 1306 193 voor eene bale beste sarges 229b „ 10 gewight

2106 3390 445 112 2 us naer N1

2442 3468 119 91 „2

2103 3456 119 120 2d

2505 3531 71 77 3

2120 3537 103 74 2d

2121 3599 119 69 2d

2447 3555 126 131 „4

2450 3654 92 87 „

2126 3657 93 90 2d

2445 3700 137 89 „6

2123 3716 139 77 2d

2139 3773 81 76 26

2446 3739 177 148 18

2130 3817 143 77 1d

2114 3832 1098 153 19 pi en one selt a so0 4 settr in one ball

2014 3936 1363 134 voor eene baele sarges 22gd van 9 ¼ s gewight

2084 4010 1227 147 15 ps. alsvoren geassorteert in one sett

2085 4097 870 106 24 setts in one baele

2928 4259 325 166 Jevolgh

3732 140 782 149 voor bene baele Drapeen

5886 193 159 100 132

3743 228 551 154 1 ps naer N.1

4133 336 150 110 „2

3743 334 146 105 1d

4214 430 78 91 3

3753 412 144 122 1d

3769 523 97 103 1d

4212 514 80 89 4

4221 619 71 77 3

3788 614 101 88 d

4162 678 150 136 „6

3731 694 147 124 2d

4137 792 144 103 „4

3735 771 190 148 3d

3717 893 1513 177 10 p in one dtt 900 4 ittr in one reell

5473 1181 556 148 Adij 24 xber 1714

3521 1166 1100 179 Amsterdam Francisco Rousseau

3573 1337 2435 112 in langhen d'eere niet gehat aen ue te scrijven, bij faute van mateie

3536 1406 2480 166 desen, om ul te versoecken Jan op ontfangh mijne rek courant toe te

3557 1516 2463 138 senden, terwijlen het jaer soo na geeijndight is & dat gewent ben, alle

3575 1617 2465 140 jaeren met mijne vrinden onse rek te suijten, wense ue een saligh

3571 1749 2477 119 aenstaende hooghteijdt met veel toecomende a blijve naer presentatie van

3566 1816 368 136 dient

3530 1938 973 200 Rotterdam Dionijs verburgh

5511 1961 527 180 Adij d. sber 1714

3536 2093 1197 166 als voors van T. Rousseau

3495 2225 1181 192 Brugge Gillis Jan Coppenolle

5428 2219 572 181 Adij 26 xber 1714

3575 2361 2409 148 ue seer aengename van 15„ 219 24 courant wel ontfanghen bij den S

3556 2457 2369 146 verne me het behouden arrivement van John buridge Godt danckd hier onder

3563 2524 2472 160 haft u de netto notitie van de packen voor mijne rek. in hem geladen die

3557 2612 2478 193 vervolgens gelieve te verclaren boven dien sal u noch aen mij geaddressert

3553 2713 2462 176 vinden eene bale gemarcht  79 met 20 fijne engelsche diogetten dat uue

3550 2808 2475 141 a cottij sal laeten leggen a daer ontrent de ordre volgen van de mesr

3553 2930 2469 150 Bereq neck marck van tirerton, terwijle die bale voor mijne rek meet

3565 3017 2468 174 wil aenveirden hebbe hun daer over gesereven, verders soo haest mijne

3548 3085 2497 230 packen op d alle comen sal u de selve gelieve te visiteren ofter geene

3562 3212 2445 137 natte goedren bij sijn, want heeft in de beste tormen op see geweest,

3558 3332 2077 130 soo isser voor te vreesen zlaet mij cito het avinden weeten

3561 3402 2459 161 wat aengaet de versendinge soo begeire die wel adroiture op antwer

3537 3516 2465 178 pen p bijander dogh wille geen ander vraght geracordeert hebbe als

3540 3584 2462 218 tot 60ps p vat & soo de seippers voor die mijs niet varen wille, sult

3557 3689 2362 189 geene laeden & mij advies geven ben verwondert, die sacke noch noch

3542 3802 2412 146 niet afgedaen is hadde eghter al in verlanghen geweest te vernemen

3549 3833 2448 206 hoe het met de groot afgeloopen is om onse mesures naer advenent te

3548 3977 2454 175 nemen, het is nu tijdt dat gjlieden die saeke ten eijnde siet te brenghen

3542 4055 2473 165 a dat het op den ander doet blijft tot u voordeel, want onders sult gij

3538 4185 2423 149 heden wel gewaer worden, wat preguditie voor ue sal sijn, want

3527 4296 2397 166 wij genoet sackt sullen wieden genen andren wegh te soecken, wij
