8392 4644
2732 231 615 143 Adj 9 juny 1714

923 229 1042 198 Mechelen Francois Bosselaer

1069 299 2224 193 en lange het geluck niet gehadt van ue hier te sien desen, ome

1062 423 2309 149 n tadveseren als dat e voorsien en van eene partije perpett

1050 513 2295 155 van den maeken die dheer henree van havre saliger, altijdt geimployeen

1050 574 2289 191 heeft te weeten van N. 60: 70: &0: 100 waer van al eenige ooek

1034 697 2311 202 goverft sijn tot udiente hope in toecomende e calandisie ontrent

1056 785 2141 231 dese perpett. & andre goedren te becomen, lyt versekert u alt g

1046 918 2238 209 getrouwelijck sal bedienen hebbe oock noch eenige prinse sarges

1059 1038 2262 150 nue vers gecreghen als oock drogetten en andre sarges verhoope

1053 1150 2238 135 int cort dbere van ue hier teken om ue in alleste conner

1061 1249 2297 161 bedienen naer  confordement blijve naer Cordiale gretenisse

2648 1360 715 190 Adij 13 Juny 1714

1020 1385 1093 209 Londona Charlas Haniltons

1067 1479 2274 232 ul seer aengenaeme van 21 pass wel ontfanghen &de staende slaght

1064 1613 2272 168 orlogie is hier oock wel geconditioneert aengecomen & hebbe die over

1062 1677 2270 176 wel besonden & groote genoeghen bedancke n uyter herten voor soo goede

1061 1778 2219 207 sorghe q waer en ue hier dienen can versoecke mede te gebreden. hebbe voor

1052 1889 2253 199 gestren een brief van mijn tijck maecker becomen die meldt als dat hy mij

1068 1969 2192 148 met can bedienen ontrent de 100 ps sijne strepies naer ie stael die ue

1048 2048 2266 220 gevraeght hebt om datter geen were luyden te becomen sijn ade andre

1047 2134 2298 233 tjcken soo seer worden gebraeght dat se naer sulcke moyelijck werck niet

1060 2252 2268 147 willen hooren, oft maeken, hebbe ondertussen aen twee andre daer noch

1058 2309 2323 179 vergescreden dogh breese de selve antwoort becomen sal sal alle mogelijcke

1063 2462 2227 164 devoiren doen. de s00 ps sijn te saemen gepackt & sullen heden vertrecken

1063 2530 2302 181 naer brugge, om aldaer in s montael geladen te worden, die de toecomende

1062 2633 2259 131 weecke weder en wint dienende staet te vertrecken op costij, godt wil hem

1078 2724 2160 152 een behanden arrivement verseenen e naeste sal u het cagnossement

1072 2794 2304 158 toe senden, hier onder heeft u de notitie wat die mij costen, alle oncosten

1097 2894 2238 171 assurantie & sicent mede gerekent, sijnde op  as meer als de vorighe

1075 2988 2262 148 soo n die ontfanghen sal hebben versoecke te doen, als voor eijghens

1062 3075 2177 204 & dunckt ie naer meer, soude connen debiteren sal noch een pack

1069 3180 2159 207 ordoneren, dogh versoecke te laeten weeten welcke soorten het

1082 3271 2250 162 meetten noodigh sont hebben & ban wat strepen, oft het meert smalle

1075 3358 2267 178 oft creede hrepen moeten wesen u antwoort verwaghtende blijve

1084 3499 966 158 naer Cordiale groetenisse

1405 3567 1992 210 10 ns.  groot Loods Costen metalle oncesten s ƒ24:- £12:-:

2844 3686 557 139 „ 28:-„ 46:4:-

1421 3712 569 179 33d. ¼ 3 segels

1131 3727 157 167 t

2829 3803 571 141 „28:-„ 28:-:-

1034 3804 1052 189 49 20d:  grot Loodt

2824 3905 568 141 „ 32:6„ 40:12:6

1386 3925 654 174 25d: 1 drij legels

2951 4023 452 138 32:6„19:11: -

1414 4006 677 187 12d: ¼ groot loodt

2477 4119 280 181 Seven

2959 4130 438 202 1466:

1359 4148 274 215 100 13

5926 187 114 128 10

5227 223 733 154 Adij 13 Juny 1724

3469 221 957 176 Siberton George Thornes

3585 297 2326 213 ue aengenaeme van 12 meij lest wel ontfanghen dien volgens sien u de

3570 428 2334 162 geordoneerde 60 sarges schades naer mijn gesonden stael boec kie wel sult

3555 506 2435 159 besorghen an seght van in dohn ewings sult laeden dogh geloove n abuys

3559 596 2385 173 hebt dat wilt seggen en sohn buridge terwijlen ditto buridge present in

3539 728 2456 141 ladinghe seght a seght mede de claver niet op setten cont maer wel met

3559 822 2398 146 een hoeft dat wel is togh goede couleuren te senden de grain schade

3562 900 2459 196 niet tee gooen, galle sijne afijne men gelinge & levendigh van couleur geene

3550 996 2408 203 gettrepte gelijck u voordesen wel gesonden hebt want sijn met tecoop

3551 1118 1170 206 Paer groete al van herten gblijve

3566 1265 1559 228 P. Bere I Eneckmarck Segge Charles hamilton

3563 1360 2395 214 opwisseh op costij is geen cours met de laette brieven compt die van casty

3559 1490 2458 190 a 36:6 n & hier willen de treckers 36:4 en daer de gevers met naer suystren

3575 1583 2301 180 willen, soo datter niets gedaen is twijfele niet oft naeste postdagh

3545 1743 706 160 laeger comen sal

5331 1784 654 233 Ady 15 Juny 1714

3503 1841 1180 218 bregge gellis van Coppenolle

3549 1955 2421 198 ue aengenaeme dan 11 deser wel ontfanghen daer benevens de rek. van oncosten

3559 2109 2445 146 op de twee baeles, met lwings aengecomen als oock voor oorlogie bedraegende en

3561 2144 2498 213 wissel gelde £117:15:6 waer vooren ick is gecrediteert u can die waerde op

3551 2248 2480 201 mij trecken tot u remboursement hebbe voor gistren, aen ul gesonden adroiture

3559 2382 2498 177 p Jacob martens een pack gemarckt NA inhaudende 300 ps tijcken

3539 2502 2348 148 die moeten geladen worden en francois montack  gelieve het selve te

3546 2611 2404 118 adresseren aen dheer Charles hamitton tot london & het cognossement, my

3541 2655 2440 182 toe senden u moet geene vraght betaelen, aen voors martent, terwijlen hier

3560 2745 2471 186 met hem geconvemert ben a 20 p. st tot london toe, soo moet in cognosse

3553 2857 2378 157 ment staen vermelt voor vraght 20s martens verstaet sagh, met syn

3571 2979 2394 160 oderbrenghen met montael tot costij dit pack tjcken is voor mijne eijgen

3561 3057 2432 180 ick soo dat geen tot & moet betaelen, sende daerom hier benevens een

3546 3081 2490 254 catifeatie, om in tyt van noode daer mede te bedienen in geslote al noch

3561 3244 2421 204 3 andre certificatien om etyde von moode d volgens n versoeck, dogh

3556 3382 2428 107 van het pack ƒ32 met 22 ps drogetten van m. heydon can met senden

3548 3475 2369 177 terwijlen die ps in englant op mijn parijckel met sijn afgelaeden

3530 3576 2465 156 dewy onsen heet daer op moeten doen, dogh hebbe die ps a costy gekoght

3540 3641 2477 213 soo m. heyden moet sijn selven oft sijn goet van tol bevrijn graete

3562 3806 844 148 u van hert en blijv
