<?xml version="1.0" encoding="UTF-8"?>
<alto xmlns:xsi="http://www.w3.org/2001/XMLSchema-instance"
      xmlns="http://www.loc.gov/standards/alto/ns-v4#"
      xmlns:page="http://schema.primaresearch.org/PAGE/gts/pagecontent/2013-07-15"
      xsi:schemaLocation="http://www.loc.gov/standards/alto/ns-v4# https://www.loc.gov/standards/alto/v4/alto.xsd">
   <Description>
      <MeasurementUnit>pixel</MeasurementUnit>
      <OCRProcessing ID="IdOcr">
         <ocrProcessingStep>
            <processingDateTime>2022-02-11T21:38:44.17+01:00</processingDateTime>
            <processingSoftware>
               <softwareCreator>READ COOP</softwareCreator>
               <softwareName>Transkribus</softwareName>
            </processingSoftware>
         </ocrProcessingStep>
      </OCRProcessing>
   </Description>
   <Layout>
      <Page ID="Page1" PHYSICAL_IMG_NR="1" HEIGHT="4651" WIDTH="8358">
         <TopMargin HEIGHT="0" WIDTH="8358" VPOS="0" HPOS="0"/>
         <LeftMargin HEIGHT="4651" WIDTH="0" VPOS="0" HPOS="0"/>
         <RightMargin HEIGHT="4651" WIDTH="0" VPOS="0" HPOS="8358"/>
         <BottomMargin HEIGHT="0" WIDTH="8358" VPOS="4651" HPOS="0"/>
         <PrintSpace HEIGHT="4651" WIDTH="8358" VPOS="0" HPOS="0">
            <TextBlock ID="region_1643968597820_4655"
                       HEIGHT="4183"
                       WIDTH="2565"
                       VPOS="137"
                       HPOS="826">
               <Shape>
                  <Polygon POINTS="826,137 3391,137 3391,4320 826,4320"/>
               </Shape>
               <TextLine ID="region_1643968597820_4655l1"
                         BASELINE="2654,282 2690,279 2726,275 2762,274 2799,270 2835,269 2871,267 2908,265 2944,264 2980,264 3017,262 3053,262 3089,260 3125,259 3162,258 3198,257 3234,256 3271,254 3307,253 3343,252 3380,250"
                         HEIGHT="159"
                         WIDTH="765"
                         VPOS="188"
                         HPOS="2635">
                  <String ID="string_region_1643968597820_4655l1"
                          HEIGHT="159"
                          WIDTH="765"
                          VPOS="188"
                          HPOS="2635"
                          CONTENT="Adij v7 mart 11705"/>
               </TextLine>
               <TextLine ID="region_1643968597820_4655l2"
                         BASELINE="938,328 991,321 1045,316 1099,312 1152,308 1206,306 1260,303 1313,302 1367,300 1421,298 1475,298 1528,296 1582,296 1636,296 1689,296 1743,296 1797,298 1850,298 1904,298 1958,299 2012,300"
                         HEIGHT="232"
                         WIDTH="1111"
                         VPOS="158"
                         HPOS="919">
                  <String ID="string_region_1643968597820_4655l2"
                          HEIGHT="232"
                          WIDTH="1111"
                          VPOS="158"
                          HPOS="919"
                          CONTENT="Brussel ed Borremans"/>
               </TextLine>
               <TextLine ID="region_1643968597820_4655l3"
                         BASELINE="1090,426 1204,426 1319,424 1433,422 1548,420 1663,420 1777,418 1892,416 2006,416 2121,414 2236,412 2350,410 2465,407 2579,404 2694,400 2809,396 2923,393 3038,388 3152,382 3267,376 3382,368"
                         HEIGHT="162"
                         WIDTH="2325"
                         VPOS="287"
                         HPOS="1073">
                  <String ID="string_region_1643968597820_4655l3"
                          HEIGHT="162"
                          WIDTH="2325"
                          VPOS="287"
                          HPOS="1073"
                          CONTENT="ue mij seer aengename van 13 deser wel ontfanghen diere volgens hebbee"/>
               </TextLine>
               <TextLine ID="region_1643968597820_4655l4"
                         BASELINE="1080,512 1188,512 1296,510 1404,508 1512,508 1620,508 1728,508 1836,506 1944,506 2052,506 2160,504 2268,504 2376,502 2484,500 2592,496 2700,492 2808,488 2916,481 3024,475 3132,468 3240,460"
                         HEIGHT="168"
                         WIDTH="2192"
                         VPOS="416"
                         HPOS="1063">
                  <String ID="string_region_1643968597820_4655l4"
                          HEIGHT="168"
                          WIDTH="2192"
                          VPOS="416"
                          HPOS="1063"
                          CONTENT="laeten zeepwitt maeken 3 ps perpet. te weeten ƒ1:2 13 die aen ue "/>
               </TextLine>
               <TextLine ID="region_1643968597820_4655l5"
                         BASELINE="1082,608 1195,606 1309,604 1423,602 1537,602 1651,602 1764,602 1878,600 1992,600 2106,600 2220,598 2333,596 2447,593 2561,590 2675,585 2789,580 2902,571 3016,563 3130,554 3244,541 3358,526"
                         HEIGHT="188"
                         WIDTH="2311"
                         VPOS="465"
                         HPOS="1063">
                  <String ID="string_region_1643968597820_4655l5"
                          HEIGHT="188"
                          WIDTH="2311"
                          VPOS="465"
                          HPOS="1063"
                          CONTENT="heden u Beurtschip toesende in een packie gemarckt  droogh"/>
               </TextLine>
               <TextLine ID="region_1643968597820_4655l6"
                         BASELINE="1076,696 1188,694 1300,692 1413,690 1525,690 1638,690 1750,690 1862,690 1975,690 2087,690 2200,688 2312,687 2424,684 2537,682 2649,678 2762,672 2874,667 2986,658 3099,649 3211,637 3324,624"
                         HEIGHT="158"
                         WIDTH="2278"
                         VPOS="573"
                         HPOS="1061">
                  <String ID="string_region_1643968597820_4655l6"
                          HEIGHT="158"
                          WIDTH="2278"
                          VPOS="573"
                          HPOS="1061"
                          CONTENT="&amp;wel gevenditioneert, sijnde van gelijcke, seer scoon 2 wit uytgevallen"/>
               </TextLine>
               <TextLine ID="region_1643968597820_4655l7"
                         BASELINE="1052,802 1162,796 1272,792 1382,788 1492,786 1602,785 1712,784 1822,784 1932,784 2042,784 2153,784 2263,784 2373,782 2483,780 2593,778 2703,774 2813,768 2923,761 3033,751 3143,741 3254,728"
                         HEIGHT="178"
                         WIDTH="2234"
                         VPOS="677"
                         HPOS="1036">
                  <String ID="string_region_1643968597820_4655l7"
                          HEIGHT="178"
                          WIDTH="2234"
                          VPOS="677"
                          HPOS="1036"
                          CONTENT="derhalle twijfele niet, oft sullen ue ten uyterstaen a lonten tement"/>
               </TextLine>
               <TextLine ID="region_1643968597820_4655l8"
                         BASELINE="2462,834 2497,836 2532,834 2567,834 2602,833 2637,832 2672,830 2707,828 2742,825 2777,822 2812,820 2847,817 2882,814 2917,812 2952,808 2987,805 3022,803 3057,800 3092,798 3127,796 3162,794"
                         HEIGHT="100"
                         WIDTH="733"
                         VPOS="744"
                         HPOS="2445">
                  <String ID="string_region_1643968597820_4655l8"
                          HEIGHT="100"
                          WIDTH="733"
                          VPOS="744"
                          HPOS="2445"
                          CONTENT="sijnder partije van"/>
               </TextLine>
               <TextLine ID="region_1643968597820_4655l9"
                         BASELINE="1032,894 1149,888 1266,884 1384,882 1501,880 1619,880 1736,880 1853,880 1971,880 2088,880 2206,880 2323,878 2440,878 2558,874 2675,870 2793,865 2910,857 3027,849 3145,838 3262,824 3380,808"
                         HEIGHT="183"
                         WIDTH="2380"
                         VPOS="768"
                         HPOS="1015">
                  <String ID="string_region_1643968597820_4655l9"
                          HEIGHT="183"
                          WIDTH="2380"
                          VPOS="768"
                          HPOS="1015"
                          CONTENT="doen, soo haest de baele geopent hadde die van ort sijn alle verkoght"/>
               </TextLine>
               <TextLine ID="region_1643968597820_4655l10"
                         BASELINE="1084,992 1198,986 1313,982 1428,980 1543,978 1658,978 1772,978 1887,978 2002,978 2117,978 2232,978 2346,978 2461,976 2576,972 2691,968 2806,962 2920,954 3035,946 3150,933 3265,918 3380,900"
                         HEIGHT="191"
                         WIDTH="2330"
                         VPOS="846"
                         HPOS="1066">
                  <String ID="string_region_1643968597820_4655l10"
                          HEIGHT="191"
                          WIDTH="2330"
                          VPOS="846"
                          HPOS="1066"
                          CONTENT="segge na dat de 3 ps uytgesoght hadde, die van P.'t sijn alle verkoght"/>
               </TextLine>
               <TextLine ID="region_1643968597820_4655l11"
                         BASELINE="1054,1102 1166,1096 1278,1092 1391,1088 1503,1086 1616,1084 1728,1082 1840,1082 1953,1080 2065,1080 2178,1078 2290,1077 2402,1076 2515,1073 2627,1070 2740,1066 2852,1061 2964,1054 3077,1046 3189,1037 3302,1026"
                         HEIGHT="146"
                         WIDTH="2282"
                         VPOS="961"
                         HPOS="1036">
                  <String ID="string_region_1643968597820_4655l11"
                          HEIGHT="146"
                          WIDTH="2282"
                          VPOS="961"
                          HPOS="1036"
                          CONTENT="&amp; daer sijnder noch Apt van N. 3 a3 van N.4 tot u dienste von"/>
               </TextLine>
               <TextLine ID="region_1643968597820_4655l12"
                         BASELINE="1084,1200 1194,1194 1305,1189 1416,1186 1527,1184 1638,1184 1749,1184 1860,1184 1971,1186 2082,1186 2193,1186 2303,1186 2414,1186 2525,1183 2636,1180 2747,1174 2858,1166 2969,1157 3080,1145 3191,1130 3302,1112"
                         HEIGHT="206"
                         WIDTH="2251"
                         VPOS="1039"
                         HPOS="1066">
                  <String ID="string_region_1643968597820_4655l12"
                          HEIGHT="206"
                          WIDTH="2251"
                          VPOS="1039"
                          HPOS="1066"
                          CONTENT="u te animeren om die resterende ps te ordoneren soo stelle die als"/>
               </TextLine>
               <TextLine ID="region_1643968597820_4655l13"
                         BASELINE="1076,1296 1153,1294 1231,1292 1308,1292 1386,1290 1463,1290 1541,1288 1618,1288 1696,1288 1773,1286 1851,1286 1928,1286 2006,1284 2083,1284 2161,1284 2238,1282 2316,1282 2393,1280 2471,1278 2548,1276 2626,1274"
                         HEIGHT="157"
                         WIDTH="1581"
                         VPOS="1211"
                         HPOS="1060">
                  <String ID="string_region_1643968597820_4655l13"
                          HEIGHT="157"
                          WIDTH="1581"
                          VPOS="1211"
                          HPOS="1060"
                          CONTENT="volght waer voren mij gelieve te crediterenen"/>
               </TextLine>
               <TextLine ID="region_1643968597820_4655l14"
                         BASELINE="2762,1366 2787,1368 2813,1368 2839,1368 2864,1368 2890,1365 2916,1363 2942,1362 2967,1360 2993,1357 3019,1355 3045,1353 3070,1351 3096,1350 3122,1350 3148,1352"
                         HEIGHT="243"
                         WIDTH="429"
                         VPOS="1202"
                         HPOS="2737">
                  <String ID="string_region_1643968597820_4655l14"
                          HEIGHT="243"
                          WIDTH="429"
                          VPOS="1202"
                          HPOS="2737"
                          CONTENT="ƒ 30:"/>
               </TextLine>
               <TextLine ID="region_1643968597820_4655l15"
                         BASELINE="1116,1410 1177,1406 1239,1405 1300,1402 1362,1400 1423,1399 1485,1398 1546,1398 1608,1396 1669,1396 1731,1396 1792,1396 1854,1394 1915,1394 1977,1393 2038,1392 2100,1390 2161,1388 2223,1386 2284,1384 2346,1380"
                         HEIGHT="148"
                         WIDTH="1262"
                         VPOS="1319"
                         HPOS="1100">
                  <String ID="string_region_1643968597820_4655l15"
                          HEIGHT="148"
                          WIDTH="1262"
                          VPOS="1319"
                          HPOS="1100"
                          CONTENT="op 27 mars 1715, 1 seep wett perpett. N.3"/>
               </TextLine>
               <TextLine ID="region_1643968597820_4655l16"
                         BASELINE="2812,1480 2837,1480 2863,1478 2888,1476 2914,1473 2940,1469 2965,1467 2991,1465 3017,1463 3042,1462 3068,1466 3094,1471 3119,1476 3145,1481 3171,1486 3196,1490 3222,1500 3248,1512"
                         HEIGHT="135"
                         WIDTH="474"
                         VPOS="1396"
                         HPOS="2795">
                  <String ID="string_region_1643968597820_4655l16"
                          HEIGHT="135"
                          WIDTH="474"
                          VPOS="1396"
                          HPOS="2795"
                          CONTENT="ƒ 28:-1"/>
               </TextLine>
               <TextLine ID="region_1643968597820_4655l17"
                         BASELINE="2292,1480 2326,1478 2360,1476"
                         HEIGHT="88"
                         WIDTH="102"
                         VPOS="1415"
                         HPOS="2274">
                  <String ID="string_region_1643968597820_4655l17"
                          HEIGHT="88"
                          WIDTH="102"
                          VPOS="1415"
                          HPOS="2274"
                          CONTENT="2"/>
               </TextLine>
               <TextLine ID="region_1643968597820_4655l18"
                         BASELINE="1666,1494 1693,1492 1720,1490 1747,1489 1774,1487 1801,1486 1828,1486 1856,1488"
                         HEIGHT="113"
                         WIDTH="226"
                         VPOS="1395"
                         HPOS="1647">
                  <String ID="string_region_1643968597820_4655l18"
                          HEIGHT="113"
                          WIDTH="226"
                          VPOS="1395"
                          HPOS="1647"
                          CONTENT="1 ditto"/>
               </TextLine>
               <TextLine ID="region_1643968597820_4655l19"
                         BASELINE="2806,1582 2833,1579 2860,1576 2887,1574 2914,1572 2941,1570 2968,1569 2995,1568 3022,1566"
                         HEIGHT="129"
                         WIDTH="258"
                         VPOS="1499"
                         HPOS="2784">
                  <String ID="string_region_1643968597820_4655l19"
                          HEIGHT="129"
                          WIDTH="258"
                          VPOS="1499"
                          HPOS="2784"
                          CONTENT="„ 3"/>
               </TextLine>
               <TextLine ID="region_1643968597820_4655l20"
                         BASELINE="1662,1598 1689,1597 1717,1596 1745,1596 1773,1596 1800,1596 1828,1595 1856,1594 1884,1592"
                         HEIGHT="170"
                         WIDTH="258"
                         VPOS="1487"
                         HPOS="1643">
                  <String ID="string_region_1643968597820_4655l20"
                          HEIGHT="170"
                          WIDTH="258"
                          VPOS="1487"
                          HPOS="1643"
                          CONTENT="1 ditto"/>
               </TextLine>
               <TextLine ID="region_1643968597820_4655l21"
                         BASELINE="2160,1692 2205,1690 2251,1690 2297,1688 2343,1688 2389,1687 2434,1686 2480,1686 2526,1686 2572,1684 2618,1684 2663,1684 2709,1684 2755,1684 2801,1684 2847,1684 2892,1684 2938,1684 2984,1684 3030,1684 3076,1686"
                         HEIGHT="160"
                         WIDTH="949"
                         VPOS="1590"
                         HPOS="2143">
                  <String ID="string_region_1643968597820_4655l21"
                          HEIGHT="160"
                          WIDTH="949"
                          VPOS="1590"
                          HPOS="2143"
                          CONTENT="voor seep witte van 3 p„ 9:-"/>
               </TextLine>
               <TextLine ID="region_1643968597820_4655l22"
                         BASELINE="1088,1792 1200,1790 1313,1790 1425,1788 1538,1788 1651,1790 1763,1790 1876,1790 1988,1790 2101,1790 2214,1790 2326,1788 2439,1788 2551,1785 2664,1782 2777,1778 2889,1774 3002,1767 3114,1758 3227,1751 3340,1740"
                         HEIGHT="156"
                         WIDTH="2285"
                         VPOS="1668"
                         HPOS="1070">
                  <String ID="string_region_1643968597820_4655l22"
                          HEIGHT="156"
                          WIDTH="2285"
                          VPOS="1668"
                          HPOS="1070"
                          CONTENT="om ue volle contentement te geven soo u dien niet aenstaen mooght"/>
               </TextLine>
               <TextLine ID="region_1643968597820_4655l23"
                         BASELINE="1012,1888 1128,1884 1244,1884 1360,1882 1476,1882 1592,1882 1708,1882 1824,1882 1940,1882 2056,1882 2172,1880 2288,1880 2404,1878 2520,1876 2636,1873 2752,1870 2868,1864 2984,1859 3100,1850 3216,1843 3332,1832"
                         HEIGHT="149"
                         WIDTH="2352"
                         VPOS="1786"
                         HPOS="995">
                  <String ID="string_region_1643968597820_4655l23"
                          HEIGHT="149"
                          WIDTH="2352"
                          VPOS="1786"
                          HPOS="995"
                          CONTENT="de selve wedersenden, want sydt versehert, dat voor die prys die soorten"/>
               </TextLine>
               <TextLine ID="region_1643968597820_4655l24"
                         BASELINE="1092,1988 1204,1984 1317,1980 1430,1976 1543,1973 1656,1970 1768,1970 1881,1968 1994,1967 2107,1966 2220,1965 2332,1964 2445,1962 2558,1962 2671,1960 2784,1956 2896,1953 3009,1948 3122,1944 3235,1937 3348,1930"
                         HEIGHT="172"
                         WIDTH="2288"
                         VPOS="1849"
                         HPOS="1076">
                  <String ID="string_region_1643968597820_4655l24"
                          HEIGHT="172"
                          WIDTH="2288"
                          VPOS="1849"
                          HPOS="1076"
                          CONTENT="niet meer geven can waer in voorders dienstigh magh weeden versoeke"/>
               </TextLine>
               <TextLine ID="region_1643968597820_4655l25"
                         BASELINE="1076,2084 1187,2080 1298,2076 1409,2072 1520,2070 1631,2068 1742,2066 1853,2065 1964,2064 2075,2062 2186,2060 2297,2060 2408,2058 2519,2056 2630,2052 2741,2050 2852,2045 2963,2039 3074,2033 3185,2027 3296,2018"
                         HEIGHT="176"
                         WIDTH="2252"
                         VPOS="1959"
                         HPOS="1058">
                  <String ID="string_region_1643968597820_4655l25"
                          HEIGHT="176"
                          WIDTH="2252"
                          VPOS="1959"
                          HPOS="1058"
                          CONTENT="van te commanderen. het groot engels convoy met sarges ue godg"/>
               </TextLine>
               <TextLine ID="region_1643968597820_4655l26"
                         BASELINE="1076,2190 1188,2184 1300,2178 1413,2175 1525,2172 1638,2170 1750,2168 1862,2166 1975,2164 2087,2164 2200,2162 2312,2160 2424,2158 2537,2156 2649,2152 2762,2148 2874,2142 2986,2135 3099,2127 3211,2118 3324,2106"
                         HEIGHT="206"
                         WIDTH="2284"
                         VPOS="2033"
                         HPOS="1057">
                  <String ID="string_region_1643968597820_4655l26"
                          HEIGHT="206"
                          WIDTH="2284"
                          VPOS="2033"
                          HPOS="1057"
                          CONTENT="danck behauden gearriveert, verwaghte int sont mijne packken hier"/>
               </TextLine>
               <TextLine ID="region_1643968597820_4655l27"
                         BASELINE="1072,2278 1146,2277 1221,2276 1295,2274 1370,2272 1445,2270 1519,2269 1594,2266 1668,2264 1743,2262 1818,2258 1892,2256 1967,2254 2041,2252 2116,2250 2191,2248 2265,2244 2340,2244 2414,2242 2489,2240 2564,2238"
                         HEIGHT="173"
                         WIDTH="1527"
                         VPOS="2150"
                         HPOS="1053">
                  <String ID="string_region_1643968597820_4655l27"
                          HEIGHT="173"
                          WIDTH="1527"
                          VPOS="2150"
                          HPOS="1053"
                          CONTENT="tot unaright blijve naer ordiale groetenisse"/>
               </TextLine>
               <TextLine ID="region_1643968597820_4655l28"
                         BASELINE="3076,2320 3101,2318 3127,2316 3152,2315 3178,2314 3204,2316"
                         HEIGHT="175"
                         WIDTH="164"
                         VPOS="2180"
                         HPOS="3056">
                  <String ID="string_region_1643968597820_4655l28"
                          HEIGHT="175"
                          WIDTH="164"
                          VPOS="2180"
                          HPOS="3056"
                          CONTENT="os"/>
               </TextLine>
               <TextLine ID="region_1643968597820_4655l29"
                         BASELINE="2760,2402 2787,2402 2814,2402 2841,2402 2868,2400 2895,2400 2922,2399 2949,2398 2976,2397 3003,2395 3031,2394 3058,2392 3085,2390 3112,2388 3139,2386 3166,2385 3193,2382 3220,2380 3247,2377 3274,2375 3302,2372"
                         HEIGHT="193"
                         WIDTH="578"
                         VPOS="2276"
                         HPOS="2738">
                  <String ID="string_region_1643968597820_4655l29"
                          HEIGHT="193"
                          WIDTH="578"
                          VPOS="2276"
                          HPOS="2738"
                          CONTENT="Adij 29 d1715"/>
               </TextLine>
               <TextLine ID="region_1643968597820_4655l30"
                         BASELINE="984,2440 1026,2433 1069,2427 1112,2422 1155,2418 1198,2414 1240,2411 1283,2410 1326,2407 1369,2406 1412,2406 1454,2405 1497,2404 1540,2404 1583,2404 1626,2404 1668,2403 1711,2402 1754,2400 1797,2398 1840,2396"
                         HEIGHT="198"
                         WIDTH="892"
                         VPOS="2293"
                         HPOS="965">
                  <String ID="string_region_1643968597820_4655l30"
                          HEIGHT="198"
                          WIDTH="892"
                          VPOS="2293"
                          HPOS="965"
                          CONTENT="Bergen de Wi charle"/>
               </TextLine>
               <TextLine ID="region_1643968597820_4655l31"
                         BASELINE="1084,2520 1193,2518 1302,2516 1411,2514 1520,2514 1629,2514 1738,2512 1847,2512 1956,2510 2065,2510 2174,2508 2283,2508 2392,2506 2501,2504 2610,2502 2719,2500 2828,2497 2937,2494 3046,2490 3155,2485 3264,2480"
                         HEIGHT="174"
                         WIDTH="2211"
                         VPOS="2384"
                         HPOS="1067">
                  <String ID="string_region_1643968597820_4655l31"
                          HEIGHT="174"
                          WIDTH="2211"
                          VPOS="2384"
                          HPOS="1067"
                          CONTENT="j'ay recue l'honneur de la tres chere aaggreable vre du 26 court"/>
               </TextLine>
               <TextLine ID="region_1643968597820_4655l32"
                         BASELINE="1066,2620 1179,2618 1292,2616 1405,2614 1519,2614 1632,2614 1745,2612 1859,2612 1972,2610 2085,2610 2199,2608 2312,2605 2425,2602 2538,2598 2652,2593 2765,2588 2878,2581 2992,2573 3105,2564 3218,2553 3332,2540"
                         HEIGHT="180"
                         WIDTH="2297"
                         VPOS="2482"
                         HPOS="1050">
                  <String ID="string_region_1643968597820_4655l32"
                          HEIGHT="180"
                          WIDTH="2297"
                          VPOS="2482"
                          HPOS="1050"
                          CONTENT="p la quelle setois que vous avez recne les quatre ps. de drogett "/>
               </TextLine>
               <TextLine ID="region_1643968597820_4655l33"
                         BASELINE="1052,2728 1164,2724 1276,2720 1388,2718 1500,2716 1612,2714 1724,2712 1836,2712 1948,2710 2060,2710 2172,2708 2284,2706 2396,2704 2508,2700 2620,2695 2732,2691 2844,2684 2956,2676 3068,2668 3180,2657 3292,2644"
                         HEIGHT="165"
                         WIDTH="2271"
                         VPOS="2599"
                         HPOS="1036">
                  <String ID="string_region_1643968597820_4655l33"
                          HEIGHT="165"
                          WIDTH="2271"
                          VPOS="2599"
                          HPOS="1036"
                          CONTENT="a le messagier jonard &amp; ensuite vre ordre ie vous ay envoye p"/>
               </TextLine>
               <TextLine ID="region_1643968597820_4655l34"
                         BASELINE="1068,2842 1181,2836 1294,2831 1407,2828 1520,2825 1633,2822 1746,2820 1859,2818 1972,2816 2085,2814 2199,2812 2312,2810 2425,2806 2538,2802 2651,2796 2764,2791 2877,2783 2990,2775 3103,2765 3216,2754 3330,2738"
                         HEIGHT="195"
                         WIDTH="2298"
                         VPOS="2678"
                         HPOS="1049">
                  <String ID="string_region_1643968597820_4655l34"
                          HEIGHT="195"
                          WIDTH="2298"
                          VPOS="2678"
                          HPOS="1049"
                          CONTENT="le dit messagier tier une perpett. nor de tous ce quil y a depluis"/>
               </TextLine>
               <TextLine ID="region_1643968597820_4655l35"
                         BASELINE="1072,2936 1178,2934 1284,2934 1390,2934 1496,2932 1602,2932 1708,2932 1814,2932 1920,2930 2026,2930 2132,2928 2238,2926 2344,2926 2450,2922 2556,2920 2662,2915 2768,2911 2874,2906 2980,2899 3086,2891 3192,2884"
                         HEIGHT="217"
                         WIDTH="2152"
                         VPOS="2793"
                         HPOS="1056">
                  <String ID="string_region_1643968597820_4655l35"
                          HEIGHT="217"
                          WIDTH="2152"
                          VPOS="2793"
                          HPOS="1056"
                          CONTENT="beau ie vous assure puis que la personne, pour qui la ps est"/>
               </TextLine>
               <TextLine ID="region_1643968597820_4655l36"
                         BASELINE="1082,3048 1190,3044 1298,3040 1406,3038 1515,3036 1623,3034 1731,3034 1840,3034 1948,3034 2056,3034 2165,3034 2273,3032 2381,3032 2489,3029 2598,3026 2706,3022 2814,3016 2923,3010 3031,3000 3139,2990 3248,2976"
                         HEIGHT="166"
                         WIDTH="2200"
                         VPOS="2925"
                         HPOS="1065">
                  <String ID="string_region_1643968597820_4655l36"
                          HEIGHT="166"
                          WIDTH="2200"
                          VPOS="2925"
                          HPOS="1065"
                          CONTENT="est curiense, que vous en aurez de l'honneur comme moy qui a "/>
               </TextLine>
               <TextLine ID="region_1643968597820_4655l37"
                         BASELINE="1044,3152 1159,3146 1274,3141 1389,3138 1504,3136 1620,3134 1735,3134 1850,3134 1965,3134 2080,3134 2196,3136 2311,3134 2426,3134 2541,3132 2656,3129 2772,3126 2887,3120 3002,3112 3117,3103 3232,3092 3348,3078"
                         HEIGHT="164"
                         WIDTH="2337"
                         VPOS="3025"
                         HPOS="1027">
                  <String ID="string_region_1643968597820_4655l37"
                          HEIGHT="164"
                          WIDTH="2337"
                          VPOS="3025"
                          HPOS="1027"
                          CONTENT="l'honneur de vous l'anveyer ettant tres sune lien cauverte &amp; bien"/>
               </TextLine>
               <TextLine ID="region_1643968597820_4655l38"
                         BASELINE="1076,3252 1185,3248 1294,3246 1403,3244 1512,3244 1622,3244 1731,3242 1840,3242 1949,3242 2058,3242 2168,3240 2277,3240 2386,3238 2495,3234 2604,3232 2714,3226 2823,3222 2932,3214 3041,3205 3150,3195 3260,3184"
                         HEIGHT="186"
                         WIDTH="2216"
                         VPOS="3104"
                         HPOS="1058">
                  <String ID="string_region_1643968597820_4655l38"
                          HEIGHT="186"
                          WIDTH="2216"
                          VPOS="3104"
                          HPOS="1058"
                          CONTENT="espaisse &amp; de la mellieure tenture il vous plaira me crediter"/>
               </TextLine>
               <TextLine ID="region_1643968597820_4655l39"
                         BASELINE="1048,3346 1078,3349 1108,3350 1138,3352 1168,3352 1199,3354 1229,3354 1259,3354 1289,3352 1319,3352 1350,3351 1380,3350 1410,3349 1440,3348 1470,3348 1501,3346 1531,3345 1561,3344 1591,3344 1621,3342 1652,3342"
                         HEIGHT="128"
                         WIDTH="635"
                         VPOS="3299"
                         HPOS="1033">
                  <String ID="string_region_1643968597820_4655l39"
                          HEIGHT="128"
                          WIDTH="635"
                          VPOS="3299"
                          HPOS="1033"
                          CONTENT="comme en suite"/>
               </TextLine>
               <TextLine ID="region_1643968597820_4655l40"
                         BASELINE="1050,3458 1161,3456 1273,3454 1384,3452 1496,3450 1607,3450 1719,3448 1830,3448 1942,3446 2053,3446 2165,3444 2276,3442 2388,3439 2499,3436 2611,3433 2722,3428 2834,3423 2945,3415 3057,3408 3168,3399 3280,3390"
                         HEIGHT="189"
                         WIDTH="2262"
                         VPOS="3311"
                         HPOS="1035">
                  <String ID="string_region_1643968597820_4655l40"
                          HEIGHT="189"
                          WIDTH="2262"
                          VPOS="3311"
                          HPOS="1035"
                          CONTENT="le 28 mars 1715 q 1 perpet var superfine £80 a 29 ¼  ƒ60:-"/>
               </TextLine>
               <TextLine ID="region_1643968597820_4655l41"
                         BASELINE="1070,3566 1179,3566 1288,3564 1397,3564 1506,3564 1615,3564 1724,3564 1833,3564 1942,3564 2051,3564 2161,3564 2270,3562 2379,3561 2488,3558 2597,3556 2706,3552 2815,3546 2924,3540 3033,3533 3142,3526 3252,3516"
                         HEIGHT="162"
                         WIDTH="2216"
                         VPOS="3466"
                         HPOS="1053">
                  <String ID="string_region_1643968597820_4655l41"
                          HEIGHT="162"
                          WIDTH="2216"
                          VPOS="3466"
                          HPOS="1053"
                          CONTENT="paijable dans envers en argent de change comme une autre"/>
               </TextLine>
               <TextLine ID="region_1643968597820_4655l42"
                         BASELINE="1048,3668 1160,3665 1272,3664 1384,3662 1497,3662 1609,3662 1721,3662 1834,3662 1946,3662 2058,3662 2171,3662 2283,3660 2395,3660 2507,3658 2620,3656 2732,3654 2844,3650 2957,3645 3069,3640 3181,3634 3294,3626"
                         HEIGHT="211"
                         WIDTH="2278"
                         VPOS="3538"
                         HPOS="1032">
                  <String ID="string_region_1643968597820_4655l42"
                          HEIGHT="211"
                          WIDTH="2278"
                          VPOS="3538"
                          HPOS="1032"
                          CONTENT="4 dolbt mettre pair avoir des pareille ƒ62:- cependant pour"/>
               </TextLine>
               <TextLine ID="region_1643968597820_4655l43"
                         BASELINE="1066,3776 1176,3770 1286,3766 1396,3762 1506,3760 1616,3758 1726,3758 1836,3758 1946,3756 2056,3756 2167,3756 2277,3756 2387,3756 2497,3756 2607,3754 2717,3752 2827,3749 2937,3744 3047,3740 3157,3732 3268,3724"
                         HEIGHT="162"
                         WIDTH="2234"
                         VPOS="3650"
                         HPOS="1049">
                  <String ID="string_region_1643968597820_4655l43"
                          HEIGHT="162"
                          WIDTH="2234"
                          VPOS="3650"
                          HPOS="1049"
                          CONTENT="vaus faire caingne apres, un peu d'avantage ie l'ay mis a"/>
               </TextLine>
               <TextLine ID="region_1643968597820_4655l44"
                         BASELINE="1056,3892 1163,3886 1271,3880 1379,3875 1487,3872 1595,3870 1703,3868 1811,3866 1919,3866 2027,3866 2135,3864 2242,3864 2350,3862 2458,3862 2566,3858 2674,3856 2782,3852 2890,3846 2998,3841 3106,3833 3214,3822"
                         HEIGHT="204"
                         WIDTH="2192"
                         VPOS="3747"
                         HPOS="1039">
                  <String ID="string_region_1643968597820_4655l44"
                          HEIGHT="204"
                          WIDTH="2192"
                          VPOS="3747"
                          HPOS="1039"
                          CONTENT="ƒ60:- you ie suis capable, a vous rendre service commande"/>
               </TextLine>
               <TextLine ID="region_1643968597820_4655l45"
                         BASELINE="1048,3998 1156,3994 1264,3992 1372,3990 1480,3988 1588,3986 1696,3984 1804,3982 1912,3982 2020,3980 2128,3978 2236,3976 2344,3974 2452,3971 2560,3968 2668,3965 2776,3962 2884,3958 2992,3953 3100,3948 3208,3942"
                         HEIGHT="171"
                         WIDTH="2194"
                         VPOS="3846"
                         HPOS="1031">
                  <String ID="string_region_1643968597820_4655l45"
                          HEIGHT="171"
                          WIDTH="2194"
                          VPOS="3846"
                          HPOS="1031"
                          CONTENT="librement, jaij teujours une grand provision en perpets"/>
               </TextLine>
               <TextLine ID="region_1643968597820_4655l46"
                         BASELINE="1050,4100 1159,4100 1268,4102 1377,4102 1486,4100 1595,4100 1704,4098 1813,4097 1922,4096 2031,4094 2141,4091 2250,4088 2359,4086 2468,4084 2577,4080 2686,4078 2795,4076 2904,4072 3013,4070 3122,4066 3232,4064"
                         HEIGHT="164"
                         WIDTH="2215"
                         VPOS="3976"
                         HPOS="1033">
                  <String ID="string_region_1643968597820_4655l46"
                          HEIGHT="164"
                          WIDTH="2215"
                          VPOS="3976"
                          HPOS="1033"
                          CONTENT="sans noir &amp; autrement de tous sorte deprix vvre serviez "/>
               </TextLine>
               <TextLine ID="region_1643968597820_4655l47"
                         BASELINE="1038,4208 1106,4206 1175,4206 1244,4206 1312,4206 1381,4208 1450,4208 1518,4208 1587,4210 1656,4210 1725,4212 1793,4212 1862,4212 1931,4212 1999,4212 2068,4212 2137,4210 2205,4208 2274,4205 2343,4201 2412,4196"
                         HEIGHT="168"
                         WIDTH="1407"
                         VPOS="4115"
                         HPOS="1022">
                  <String ID="string_region_1643968597820_4655l47"
                          HEIGHT="168"
                          WIDTH="1407"
                          VPOS="4115"
                          HPOS="1022"
                          CONTENT="ie vous salue &amp; suis de tous mon coeur"/>
               </TextLine>
            </TextBlock>
            <TextBlock ID="region_1643968601660_4658"
                       HEIGHT="4339"
                       WIDTH="2542"
                       VPOS="149"
                       HPOS="3473">
               <Shape>
                  <Polygon POINTS="3473,149 6015,149 6015,4488 3473,4488"/>
               </Shape>
               <TextLine ID="region_1643968601660_4658l1"
                         BASELINE="5932,260 5957,264 5982,267 6008,264"
                         HEIGHT="103"
                         WIDTH="111"
                         VPOS="182"
                         HPOS="5917">
                  <String ID="string_region_1643968601660_4658l1"
                          HEIGHT="103"
                          WIDTH="111"
                          VPOS="182"
                          HPOS="5917"
                          CONTENT="21"/>
               </TextLine>
               <TextLine ID="region_1643968601660_4658l2"
                         BASELINE="5452,328 5479,328 5506,328 5533,328 5560,328 5588,328 5615,327 5642,326 5669,326 5696,326 5724,324 5751,324 5778,324 5805,322 5832,322 5860,322 5887,322 5914,322 5941,322 5968,322 5996,324"
                         HEIGHT="160"
                         WIDTH="575"
                         VPOS="229"
                         HPOS="5436">
                  <String ID="string_region_1643968601660_4658l2"
                          HEIGHT="160"
                          WIDTH="575"
                          VPOS="229"
                          HPOS="5436"
                          CONTENT="Adij 29 meit"/>
               </TextLine>
               <TextLine ID="region_1643968601660_4658l3"
                         BASELINE="3498,350 3556,345 3615,340 3674,336 3733,332 3792,329 3851,326 3910,324 3969,322 4028,320 4087,318 4145,318 4204,318 4263,316 4322,316 4381,316 4440,316 4499,316 4558,316 4617,316 4676,316"
                         HEIGHT="212"
                         WIDTH="1212"
                         VPOS="201"
                         HPOS="3480">
                  <String ID="string_region_1643968601660_4658l3"
                          HEIGHT="212"
                          WIDTH="1212"
                          VPOS="201"
                          HPOS="3480"
                          CONTENT="Brugge gillis vanCoppenolle "/>
               </TextLine>
               <TextLine ID="region_1643968601660_4658l4"
                         BASELINE="3594,446 3715,444 3836,442 3957,440 4078,438 4199,436 4320,434 4441,434 4562,432 4683,430 4805,430 4926,428 5047,426 5168,425 5289,424 5410,422 5531,422 5652,420 5773,418 5894,418 6016,416"
                         HEIGHT="143"
                         WIDTH="2455"
                         VPOS="319"
                         HPOS="3577">
                  <String ID="string_region_1643968601660_4658l4"
                          HEIGHT="143"
                          WIDTH="2455"
                          VPOS="319"
                          HPOS="3577"
                          CONTENT="u seer aengenane van 26: 27 a48 deser wel ontfanghen ades iuhauts "/>
               </TextLine>
               <TextLine ID="region_1643968601660_4658l5"
                         BASELINE="3602,550 3721,546 3841,542 3961,538 4081,536 4201,534 4320,532 4440,530 4560,530 4680,528 4800,528 4919,526 5039,525 5159,524 5279,520 5399,518 5518,514 5638,508 5758,503 5878,494 5998,486"
                         HEIGHT="137"
                         WIDTH="2428"
                         VPOS="426"
                         HPOS="3585">
                  <String ID="string_region_1643968601660_4658l5"
                          HEIGHT="137"
                          WIDTH="2428"
                          VPOS="426"
                          HPOS="3585"
                          CONTENT="wel verstaen met den laeste hadde cwings eenderde van sijn ladinge"/>
               </TextLine>
               <TextLine ID="region_1643968601660_4658l6"
                         BASELINE="3584,666 3704,660 3825,652 3945,646 4066,642 4187,638 4307,636 4428,632 4548,630 4669,628 4790,626 4910,624 5031,622 5151,620 5272,618 5393,615 5513,612 5634,608 5754,604 5875,598 5996,592"
                         HEIGHT="154"
                         WIDTH="2446"
                         VPOS="561"
                         HPOS="3565">
                  <String ID="string_region_1643968601660_4658l6"
                          HEIGHT="154"
                          WIDTH="2446"
                          VPOS="561"
                          HPOS="3565"
                          CONTENT="gelost a alles droogh uyt gesomen, wel hope alle mijne packen daer"/>
               </TextLine>
               <TextLine ID="region_1643968601660_4658l7"
                         BASELINE="3592,764 3709,760 3826,756 3944,754 4061,752 4179,749 4296,746 4413,744 4531,741 4648,738 4766,736 4883,734 5000,730 5118,728 5235,724 5353,720 5470,717 5587,714 5705,710 5822,704 5940,700"
                         HEIGHT="159"
                         WIDTH="2383"
                         VPOS="625"
                         HPOS="3574">
                  <String ID="string_region_1643968601660_4658l7"
                          HEIGHT="159"
                          WIDTH="2383"
                          VPOS="625"
                          HPOS="3574"
                          CONTENT="sonder sullen sijn terwijlen de selve optlaette gelaeden sijn dat"/>
               </TextLine>
               <TextLine ID="region_1643968601660_4658l8"
                         BASELINE="3574,864 3695,864 3817,862 3938,860 4060,858 4182,856 4303,854 4425,851 4546,848 4668,846 4790,842 4911,839 5033,835 5154,832 5276,827 5398,822 5519,816 5641,810 5762,805 5884,798 6006,792"
                         HEIGHT="236"
                         WIDTH="2467"
                         VPOS="703"
                         HPOS="3555">
                  <String ID="string_region_1643968601660_4658l8"
                          HEIGHT="236"
                          WIDTH="2467"
                          VPOS="703"
                          HPOS="3555"
                          CONTENT="gaerne van ue saude vernemen, wat aengaet de sende die gheleden lets"/>
               </TextLine>
               <TextLine ID="region_1643968601660_4658l9"
                         BASELINE="3574,962 3695,960 3816,957 3937,956 4058,954 4180,954 4301,952 4422,952 4543,952 4664,950 4786,948 4907,946 5028,944 5149,940 5270,935 5392,930 5513,922 5634,914 5755,903 5876,890 5998,876"
                         HEIGHT="179"
                         WIDTH="2456"
                         VPOS="835"
                         HPOS="3557">
                  <String ID="string_region_1643968601660_4658l9"
                          HEIGHT="179"
                          WIDTH="2456"
                          VPOS="835"
                          HPOS="3557"
                          CONTENT="opt pack door bwinge overgebroght op syde vonge reyse a dat hj niet"/>
               </TextLine>
               <TextLine ID="region_1643968601660_4658l10"
                         BASELINE="3578,1060 3697,1058 3816,1058 3936,1057 4055,1056 4175,1056 4294,1056 4413,1056 4533,1056 4652,1056 4772,1054 4891,1052 5010,1050 5130,1046 5249,1042 5369,1037 5488,1030 5607,1021 5727,1011 5846,1000 5966,986"
                         HEIGHT="184"
                         WIDTH="2422"
                         VPOS="940"
                         HPOS="3562">
                  <String ID="string_region_1643968601660_4658l10"
                          HEIGHT="184"
                          WIDTH="2422"
                          VPOS="940"
                          HPOS="3562"
                          CONTENT="voorder sal willen geven dan ul geacccordeert heeft, soe segge noch"/>
               </TextLine>
               <TextLine ID="region_1643968601660_4658l11"
                         BASELINE="3594,1160 3714,1158 3835,1158 3956,1156 4077,1156 4198,1156 4318,1156 4439,1156 4560,1156 4681,1156 4802,1154 4922,1154 5043,1152 5164,1149 5285,1146 5406,1142 5526,1137 5647,1130 5768,1122 5889,1113 6010,1102"
                         HEIGHT="179"
                         WIDTH="2450"
                         VPOS="1034"
                         HPOS="3576">
                  <String ID="string_region_1643968601660_4658l11"
                          HEIGHT="179"
                          WIDTH="2450"
                          VPOS="1034"
                          HPOS="3576"
                          CONTENT="mael dat poetendere de vraght van 60 ps daervoren te sorteng heeft"/>
               </TextLine>
               <TextLine ID="region_1643968601660_4658l12"
                         BASELINE="3574,1268 3695,1264 3816,1262 3937,1259 4058,1256 4180,1256 4301,1254 4422,1254 4543,1252 4664,1252 4786,1252 4907,1250 5028,1248 5149,1246 5270,1244 5392,1241 5513,1236 5634,1230 5755,1225 5876,1217 5998,1208"
                         HEIGHT="135"
                         WIDTH="2456"
                         VPOS="1169"
                         HPOS="3557">
                  <String ID="string_region_1643968601660_4658l12"
                          HEIGHT="135"
                          WIDTH="2456"
                          VPOS="1169"
                          HPOS="3557"
                          CONTENT="ue sonder mijn weete de autontijdt genomen om te accorderen, londe"/>
               </TextLine>
               <TextLine ID="region_1643968601660_4658l13"
                         BASELINE="3586,1380 3706,1375 3827,1370 3947,1368 4068,1365 4189,1362 4309,1361 4430,1360 4550,1358 4671,1358 4792,1356 4912,1354 5033,1353 5153,1350 5274,1348 5395,1344 5515,1342 5636,1336 5756,1330 5877,1324 5998,1316"
                         HEIGHT="177"
                         WIDTH="2447"
                         VPOS="1235"
                         HPOS="3568">
                  <String ID="string_region_1643968601660_4658l13"
                          HEIGHT="177"
                          WIDTH="2447"
                          VPOS="1235"
                          HPOS="3568"
                          CONTENT="mij tadviseren, soo cont n tweede accordt maken, naer e wel gevalle"/>
               </TextLine>
               <TextLine ID="region_1643968601660_4658l14"
                         BASELINE="3590,1490 3710,1485 3831,1480 3952,1477 4073,1474 4194,1474 4315,1472 4436,1472 4557,1472 4678,1472 4799,1472 4919,1472 5040,1470 5161,1468 5282,1466 5403,1462 5524,1458 5645,1450 5766,1442 5887,1433 6008,1420"
                         HEIGHT="169"
                         WIDTH="2449"
                         VPOS="1371"
                         HPOS="3574">
                  <String ID="string_region_1643968601660_4658l14"
                          HEIGHT="169"
                          WIDTH="2449"
                          VPOS="1371"
                          HPOS="3574"
                          CONTENT="want soude daer niet een stuyven an sederen, mij dunckt, dat het"/>
               </TextLine>
               <TextLine ID="region_1643968601660_4658l15"
                         BASELINE="3576,1600 3697,1596 3818,1592 3940,1590 4061,1588 4183,1586 4304,1584 4425,1582 4547,1580 4668,1580 4790,1578 4911,1576 5032,1572 5154,1570 5275,1566 5397,1562 5518,1556 5639,1551 5761,1545 5882,1537 6004,1528"
                         HEIGHT="150"
                         WIDTH="2458"
                         VPOS="1478"
                         HPOS="3560">
                  <String ID="string_region_1643968601660_4658l15"
                          HEIGHT="150"
                          WIDTH="2458"
                          VPOS="1478"
                          HPOS="3560"
                          CONTENT="droevigh genoegh is sijne goederen in sodanige gestelt enisse te onfange"/>
               </TextLine>
               <TextLine ID="region_1643968601660_4658l16"
                         BASELINE="3580,1712 3701,1710 3823,1708 3945,1706 4067,1704 4189,1702 4310,1698 4432,1696 4554,1692 4676,1688 4798,1685 4919,1680 5041,1676 5163,1672 5285,1668 5407,1664 5528,1660 5650,1656 5772,1651 5894,1648 6016,1644"
                         HEIGHT="188"
                         WIDTH="2469"
                         VPOS="1571"
                         HPOS="3562">
                  <String ID="string_region_1643968601660_4658l16"
                          HEIGHT="188"
                          WIDTH="2469"
                          VPOS="1571"
                          HPOS="3562"
                          CONTENT="als de leippers seade hebben, weeten hun door de coopluyden wel te"/>
               </TextLine>
               <TextLine ID="region_1643968601660_4658l17"
                         BASELINE="3510,1816 3634,1812 3758,1810 3883,1808 4007,1806 4132,1803 4256,1802 4380,1800 4505,1798 4629,1796 4754,1794 4878,1792 5002,1788 5127,1786 5251,1782 5376,1779 5500,1775 5624,1770 5749,1766 5873,1760 5998,1752"
                         HEIGHT="190"
                         WIDTH="2522"
                         VPOS="1668"
                         HPOS="3493">
                  <String ID="string_region_1643968601660_4658l17"
                          HEIGHT="190"
                          WIDTH="2522"
                          VPOS="1668"
                          HPOS="3493"
                          CONTENT="doen herstellen, soo moeten wij van gelijcke ons quarant sooe hen "/>
               </TextLine>
               <TextLine ID="region_1643968601660_4658l18"
                         BASELINE="3582,1918 3703,1918 3824,1916 3945,1916 4066,1914 4188,1914 4309,1914 4430,1914 4551,1913 4672,1912 4794,1910 4915,1910 5036,1907 5157,1904 5278,1900 5400,1897 5521,1892 5642,1884 5763,1878 5884,1869 6006,1858"
                         HEIGHT="211"
                         WIDTH="2456"
                         VPOS="1776"
                         HPOS="3565">
                  <String ID="string_region_1643968601660_4658l18"
                          HEIGHT="211"
                          WIDTH="2456"
                          VPOS="1776"
                          HPOS="3565"
                          CONTENT="daerte behalen is met een woort, u sal gelieve het voors afte trecken"/>
               </TextLine>
               <TextLine ID="region_1643968601660_4658l19"
                         BASELINE="3574,2026 3656,2024 3738,2024 3820,2022 3902,2022 3984,2022 4066,2022 4148,2022 4230,2022 4312,2022 4394,2022 4476,2020 4558,2020 4640,2018 4722,2016 4804,2014 4886,2010 4968,2005 5050,2001 5132,1994 5214,1986"
                         HEIGHT="178"
                         WIDTH="1671"
                         VPOS="1907"
                         HPOS="3559">
                  <String ID="string_region_1643968601660_4658l19"
                          HEIGHT="178"
                          WIDTH="1671"
                          VPOS="1907"
                          HPOS="3559"
                          CONTENT="op d'ecoste rek: van oncosten tot u naright"/>
               </TextLine>
               <TextLine ID="region_1643968601660_4658l20"
                         BASELINE="3574,2110 3695,2112 3816,2114 3938,2114 4059,2114 4181,2114 4302,2114 4423,2114 4545,2112 4666,2110 4788,2108 4909,2106 5030,2102 5152,2100 5273,2095 5395,2092 5516,2087 5637,2084 5759,2078 5880,2074 6002,2068"
                         HEIGHT="197"
                         WIDTH="2462"
                         VPOS="1989"
                         HPOS="3557">
                  <String ID="string_region_1643968601660_4658l20"
                          HEIGHT="197"
                          WIDTH="2462"
                          VPOS="1989"
                          HPOS="3557"
                          CONTENT="ingesloten mijnen toebrief om mijne goedren te geleyden &amp; onderwegte"/>
               </TextLine>
               <TextLine ID="region_1643968601660_4658l21"
                         BASELINE="3562,2214 3684,2216 3807,2216 3929,2218 4052,2218 4175,2218 4297,2217 4420,2216 4542,2216 4665,2214 4788,2212 4910,2210 5033,2206 5155,2203 5278,2199 5401,2194 5523,2189 5646,2182 5768,2176 5891,2169 6014,2160"
                         HEIGHT="207"
                         WIDTH="2483"
                         VPOS="2088"
                         HPOS="3546">
                  <String ID="string_region_1643968601660_4658l21"
                          HEIGHT="207"
                          WIDTH="2483"
                          VPOS="2088"
                          HPOS="3546"
                          CONTENT="van den tol te berijden aversoecke noch mael de corste expeditie"/>
               </TextLine>
               <TextLine ID="region_1643968601660_4658l22"
                         BASELINE="3574,2326 3695,2324 3816,2322 3938,2320 4059,2320 4181,2318 4302,2317 4423,2316 4545,2314 4666,2314 4788,2312 4909,2310 5030,2308 5152,2304 5273,2302 5395,2298 5516,2294 5637,2290 5759,2285 5880,2278 6002,2272"
                         HEIGHT="201"
                         WIDTH="2463"
                         VPOS="2195"
                         HPOS="3556">
                  <String ID="string_region_1643968601660_4658l22"
                          HEIGHT="201"
                          WIDTH="2463"
                          VPOS="2195"
                          HPOS="3556"
                          CONTENT="dogh u sal mijne goedren niet laeden als op conditie de vroght de"/>
               </TextLine>
               <TextLine ID="region_1643968601660_4658l23"
                         BASELINE="3552,2448 3673,2442 3794,2436 3915,2432 4037,2428 4158,2426 4279,2424 4401,2424 4522,2422 4643,2422 4765,2422 4886,2422 5007,2420 5128,2420 5250,2417 5371,2414 5492,2410 5614,2406 5735,2399 5856,2390 5978,2380"
                         HEIGHT="179"
                         WIDTH="2459"
                         VPOS="2289"
                         HPOS="3535">
                  <String ID="string_region_1643968601660_4658l23"
                          HEIGHT="179"
                          WIDTH="2459"
                          VPOS="2289"
                          HPOS="3535"
                          CONTENT="vraght alhier te ontfanghen tegens 60 ps prat asoo de seippers"/>
               </TextLine>
               <TextLine ID="region_1643968601660_4658l24"
                         BASELINE="3554,2554 3671,2548 3789,2543 3907,2540 4024,2536 4142,2534 4260,2534 4377,2532 4495,2532 4613,2532 4731,2532 4848,2532 4966,2531 5084,2530 5201,2528 5319,2526 5437,2520 5554,2516 5672,2508 5790,2501 5908,2490"
                         HEIGHT="165"
                         WIDTH="2385"
                         VPOS="2431"
                         HPOS="3538">
                  <String ID="string_region_1643968601660_4658l24"
                          HEIGHT="165"
                          WIDTH="2385"
                          VPOS="2431"
                          HPOS="3538"
                          CONTENT="aut te vreden sijn sult de selve aenstens e rapelinck op gent"/>
               </TextLine>
               <TextLine ID="region_1643968601660_4658l25"
                         BASELINE="3562,2648 3684,2644 3806,2642 3929,2640 4051,2640 4174,2638 4296,2638 4418,2638 4541,2638 4663,2640 4786,2640 4908,2640 5030,2638 5153,2638 5275,2636 5398,2632 5520,2629 5642,2624 5765,2618 5887,2609 6010,2600"
                         HEIGHT="185"
                         WIDTH="2480"
                         VPOS="2512"
                         HPOS="3547">
                  <String ID="string_region_1643968601660_4658l25"
                          HEIGHT="185"
                          WIDTH="2480"
                          VPOS="2512"
                          HPOS="3547"
                          CONTENT="versenden &amp; addresseren aen heer Jan R. de sadelare, met ordre van"/>
               </TextLine>
               <TextLine ID="region_1643968601660_4658l26"
                         BASELINE="3544,2760 3663,2753 3783,2747 3903,2744 4022,2742 4142,2742 4262,2742 4381,2743 4501,2744 4621,2746 4741,2748 4860,2750 4980,2752 5100,2752 5219,2750 5339,2747 5459,2742 5578,2737 5698,2727 5818,2717 5938,2702"
                         HEIGHT="174"
                         WIDTH="2426"
                         VPOS="2651"
                         HPOS="3528">
                  <String ID="string_region_1643968601660_4658l26"
                          HEIGHT="174"
                          WIDTH="2426"
                          VPOS="2651"
                          HPOS="3528"
                          CONTENT="p beurtscip van gent op antwerpen te verserden &amp; dat sonder"/>
               </TextLine>
               <TextLine ID="region_1643968601660_4658l27"
                         BASELINE="3556,2858 3675,2854 3795,2852 3915,2852 4034,2850 4154,2852 4274,2852 4393,2854 4513,2854 4633,2856 4753,2856 4872,2858 4992,2858 5112,2858 5231,2856 5351,2854 5471,2850 5590,2846 5710,2839 5830,2831 5950,2822"
                         HEIGHT="195"
                         WIDTH="2427"
                         VPOS="2736"
                         HPOS="3539">
                  <String ID="string_region_1643968601660_4658l27"
                          HEIGHT="195"
                          WIDTH="2427"
                          VPOS="2736"
                          HPOS="3539"
                          CONTENT="yt stel begeire geensins dat de goedren sullen geladen worden"/>
               </TextLine>
               <TextLine ID="region_1643968601660_4658l28"
                         BASELINE="3548,2962 3670,2960 3792,2959 3914,2958 4037,2958 4159,2958 4281,2958 4404,2958 4526,2958 4648,2958 4771,2958 4893,2958 5015,2957 5137,2956 5260,2954 5382,2952 5504,2948 5627,2944 5749,2940 5871,2933 5994,2926"
                         HEIGHT="163"
                         WIDTH="2476"
                         VPOS="2858"
                         HPOS="3532">
                  <String ID="string_region_1643968601660_4658l28"
                          HEIGHT="163"
                          WIDTH="2476"
                          VPOS="2858"
                          HPOS="3532"
                          CONTENT="op conditie als de vonge, dat sijnde het nodige deses &amp;blijve in afwagh"/>
               </TextLine>
               <TextLine ID="region_1643968601660_4658l29"
                         BASELINE="3532,3080 3650,3076 3768,3073 3887,3070 4005,3068 4124,3066 4242,3064 4360,3062 4479,3060 4597,3058 4716,3058 4834,3056 4952,3054 5071,3054 5189,3052 5308,3050 5426,3050 5544,3048 5663,3046 5781,3043 5900,3040"
                         HEIGHT="209"
                         WIDTH="2398"
                         VPOS="2933"
                         HPOS="3516">
                  <String ID="string_region_1643968601660_4658l29"
                          HEIGHT="209"
                          WIDTH="2398"
                          VPOS="2933"
                          HPOS="3516"
                          CONTENT="truge met verlanghen wat hier ontrent sal sijn gepessent"/>
               </TextLine>
               <TextLine ID="region_1643968601660_4658l30"
                         BASELINE="3524,3192 3567,3190 3611,3190 3655,3188 3698,3186 3742,3186 3786,3184 3829,3184 3873,3182 3917,3182 3961,3181 4004,3180 4048,3180 4092,3178 4135,3178 4179,3176 4223,3174 4266,3174 4310,3172 4354,3169 4398,3166"
                         HEIGHT="148"
                         WIDTH="907"
                         VPOS="3105"
                         HPOS="3508">
                  <String ID="string_region_1643968601660_4658l30"
                          HEIGHT="148"
                          WIDTH="907"
                          VPOS="3105"
                          HPOS="3508"
                          CONTENT="&amp; groetce van heet"/>
               </TextLine>
               <TextLine ID="region_1643968601660_4658l31"
                         BASELINE="3496,3344 3537,3346 3578,3346 3619,3346 3660,3346 3702,3347 3743,3348 3784,3348 3825,3348 3866,3347 3908,3346 3949,3346 3990,3346 4031,3346 4072,3345 4114,3344 4155,3344 4196,3343 4237,3342 4278,3342 4320,3342"
                         HEIGHT="216"
                         WIDTH="856"
                         VPOS="3207"
                         HPOS="3481">
                  <String ID="string_region_1643968601660_4658l31"
                          HEIGHT="216"
                          WIDTH="856"
                          VPOS="3207"
                          HPOS="3481"
                          CONTENT="fiverton Henriy blaydon"/>
               </TextLine>
               <TextLine ID="region_1643968601660_4658l32"
                         BASELINE="5324,3352 5357,3350 5391,3349 5425,3348 5458,3348 5492,3348 5526,3348 5559,3348 5593,3348 5627,3348 5661,3350 5694,3350 5728,3349 5762,3348 5795,3348 5829,3346 5863,3344 5896,3342 5930,3339 5964,3336 5998,3330"
                         HEIGHT="234"
                         WIDTH="709"
                         VPOS="3194"
                         HPOS="5305">
                  <String ID="string_region_1643968601660_4658l32"
                          HEIGHT="234"
                          WIDTH="709"
                          VPOS="3194"
                          HPOS="5305"
                          CONTENT="Adij 30 d. 1715"/>
               </TextLine>
               <TextLine ID="region_1643968601660_4658l33"
                         BASELINE="3536,3468 3651,3468 3766,3468 3881,3468 3996,3470 4112,3470 4227,3470 4342,3472 4457,3472 4572,3472 4688,3474 4803,3474 4918,3474 5033,3474 5148,3474 5264,3474 5379,3474 5494,3474 5609,3473 5724,3472 5840,3472"
                         HEIGHT="149"
                         WIDTH="2333"
                         VPOS="3373"
                         HPOS="3522">
                  <String ID="string_region_1643968601660_4658l33"
                          HEIGHT="149"
                          WIDTH="2333"
                          VPOS="3373"
                          HPOS="3522"
                          CONTENT="op 20 deser, was aen ue mijnen laetten met remise, oors100:"/>
               </TextLine>
               <TextLine ID="region_1643968601660_4658l34"
                         BASELINE="3532,3570 3652,3570 3772,3570 3892,3570 4012,3570 4132,3572 4252,3572 4372,3572 4492,3572 4612,3572 4733,3572 4853,3572 4973,3572 5093,3570 5213,3569 5333,3566 5453,3564 5573,3560 5693,3556 5813,3552 5934,3546"
                         HEIGHT="152"
                         WIDTH="2433"
                         VPOS="3503"
                         HPOS="3515">
                  <String ID="string_region_1643968601660_4658l34"
                          HEIGHT="152"
                          WIDTH="2433"
                          VPOS="3503"
                          HPOS="3515"
                          CONTENT="ten latte Jaques chauvels in senden voorders referrere, mij aenden "/>
               </TextLine>
               <TextLine ID="region_1643968601660_4658l35"
                         BASELINE="3534,3686 3656,3686 3778,3686 3901,3688 4023,3688 4146,3688 4268,3690 4390,3690 4513,3690 4635,3690 4758,3688 4880,3688 5002,3686 5125,3684 5247,3680 5370,3676 5492,3672 5614,3666 5737,3660 5859,3651 5982,3642"
                         HEIGHT="208"
                         WIDTH="2482"
                         VPOS="3524"
                         HPOS="3518">
                  <String ID="string_region_1643968601660_4658l35"
                          HEIGHT="208"
                          WIDTH="2482"
                          VPOS="3524"
                          HPOS="3518"
                          CONTENT="selven sedert, van ue niet vernemen John Ewings is godtdanck"/>
               </TextLine>
               <TextLine ID="region_1643968601660_4658l36"
                         BASELINE="3522,3802 3644,3802 3767,3802 3889,3804 4012,3804 4134,3804 4257,3804 4379,3804 4502,3802 4624,3802 4747,3800 4869,3798 4992,3797 5114,3794 5237,3792 5359,3788 5482,3784 5604,3778 5727,3773 5849,3767 5972,3760"
                         HEIGHT="216"
                         WIDTH="2481"
                         VPOS="3660"
                         HPOS="3507">
                  <String ID="string_region_1643968601660_4658l36"
                          HEIGHT="216"
                          WIDTH="2481"
                          VPOS="3660"
                          HPOS="3507"
                          CONTENT="sehanden tot brugge aengecomen &amp; hebbe de nodighe ordres daer"/>
               </TextLine>
               <TextLine ID="region_1643968601660_4658l37"
                         BASELINE="3538,3924 3661,3924 3784,3924 3907,3924 4030,3922 4153,3922 4276,3920 4399,3918 4522,3916 4645,3912 4769,3910 4892,3906 5015,3902 5138,3900 5261,3895 5384,3890 5507,3887 5630,3882 5753,3878 5876,3874 6000,3868"
                         HEIGHT="239"
                         WIDTH="2496"
                         VPOS="3767"
                         HPOS="3521">
                  <String ID="string_region_1643968601660_4658l37"
                          HEIGHT="239"
                          WIDTH="2496"
                          VPOS="3767"
                          HPOS="3521"
                          CONTENT="gegeven, mijn manqueren de blae, oft mooren, soo sal u prepareren"/>
               </TextLine>
               <TextLine ID="region_1643968601660_4658l38"
                         BASELINE="3540,4036 3659,4038 3779,4040 3899,4042 4019,4042 4139,4042 4258,4042 4378,4042 4498,4041 4618,4040 4738,4037 4857,4034 4977,4030 5097,4026 5217,4020 5337,4016 5456,4010 5576,4002 5696,3993 5816,3985 5936,3976"
                         HEIGHT="211"
                         WIDTH="2431"
                         VPOS="3893"
                         HPOS="3522">
                  <String ID="string_region_1643968601660_4658l38"
                          HEIGHT="211"
                          WIDTH="2431"
                          VPOS="3893"
                          HPOS="3522"
                          CONTENT="om met John Baudge te versenden 60 ps te weeten 30 blak"/>
               </TextLine>
               <TextLine ID="region_1643968601660_4658l39"
                         BASELINE="3530,4140 3648,4145 3766,4150 3884,4152 4002,4155 4121,4156 4239,4158 4357,4158 4475,4158 4593,4156 4712,4154 4830,4152 4948,4148 5066,4144 5184,4140 5303,4136 5421,4130 5539,4124 5657,4120 5775,4112 5894,4106"
                         HEIGHT="217"
                         WIDTH="2395"
                         VPOS="4002"
                         HPOS="3514">
                  <String ID="string_region_1643968601660_4658l39"
                          HEIGHT="217"
                          WIDTH="2395"
                          VPOS="4002"
                          HPOS="3514"
                          CONTENT="met name a 30 blat ordinaire sonder naem ngd bovendien 30"/>
               </TextLine>
               <TextLine ID="region_1643968601660_4658l40"
                         BASELINE="3522,4246 3641,4252 3761,4257 3881,4260 4000,4264 4120,4266 4240,4268 4359,4270 4479,4270 4599,4270 4719,4270 4838,4270 4958,4268 5078,4266 5197,4264 5317,4262 5437,4259 5556,4256 5676,4252 5796,4248 5916,4244"
                         HEIGHT="212"
                         WIDTH="2424"
                         VPOS="4095"
                         HPOS="3507">
                  <String ID="string_region_1643968601660_4658l40"
                          HEIGHT="212"
                          WIDTH="2424"
                          VPOS="4095"
                          HPOS="3507"
                          CONTENT="witte perpetuanen gelijck de baele &amp; 33 te weeten 10 ps a 48 p &amp; die "/>
               </TextLine>
               <TextLine ID="region_1643968601660_4658l41"
                         BASELINE="3522,4386 3645,4390 3768,4394 3891,4396 4014,4400 4137,4402 4260,4404 4383,4406 4506,4408 4629,4408 4753,4408 4876,4408 4999,4406 5122,4404 5245,4402 5368,4398 5491,4392 5614,4387 5737,4380 5860,4373 5984,4364"
                         HEIGHT="195"
                         WIDTH="2492"
                         VPOS="4274"
                         HPOS="3506">
                  <String ID="string_region_1643968601660_4658l41"
                          HEIGHT="195"
                          WIDTH="2492"
                          VPOS="4274"
                          HPOS="3506"
                          CONTENT="te teeekenen N. 1.10 ditto 42 p N. 2. g 10 d 38  N. 3 dogh u moet"/>
               </TextLine>
            </TextBlock>
         </PrintSpace>
      </Page>
   </Layout>
</alto>
