8296 4665
2797 212 499 123 Adij 9 auy 1713

730 227 917 177 halle nicolas van den Berge

930 286 2351 150 verhope meiouff: ue dochter in goede gesonheyt sal sijn thuysgecomen & terwijle

925 371 2370 187 sij mij belast heeft soo haest gestrepte flanelle van englant saude become

924 455 2299 158 aen ue de stalen te senden soo sende hier in geslote een stael boehkie van

915 544 2265 166 10 ps superfijne gestrepte flannelle die gistren hier ontfange hebbe

917 613 2311 175 moeten, op het alder menst, sonder hets ofte dingen 12 ½ stayvens

905 735 2282 114 d'elle kosten sijn seer fraij goet &wel gestrept dise 10 stukies ul

930 778 2292 172 aenstaende oft eenige daer van gelieve te ordoneren aversocke

941 870 2238 170 vrindelyck van dese stalen mij cito weder te senden, om dat daer bij

942 953 2260 182 saude verlegen sijn d'eere van ue antwoord benevens ul ordre

927 1052 2257 229 afwaghtende blyve naer cordiale groettenisse aen ue gd: heele

933 1175 1786 193 familie gelijck mijn broede Petro is doende

2730 1261 548 180 Adij 9 aug 1713

747 1347 660 171 twerton John upeals

962 1384 2335 197 ue seer aengename van 13 pass: wel ontfange, daer benevens, het cognossement

960 1495 2226 163 van de bale  K51: sedert is de selve hier wel aengecomen wat

938 1598 2198 152 diens aengaet referrere mij aen den voorgaende van 12 julj die groen

939 1655 2286 191 schades soude niet aenveerden nochte de voorgaende in de bale ƒ:50

943 1759 2282 177 hadde wel gewenst de tweede bale naer mijn ordre gixstractie van 22

937 1844 2289 211 Junij soo ue die voltrecken kan, soo gelieve eene bale van 60 ps te

939 1966 2207 163 te senden, precus na de stalen, ast geene & van de beste 22 9di tot

949 2014 2299 235 ue governo soo de remise, op perera van £150:- voldaen is, gelieve

926 2162 2350 148 te laten weeten ingeslote remittere ue ftl£150:- ten laste santinu,

931 2253 2333 197 & segnoret in londen waer voore, het noodigh gelieve te besorgen

953 2306 2330 277 sijnde sonder mijn preiuditie van de sarges buyten mijn ordre gesonde

956 2437 2265 204 gelieft advies te geven van den ontfancgh deser aen die blijve naer

960 2599 650 157 groetenisse

2709 2640 580 135 Adij 10 auy 1713

734 2697 850 205 Beremen hendrick lange

972 2737 2344 183 ue seer aengename, van 5 desern wel ontfange waer bij sien, dat ue mijn

954 2817 2309 264 Conto van den vrint da damalelen 30ps paije lakens hebt ingekoght

972 2928 2179 215 a 8¾ daler dat wel is ue moet wel letten, dattse niet gret

968 3019 2323 223 vallen, & dasse hunne leingde pbreidde hebbe, want sijn anders

967 3143 2337 184 niet vercoopbaer als die sijn gelijck inden jaere 1707 gesonden

959 3220 2373 227 hebt, sullen vergenoege geven wat aenpaet de resterende geordonerde

969 3342 2314 249 30 ps. soo ul die mede a 8¾ dalers niet kan coopen, begeire

961 3461 2324 234 geene want daer is hier, op de cramerge niets j'avanceren sendt

928 3532 2378 245 soo haest facture als mogelijck sal op ontfanck mijn ordre toe

978 3673 2252 209 senden om het impost te trecken, wete wel, dat die goedren

981 3804 2347 189 contant betaelt worden, aben oock niet gewent op crediet te cropen

978 3885 2351 180 soo sien ue facture tegemoet om volgens te reguleren ue gratende

975 4021 650 195 blijve

5452 212 531 130 Adij 12 auy 1713

3364 201 987 215 Brugge Lillis van Coppenolle

3536 298 2449 169 ue aengename van 8 desen wel ontfange & den in houl verstaen schipper Jan verbiest

3528 413 2442 130 heeft hier sijne packen voor nu al gelost, & heeft mij de 4 scheiren mede gegeven

3509 465 2473 162 eyndelijck ben in accordt geraeckt met mijn vrint over de bale & N. 36., soo sal

3517 553 2489 140 ue die gelieve te verclaren in handende 60 stucke sarges qp cestte n beuntman

3519 637 2446 142 advouture mij toesenden onder gelijde van mijnen tolbrief die benevenes in

3504 719 2493 178 geslote, & sal de rek van onscosten te gemoet sien ue van herte groetende

3502 846 406 149 Blijse

5433 890 548 177 Adij 12 auy 1717

3360 940 851 198 fermonde Piere de Baut

3535 1066 2419 161 sende aen ue heden p beurtschip een pack gemarckt 1:V:C om te volgen

3503 1150 2480 169 d'ordre van monsr. Jan B l'olivier van ath, sijnde droogh gwel gecondit

3518 1253 2335 189 & de vraght alhier betaelt soo franco van alles & naer den ontfangh

3504 1377 1949 163 gelieve het noodigh te besorgen sult verobligere die lijve

3543 1520 77 84 mo

5319 1457 625 194 Adij 14auy 1713

3390 1481 774 195 Amst Francisco Rousseau

3529 1552 2405 181 ue seer aengename van 10 deser wel ontfange in antwoort, terwijlen ue seght

3531 1676 2420 162 present a costij het verlies, op sijn intrests gerekent wort in plaets rabats wjle

3518 1760 2374 168 soo hebbe ue gedebiteert voor £591: 15:0 en voor ul traitte van £600:-

3536 1853 2395 170 a 1¾   gecrediteert, voor de remise op grad grima voor £243:15:0 ent

3494 1955 2323 147 die geaccepteert is, als oock voor £391:-:d 54: gellin, vinde op die

3481 2025 2316 155 maniere, daer geen verlaes bij dogh sulckx wort hier niet gepractiseert.

3523 2104 2402 144 voorders verneme de overgroote veranderinge inde wissel, heden is hier niets

3511 2195 2474 180 gedaen noch op Londen noch op ccostij, soo dat alles gestrepieert is men seght

3515 2275 2455 137 mij datter a ½ p grance, voor den brief gelt geweest is, a dat evenwel

3509 2364 2489 162 de treckers geene de minste resolatie hadden op londen handen sij kanne

3503 2464 2474 169 brieven noch a 35: 8 et soo datter tot noch toe geen cours kan gerekent

3538 2552 2404 160 worden hebbe ft6£110:- op londen noodigh, soo gelieve de selve te

3500 2596 2499 268 provideren g het inpost op mij te trecken op sight p caste prijs court minde

3508 2754 2453 194 oft meerder magh het niet wesen terwijlen soo een appoint hebben moete

3519 2853 1146 184 al hier op verwaghtende Blijve

5399 2910 540 175 Adij 14 aug 1113

3390 2968 932 189 Mons Charle asbert l'aigle

4802 3000 119 119 me

3525 3045 2441 163 ie viend de recevoir l'aggreable vres du 13 courant y joint une remite de trois

3528 3137 2423 153 cent ghuit florins argent de change a la charge de monsr Jacoimo de Cleies

3525 3177 2478 223 qui a promis d'accepter & a son essence, vous serez reditez estant en satisfaction

3513 3300 2497 212 pour la partie du 28me sber 1712 ainsij celle dervira vous de quittance absolue

3517 3412 2465 168 jusque ce jour a l'egard du pris des sarges ie vous direz mons., que toute sorte

3492 3494 2409 155 de marchandise est bien, monte, you vand les vray battardes mellieures

3516 3605 2263 138 229d de la premiere qualite presentement ƒ24:- & comme

3509 3676 2472 192 madmoiselle hamatt a son derniere voyage les a acchette chez moy

3517 3779 2470 216 a ƒ213:10 ie vous les donneray aussij pour le mesme pris ainsij que vous

3533 3871 2456 206 pourriez vendre comme elle au mesme pris, mais pour mons il ny a pas

3509 3988 2452 138 a longer a vre governo, pour celle de 21 ½ ydu je n'en ay point ie vous

3518 4065 2484 152 asseure mons que cette qualite ne vous peut donner ble moindre avanta

3515 4158 2490 174 ee pour les perpet. ie vous peut encor servir comme dans le bonne marche

3527 4250 2412 206 a caise que j'ay encor une bonne partie du bon pris au ie vous puis

5563 4357 213 98 22
