8344 4644
1006 283 2322 136 dail ne sont pas un liard moins, sur quoy vous pouvez vous regulet,

1035 310 2357 197 soye Persuade mons. que pour moindre vous ne aurez pas il part

1031 440 2264 167 scavoir cate qualite & les jaspees vous ne les aurez pas au lieur p

1041 528 2258 214 ballots comme cette incluse moins que ƒ24:10 en attandant

1013 635 2287 183 l'honneurt de vre reponce & vre ordre ou ben les eschantillions de

1027 749 2249 202 reteur ie vous salue & souhaitte les paques tres heureux & suis du

1031 875 1078 168 plus Profond de mon doeurez

2782 952 577 198 Adij 17 april 1715

947 1000 969 186 Sverton Bereglnech marck

1044 1064 2339 238 op 10 deser, was aen ul mijnen laesten waer aen mij gedrage sedert

1042 1185 2345 176 become ul aengename van 12:16 4 23 past volgens den 4 weeden hadde

1034 1259 2323 195 hadde de staelen van de 90 ps sarges met u laeste verwaght dogh niet

1034 1362 2225 250 gesonden, eghter seght u dat mijne geordoneerde goedren van 27 dtto

1052 1459 2282 216 alle sult besorghen & met Jan Buridge versenden waer op staet can

1046 1544 2269 214 maken, derhalve, sal die vervolgens verwaghten, als oock die 30 pass

1045 1682 2293 176 d'& 10 deser geordoneert hebbe waer vooren noch mael recommanderes

1039 1793 2254 183 voor alles goede sorghe te draghen. wat belanckt u royaeles hebbe

1047 1903 2227 180 utwee laeste balen noch by, & can die benevens een ander niet

1033 1935 2265 271 vercoopen, u stelt de selve, 1 p hooger in pus als andre, dat de

2378 2030 1017 135 aen gaende de drogetten ben vervaert

1039 2119 2202 135 reden is, geen meer van ue can vragen &com dat van te vooren

1053 2220 869 103 die noch van u ste vragen

1050 2206 2305 161 ondervonde hebbe, dat de stucken niet geperst waeren & de perse, doet

1046 2276 2242 256 de goederen vercoopen a ustelt die 1 daer van andre become

1048 2393 2326 184 a 17- & 18et de alderbeste iae dat noijt soodanige van u gehat hebbe

1035 2525 2299 169 heeft u eenige naer dese ingeslotene staelen bij, die gereet sijn & dat

1010 2642 2277 146 die stellen wilt a 17 ½ a 18 en, soo wille noch wel eene prenve

1034 2707 2248 188 nemen, maer moeten wel bedecht van clijne afijne mengelinge,

1033 2802 2250 221 & wel geperst sijn, soo sijnde sult die aenstens te water op londen

1035 2930 2295 176 versenden & addresseren, aen d'heer charles hamilton met ordre

1036 3035 2298 201 van die p eerste aen leggende seip op ostende te versenden twijfele

1051 3173 2255 186 niet, oft daer vaert van costij alle weeken een sup op sonden

1038 3267 2267 170 waer mede u de drogetten, soude moeten tersenden, want te

1027 3372 2348 124 lande magh het niet sijn, om de groote oncosten die de goedren

1052 3480 2315 164 heden daeghs niet dragen connen sendt dan 20 ps naer dese staelen

1064 3563 2273 197 ingeslote remittere u  £300:- ten latte danisl hays in londen

1044 3694 2339 164 waer voren het nodigh geleve te besorghen &den ontfangh

1037 3805 2255 170 deser tadviseren a als mede wat entrent de drogetten

1037 3945 2098 129 sult hebben geeffectueert om vervolgens te reguleren

1044 4100 2342 126 sien wat u seght ontrent de smalte der gesondene satges,

1041 4206 2328 124 dat mede bekenne moete, want noijdt van u betere gehat

1036 4293 2292 166 hebbe, daerom heude het stael bockte u toegesonden, sijnde in

3576 229 2163 128 qualttijdt & couleuren niet te verbeteren groete u van hertena blijv

4966 290 651 175 voor 210 drogetten

4779 360 108 114 5

3557 317 187 141 N.

5003 399 539 166 5ps. naer N1

5039 516 121 120 1d.

5416 541 148 119 „3

4790 543 100 152 6

5439 615 117 110 „3

5047 657 79 69 1d

5463 707 101 125 4

5016 700 129 129 2d

5023 782 142 139 2d

3688 866 72 151 4

5483 920 57 103 6

5020 898 118 118 1d

3579 956 1429 181 bewaert dese staelen, voor in toecomende sigh daer

5442 1004 130 128 „9

5015 997 129 116 5d

3563 1076 726 158 noch Jan te bedienen

4999 1100 235 184 306:

5473 1177 561 208 Adij 17 april 1715

3489 1213 760 224 surton Henrij blagdon

3551 1333 2506 206 op 30 past was aen ul mijnen laetten met ordre voor 30 drogetten, 30 sarges

3559 1428 2481 183 blek met name & 30 d. sonder name als oock 30 perpet. gelijck N 33 dat met

3549 1574 2440 167 desen noch mael confirmere sedert become u aengename van 26 pass dato

3531 1598 2491 225 dien volgens sien de maker van de beste drogetten, u gelooft heeft 7 a 8

3530 1748 2459 184 is p weeck op mijn staelen te leveren, soo twijfele niet, oft iu voor nu

3563 1854 2484 203 alle eenige thuys hebt a terwijlen de drogetten met den somer maer gevraght

3549 1973 2459 151 worden  dat buridge soo haest niet osercomen soo gelieve die u gereet

3541 2047 2509 225 heeft al waert maer 20 ps. te water op Londen te versenden gaddressj

3542 2174 2491 181 eren, aen dheers: hamitton, met ordre van die p eerste seip van

3520 2266 2469 193 londen op ostende te versenden, ben geinformeert dat van costij

3534 2349 2506 202 alle weeken een sup op londen vaert derhalve, salt mij aengenaem

3516 2536 2458 194 sijn, soo u mijn ordre hier entrent tolbrenght versoekende de

3520 2606 2515 193 staelen, op het spoedighste mij toe te senden, hebbe u leste baele & 3

3516 2737 2523 166 met 20 drogetts geopent greght besonden aen de ps gelijck u gescreven

3533 2839 2508 159 hebbe aen de stalen geoordeelt hadde soo daer een goede partije van

3531 2946 2502 185 vercoght hebbe, maer om de grofte sijn sij gelaten geweert versoekende

3509 3074 2507 146 dan noch mael met desen, van de beste te senden, wilt i dat daer

3523 3151 2478 186 in contuere, verlatende mj op u directie & blijve in afwaghtinge te

3526 3247 2493 194 verstaen wat u ontrent het tersenden van de drogetten op londen sult

3515 3377 1696 190 doen, oft gedaen hebbe, groete ul van hertene

5468 3475 483 172 Adij d„ 1715

3485 3498 760 167 siverten Robert burndge

3520 3550 2480 175 u seer aengerd. van 26 pas wel ontfange, dien volgens sien dat u de geordoneerde

3509 3693 2404 117 drogetten niet eerder gereet sult hebben als tegens het vertrek van baridge

3503 3745 2543 160 patientie u sal dan de selve met hem tersenden, benevens de 20 ps perpettuanent

3515 3848 2515 151 van 55p & de 60 geordonaerde bastard sarges twee voet diu wel het meeste

3518 3935 2436 199 noodigh hebbe, soo recommandere dan particulier daer voor te sorghen

3507 4046 2534 174 datse daer tegens gereet sijn & sendt de facture & staelen op het spoedighste

3510 4169 2493 145 om vervolgens te reguleren & soo u daer in wel bedient sal in toecomn

3534 4251 2339 194 mende meerdre partijen ontbieden in afwaghtinge blijve naer cerdiale

3508 4372 462 98 groet nisse
