8351 4644
842 221 922 179 brussel Cornelis le fays

2675 251 565 139 Adij 23 gbro 1713

986 268 2263 191 ue seer aengename, van 19 deser is mij wel geworden, waer mede ue

985 416 2217 147 versoeckt eenige staelboeckier geassorteert, volgens ue ingelotene

976 505 2359 159 staelen seggerde tot antwoordt dat de goedren eest binnen twee weken

968 598 2353 156 sullen hier sijn gben gesint op saturdagh avont van hier te vertrcke

986 715 2287 137 om ue benevens d'andre vrinden te comen besoecken als wanneers

987 773 2293 211 eenige staelboeckier sal mede brengen die precus, op ue stalen

999 889 2309 136 accorderen, hebbe mede eene schoone partije coffies Esaverblat

1005 990 2290 167 met den naembecomen die wederm hooger in prijs comen

970 1073 2354 218 dogh voor dese nijt, sal die noch latere a ƒ24:10, alle goedren

996 1153 2339 196 moeten wederom monteren om dat de wissel noch dugekyct

1017 1286 2130 177 montont tat u governo ie van herte gratende blijve

2624 1370 623 167 Adij 23d. 1713

825 1439 855 186 beuken gerard meuser

994 1500 2246 201 en lange d'eere niet gehadt aen u te scrijven bij faute van materie

1003 1587 2288 214 verhopende aghter ul: benevens de faimilie in goede gesonheyt is, met

926 1704 2361 205 6 dese aeme de libertijdt van u te versaecken van mij twee kamen

981 1791 2210 186 van den alder beste renden wijn dien is te becomen, mij toe te senden

981 1904 2256 206 sijnde het eene voor mijn gebruyck, & tandre, voor mijn heste

974 1979 2295 183 vrint nr vaicquemans den baron de la verne, soo versoecke

997 2097 2192 158 het beste te senden, datter te becomen is, op dat ick benevens

978 2159 2301 223 a daer danck magh aftalen, soo recommandere van herten

1002 2268 2172 195 het een goede jonges te proeven & de voorsijde tee hamenge

994 2358 2275 215 wagens op ontwerpen, mij te desenden p eerst mogelijck om

908 2421 2319 250 dat woor dien voort seer bevreest ben, soo u oordeelt het weders

1001 2537 2188 195 niet permiteert te senden laete alles aen ue goede directie

996 2633 2320 271 & sal met groodt verlangen d'eere ven u antwoort cito verwaghtt

982 2743 2313 240 om volgens te regaleren iddeldertijs waer in capabel en

1003 2838 2331 212 al engen dienst te doen connen vesoecke van te commandeee

958 2998 1211 186 die naer groettenisse

2683 3068 506 205 Adij 25 gbre

830 3164 1025 163 tiuerton Piere il nech parck

1002 3234 2315 188 op 18 deser was aen mijnen laeste waer aen mij gedrage sedert

1004 3329 2203 165 geene van ul: deser principael tot couvert van de imeslote

991 3418 2286 200 van  £135:- ten laste saen herman adrique oL mus in londen

1002 3496 2155 177 waer vooren het nodigh geseeve te besorgen sal medt dienen

1001 3590 2306 182 tot slot van onse ref courant die versoecke op ontfangh deser

988 3700 2280 177 cato mij toe te senden gvoor dese remise op de selve de coediteren

983 3794 2277 150 tot nu toe, hebbe het packie hebbe het packie & met 22½ g

975 3884 2287 171 drogett. noch niet ontfangen door d'enachsaemheyt van cvings

989 3990 2332 171 mijn vrint hadde het selve wel 6 mael gevraeght verhope eghter

994 4088 2225 144 morgen hier sel sijn, wanneer ick: staelbock sal becameneren

990 4155 2273 195 de schades sullen mij wel eerst menqueren geile schades, naer

1018 4264 2191 170 het staeltien N. 14 van 30 aprel 1111, u heeft noch noyt soo

3545 178 2536 144 Coreet gesonden blane scheder naer N.10 17 d. blende sehede r

3536 287 2355 101 naer N 18 avoorders als met mijne vorige gementioneert hebbe

3537 353 2393 117 en dese ingeslotene staten waer naer cont regileren, assorteent

3519 440 2450 150 bij provisie eene bale met 60 sarges gelijck dit ingeslotene stael

3545 510 2519 154 boeckie sijnde het packie 189, dat verkeert gesonden ie aen imtt lj

3546 586 2464 184 wellens waerende de bale &52 soups sullender ook noch wel

3566 700 2431 187 moeten sijn tot goveno. recommandere noch mael mijne

3532 821 2450 159 ick courant cite toe te senden sult veroblegeren die blijve

3520 907 1100 187 naer Cordiele groetenise

3511 1720 813 196 brussel Cornelis Le fayes

5269 1750 670 136 Adij 27 gbre 17131

3518 1819 2571 205 op 20 pasto segge deser hadde is geadviseert als dat op 25 d. naer brussel bljv

3527 1946 2476 153 soude gecomen hebbe, dat niet heeft konnen geschiden, om eenige belelfle

3539 2040 2444 154 dier voorcomen sijn goock tendeele, om dat men present soo gerust niet

3546 2147 2437 145 en is op den wegh, om de drijgementen van den conmes van pruijsen

3519 2224 2464 150 sal evenwel overcomen, soo haest mogelijck, & soo niet sat ue de staeken

3529 2308 2555 178 bochees toesenden, tot noch toe gaeten geen tijdt verloren om dat

3472 2432 2537 118 de goedren in aght dagen noch niet hier sullen wesen dit seynde

3510 2537 2403 162 het noodigh ie t adviseren hebbe & dat blijve naer cordiate

3511 2660 533 132 groetenisse

5452 2722 505 173 Adij 27 d. 1713.

3407 2744 1135 205 brugge Gillis van Coppenolle

3520 2851 2491 171 beyde ue sier aengename van 22 &24 peser wel ontfange volgens den eerste

3535 2938 2476 157 hadde het packie  aen D heer  de sadelaer versonden, dat tot nochtoe

3538 3044 2387 131 niet vernoderen doghte hebbe, waer van seer verwondert ben wat daer aen

3520 3115 2403 161 kort kan met dencken schrijve heden daer over aen ditto heer sadekaere

3519 3183 2426 216 twijfele niet, oft u heeft hem gescreve & gerecomandeert van mij cito

3526 3315 2486 181 toe de senden, bij dien laeste verneme u de packen N 52  204: 205ƒ10

3523 3442 2465 168 met den binlander Jacob ollivers  4 61: 62:63:64  213 met pieter

3524 3454 2493 233 hereheven mij toegesenden hebt, aen den selve, segge den laette mijn tolbref

3522 3604 2430 173 mede gegeven hebt sende heden aen s van opsoner aen andre an te

3524 3719 2380 198 geven aen voors alliviers sien oock u rek van oncosten die naegesien

3516 3809 2341 182 hebbe & daccordt bevonden, sal ue de waerde remittem ue van hente

3492 3949 712 198 groetende blijve
