7796 4637
3317 178 934 182 Brussel Crittiaen segers

5340 176 688 158 Adij 14 meij 1712

3457 322 2557 129 neme de vrijigheyt van a ul hier ingesloten te senden, drij quitantien te

3465 406 2547 105 laste de stadt brussel, die versoecke gelieve in te voorderen d'eene is van

3461 521 2548 118 testigh guldens, een van ƒ50:- & dandere ue ƒ52:6½ verhope ue goetijt

3460 599 2463 155 continueren sal, on het noodigh te sorgen gelijck voordesen voor mijn

3474 687 2506 140 vader sal: wel hebt gelieven te doen voordes sor de penningen ont

3459 773 2534 184 sijn versoecke de salve aen d heer rousseau te tellen & dee ontfangh deses

3464 885 2475 133 mij laten weeten, dit donde sult mij ten uytesten verobligeren

3479 1003 905 164 & hae groetenisse bljv

5306 968 602 181 Ady 12d. 1712

3418 1111 485 152 siverton upcott

3471 1153 2554 188 op 4 deser was aen ue mijnen letten, waer bij versoght hebbe, van de remise van

3471 1335 2516 135 £100:- ten latte tourton & quigner cito niet beoorlyck protest weder te

3471 1379 2552 165 senden, dat verhope ue voor nu al sult hebben gedaen sedert become tijdinge

3457 1488 2567 117 dat henrij compten behouden tot brugge was aen comen ingesloten vemittere

3485 1606 2532 133 ue ƒ984:22 a 54 ¼ sijnde st £222:0:4. tn latte timioteo & thomas

3473 1682 2541 118 ward in london, in seconda brief waer van den prima is geaccepteert in

3475 1798 2465 135 handen van charles bollangere waer vooren het noodigh gelieve te

3457 1895 2538 143 besorghen, sende mede hier benevens eenen staelboee waer naer mijne

3459 1995 2550 130 goederen het meest ordonneren sal, ue sian middelertijt die couleuren laten

3473 2079 2494 116 maken, hebbe de coppye daer, sal meer als voor eens konnen dienen

3454 2178 2564 114 het valt te moeyelijck altijt nieuwe stalen te senden, laet de geordnnde

3448 2287 2568 162 bale drap een geprovideert worden, als oock noch eeen bale met be sarge

3452 2382 2542 157 22 gd. precies gelijck de lett gesondene bale No. 34. bj provisie sijnde

3465 2515 2532 108 naer dese ingeslotene stalen N.8.4 ps. N.1:2:3:4. oock 4ps naer

3446 2588 2564 168 N. 6:7. 2ps. naer N.°15:16. 4 ps. naer N. 21. 1 ps. sijn samen

3471 2690 2529 145 15 ps. & soo doj setts & het vierde clijn baeltien met shades Aps. naer

3444 2816 2482 161 N. 21. 3 naer N. 22: 23:24.. 8 ps. naer N. 29: 30:31. tot iu

3454 2914 1341 187 gouverno & blijve naer groetenisse
