8296 4644
2775 201 529 135 Adij 12 sber 1713

2557 264 158 89 d

792 228 823 150 ath Jaen B Lolvier

2722 281 90 68 me

999 270 2295 148 je viend de recevoir aujourd luy l'aggreable vre du 9 courant avec e

892 394 2437 126 petit ballot 159: que ie viens de viliter & ie trouve tous juste comm

924 436 2347 170 vre grace, m'at marque eestant bien estonne de l'impoudence de

963 551 2324 161 mon rrespondant d'engleterre, j'ay viscte les autres betits ballots

966 644 2354 136 qui ont ette, dans le mesme grand ballots & les trouves juste selon

965 733 2196 179 la facture estant tous a l'estoil avec le nom & omme vres

976 806 2242 216 grace at choisie le £ 189. & qui avoit une de mesme dans le

986 896 2241 213 ballott scavoir ƒ188 avec s'olives & 7 gaspe pareille a 189

978 1004 2270 229 ie vous envoyeres le dit ƒ188. jeudy prochair p la barque de

985 1133 2265 191 bermonde a Piere de bant, il vous plaire maitre ordre pour

982 1212 2295 227 l'en cheminement jusque chez vous vojcy les eschantillions ainsij

982 1335 2337 196 vre compte restre sur le pied precedent ne doibtant, que tous sera

984 1441 2337 225 a vre entiere satiffaction ayant bien ertamine de dit ballots 318s

988 1557 2314 171 estans tous de la superfijne qualite a l'ettoil avec le nom alen

978 1676 2222 190 tous. a lagard de la lettre de change de ƒ2169:- tous fois,

967 1787 2230 166 qui pescrive a amst, je ne manque point de le recomander

958 1865 2293 214 & mon amis fait tous ce qu''on peut faire gavec tous cela

975 1955 2319 239 je nevoy la moindre avancement &ie croingne, que vous viendray

980 2068 2325 249 pas a la fin sans le tirer en justice au je vous pais rendre autre

926 2175 2330 226 service ayez la bonte de commander celuy qui a l'honneur

949 2360 720 131 d'ettre

2819 2353 425 170 Adij 10 d

776 2441 933 193 fererfons Bere Pheck marcs

1019 2497 2122 234 op 6 deser was gaen ue mijnen laette, waer mede, confermeerde

1002 2596 2301 205 mijn ordre von 17 pas voor 140 sarges gordoneerde noch beven

946 2694 2261 184 dien 30 sarges loups volgens de twee ingelijde staelen, als oock

1007 2805 2272 180 eenige schades, naer het clijn staeltien sedert become ue aengename

1026 2889 2262 165 van 22 pass dien volgens sal de goedren p john cwinge te gemoet

990 2984 2363 211 sier benevens, de 22½ gaerden sijn drogitt. de scheertiens ggenarale

994 3105 2347 156 staelboees voorders gelieve beven de voors ordre by te doen, seggen

1009 3195 2293 170 de bale sloups te vermederen tot 60 ps in eene bale, met 4

1019 3276 2262 223 sette qnoch 30 sarges brya rosse alle naest het swert met een

1020 3364 2261 225 glogent root draetien doormengelt & 15 prince couleuren, als voor

1028 3467 2245 179 dese welgescreve hebben, dogh recommarder, val alles op de nauste

1013 3587 2320 175 prijs te stellen, want ie kan met ue goet nevens andre niet manten

1026 3670 2215 165 e goberae. gistrer hebbe het baeltien & 189: hier weder terugge

1002 3783 2281 170 ontfange & hebbe het selve wel gevisitert, goock bevonden alle, met

1004 3852 2346 181 de schulp beslagen & geene naer ue gesondene staelen, oft factun

1019 3971 2266 188 hier ingeslote de staelen, van het selven baeltien, waer uyt

1029 4060 2315 188 ul sal connen sien, aen wie ue dat moeste senden, & geloove

986 4203 2289 188 dat dien mijn baettien hebben sal soo versoecke, daer naer te

1058 4282 2197 165 ingueteren siet eens wat prejuditie, daer bij lijden den vrint is

3554 212 2430 107 seer gestoort & seght, dat hem hebbe wille d'een soorte voord'ander

3566 304 2441 111 verkoepen, soo danigen voorval, is mij noyt overcomen gelieve mij

3544 356 2415 152 te laten weten, wat ue, met dit baeltien gelieft gedaene te hebben

3505 447 1684 160 gin afwaghtinge Blijve naer croetenisse

5316 577 594 147 Adij 13 gber 1713

3439 572 754 179 ath Jan Ba Lolivier

3553 678 2459 131 a hier estois a vre grace ma derniere, y joint une autre est antillions de 15 ps

3517 757 2426 174 des sargis, de la mileures qualite presque tous mesme comme £189: gainsy

3549 843 2402 146 avis je l'envoyerez demain p la barque marchand a termonde, ce que ie

3519 947 2306 179 confirme, p cette ne doubtans hullemans que vre grace serat tres

3525 1004 2441 176 satisfait de puis ie viend de revoir l'aggreabe vre du 10m courant, p le

3553 1134 2413 200 quelle je vois que vous avez besoing d'un partie des sarges drape mais,

3558 1196 2393 233 que vous ne pauvois pas trouver vre compte au pris que ie vous lesvend

3543 1326 2363 181 & que pour cette raison vous les voulez mander d'un abre ce qui me

3547 1410 2415 221 donne du chagrin, puis que je seay que cett imposible de donner

3540 1549 2439 137 cette qualité au moins, que ie vous ay vendu ie vous asseure mons.

3545 1640 2433 203 que je n'ay pas 15 pattars a la piece. & ie suis asseurez, que personne

3536 1737 2448 162 ne les peut tirer molieur marche d'engeleterre, que moy, cnsin, pour vous

3548 1828 2391 207 obliger des marder les dits drapce de moy ie vous les donneray a ƒ33:5

3538 1965 2404 174 pour les plus belles senes longes qualite, ainsij ie vous prie de m'envoyer

3546 2024 2474 226 quelques eschantillions des couleur comme vous les sauhaite, & alors

3546 2164 2408 147 ie vous envoyerez de cartes pour l'encloisir, esperant, que vre grace

3537 2252 2403 168 me preferrere avans une autre, car ie ne cray pas vous avois ma l

3544 2324 2461 205 servie, demain j en voyeray vres incluse a mons. rousseau a m

3542 2480 2457 140 avec ordre d'envoyer la lettre de ƒ2169:- avec le protest a mons

3545 2542 2362 184 aen van den bosch solieiteur of la laye c'est l'unique chemain

3525 2628 2469 141 pour venir au baut & ie vous sauhaite une bonne succé il vous plaira

3527 2747 2408 159 done dissarger mon compte de la ditte lettre de change je vous

3547 2843 2412 145 salve & suis en attendant l'honneur, de vos commendements j'aij une

3548 2945 1059 164 partie des drape a vre service

3552 3035 2355 192 dit smiddeste sehades staeltie, is seer goet,  hebbe die die wels gevraeght

3558 3158 2044 177 enoiyt becoiren, soo ue soodanige bij heeft moght, die wel senden

3445 3293 766 186 sermonde Piere de Baut

5466 3297 506 197 Adij 14 sber 171:

3556 3395 2452 156 sende aen ue heden op dermonde p beurtschip twee packies het eene gemarckt

3543 3534 2448 115 I:B:L. met 15 engelcke sarges voor rek van mons Jaen Be Tioliveer

3537 3628 2436 153 van afl, ghet andre. N:F:1: met 10 stacken ditto voor monsr. nicolas

3529 3702 2438 166 francois le lievre, sijnde wel geconditioneert ingescheept & de waght,

3528 3785 2447 175 van bijde betaelt, soo franco van alles, naer ontfangl gelieve, het

3550 3889 2358 124 noodigh te besorgen, tot de versendigen, naer als, sall veroblegeren

3523 4001 1140 162 die blijve naer groetenisse

5490 4075 435 177 Adij 14 dt

3428 4091 780 174 at £2:5: le lievre

4629 4155 118 114 e

3550 4186 2429 134 nous sommes ayjourd huy le 14 sber puis que la chemaine passé il n

3531 4270 2500 154 avois point une f barque, qui pantoit le 10ps sarges predit ne sont partie aujourd v
