8378 4637
1101 124 2119 180 nes de 15 price layes ade 10 dups ie cen puse cuse

1052 241 2303 195 B Brundge is godt of behanden gearriveert dogh heeft

1013 367 2383 146 eenige notte goedren in hebbe tot nu toe noch niet vernomen

1033 476 872 163 van d'ul beseadight sijn

2869 574 504 187 Adij 5 janu 1713

916 601 1270 235 Brugge Gillis Van Coppenolle

1063 705 2269 181 ue aengename, van gistren wel ontfanghen dien volgens sunde

1051 804 2304 205 baele & 58 versonden hebt op gent, segge noch mach dat niet begaire

1029 930 2224 188 de waght betaelen salt voor al heer die baele hier gevisiteert

1062 1003 2268 218 hebbe, want het is geensins te gelooven dat het pack soude

1052 1123 2290 237 hat geworden sijn door het tempeert, terwijlen het nat is op

1043 1220 2288 197 dencant van de breede dat met gesenden kan ten waere langs

1065 1322 2275 209 de pompe & dat can hem niet verscoonen enson het sal sijn

1072 1528 606 134 selver wijlen

1082 1504 2226 233 wat aengaet de andre packen, dat niet sien cont, daer eenigh

1051 1625 2292 222 letfel aen is terwijlen u seght packen van andre vrinden

1058 1716 2310 259 gesien hebt van buyten wel geconditioneert dat die van

1073 1829 2208 208 binnenr nat waren, soo soude aen de mijne sulckx mede

1031 1968 2304 208 con nen gebeuren, daerom versoeke noch mael van de selve

1061 2041 2297 201 te visiteren &n sal sult aen de papieren lightelijck connen

1060 2139 2306 225 oordeelen, want soo het papier eens not is geweest, sal altijt

1066 2258 2334 201 lurelijck sijn tot u naright versoeke noch mael daer ontn

1077 2371 2216 204 niet te negligeren, nu aengaende de schippers terwijlen

1008 2449 2310 170 die niet willen demorderen, soo sullen di'eere niet hebben

1066 2570 2253 151 van mijne packen te voeren & soo niet veren willen voor

1040 2656 2284 151 60 ps p vat soo sult mijne packen senden p baergoe op

1064 2735 2314 230 gent aen Jan k de sadelare & mij advies geven, want segge

1073 2846 2240 155 rout uyt noyt een ps adroitare sal laeten comen als op

1015 2965 2362 153 den ouden noet nochte nimant van ons bij aldien uent

1066 3030 2303 163 visiteren van d'andre packer bevint eenige het minste lettsel

1056 3123 2275 215 oft voghtigheyt sult de selve nto p baergie verserden sal

1069 3247 2294 176 te eersten van te verwaghten te verstaen hee u de selve sal

1089 3354 2214 142 hebben bevonden als mede wat ontrent de versendinge

1076 3424 1851 200 sult hellen geeffectueert an afwaghtinge blijve

1065 3542 2255 217 P. het waer redelijck datter ponsideratie gebruyckt wirden

1088 3617 2216 214 in de licenten voor de bescadighde goedren ndat daer voren

1085 3728 2183 186 niet betaelden want daer noch verlies genogh op vallen

1067 3833 2284 209 can dat eens gelieve te proponeren tijnt tegelijcke mensn

1078 3991 996 192 sullen sulx censidereren

5439 198 601 147 Adij 7 Janua. 1783

3456 201 1119 165 Brugge Gillis van Coppenolle

3576 316 2472 113 ue: aengename Jan 5 deser wel ontfanghen dien volgens sien ul met noch

3571 397 2414 135 andre cooplheden hebt gebrsioneert met deken het schippers ontrent de

3569 500 2472 129 vraghten & dat de seppers niet anders willen als tot 45 ps p vat det wel

3555 606 2451 150 is mijne kesolutie & begerte dat mijne packen op ontfangh desen

3573 658 2452 196 mijne paeken, sult geleve te versenden p baergie aen dhur Jan B.

3565 811 2367 162 de sadelaere om mijne ordre te volgen sonder meer, voele wel wat

3550 940 2408 138 datter geslaghen is. dheeren van costij sijn met de schippers & niet

3561 1000 2405 186 voor het welvaren, van de gemeente. wij hebben heden by een

3555 1071 2474 237 geweest a oock ense resolutie genemen, sijt versekert de paeken d

3550 1207 2401 187 laeste sijn de lanx ostende sullen comen, want wij alle

3536 1336 2462 159 notanelijck hebben doen op stellen, dat nmemant een stuck lant

3556 1426 2462 174 ostende sal laten comen, op de verbeurte van duijsent pattocons

3541 1561 2439 188 a dat sal morghen door een ider getce sent worden, gij ledenn

3534 1625 2495 236 hebt ons mijnen te betrecken & sal just tot a eyghe prejuditie

3552 1758 2467 222 uyt vallen segge noch mael dat geen sins begeire een stuck voor

3548 1868 2484 205 mij e beurtschip sult aflaeden tot u raright am afwaghtinge

3540 2009 2259 182 te verstaen de versendiengen van mijne paeken a dat blijve

5459 2089 526 208 Adij 9 Janu 1715

3468 2137 886 208 firerton Robert buridge

3547 2229 2486 173 in langen aen u niet gescreven bij faute van occasie in perpet. is geenen

3549 2365 2458 152 aftreck au laeste gesondene baele is noch geheel, soo dat noch geen andre

3545 2430 2501 181 noodigh hebbe nu soude wel, van ul sarges twee voet 2ig begeeren sijnde

3534 2523 2431 156 een soorte minder als de alderbeste bastardes 22 gdu die van andre vrinden

3535 2652 2447 163 become voor 32  33 a 34 p hier aen den voldeser heeft ie de staelen qin

3526 2728 2440 176 stuctie soor 60 ps. te weeten 15po in onse sett & so 4 sett in one

3519 2814 2512 201 bale te samen gepackt, dogh u moet wel letten op de couleuren, dat die

3517 2924 2498 165 precus sijn, alle van clijne & fijne mengelinge wel met root geboven dat

3484 3034 2499 162 de stucken wel geperst sijn censidereent dese staelen wel, sijn goede

3513 3121 2496 231 geuleuren de 4 ps gule seades moeten oock soo predies sijn, oft geene

3514 3266 2405 145 & soo u die niet gereet sonde crijgken sult olives in plaete nemen

3534 3340 2459 170 oft wel een seade in jder baettien naer het indersten staeltien, ewings

3521 3447 2446 167 leght nu in ladinge, op ostende, & terwijlen, wij alle hier geresolveert

3545 3566 2398 142 van niet een stuck voor ense rek. op die plaetse te laeten omen

3540 3648 2518 172 maen alle op Rotterdam soo sal u dese baele niet aflaeden voo d

3546 3774 2421 147 naden ordre dit sal dienen voor eene preuve & soo u goet goet sent

3541 3876 2448 124 sal in toecomende, meerdre partijen ontbieden van alle soorten, soo vere

3527 3969 2463 186 hopende onse ede corespendentie te verniuwen a tt vermeerderen laet

3535 4062 2477 223 mij weeten, oft u des e bale senden sal, oft niet, op ontfangh, om mijne

3517 4200 2443 130 mesunes naert advenant te nemen & in afwaghtinge, deere van ue

3517 4318 2448 132 antw: blijve naer Cordialee groetenisse maer ue gewenscht te
