8344 4658
837 263 968 188 herton John upcott

2611 267 659 162 Adij 13 xbe 1715

995 369 2248 190 ue aengename, van 25 post soo aenstons ontfanghen, waert

995 475 2249 179 bij sien dat u niemant geschreve heeft om de bale N 52 te

983 577 2240 181 bene freeren wat aengaet voor ue iek te debiteren soo

1002 660 2183 213 segge, tot antwoordt dat niemant in comissie bediene

999 778 2208 147 & geern negotie doer, als voor mijn eygen rek. ateruyle

948 888 2202 209 die bale present hier is &op hoope u intrecomende p

1005 973 2242 191 alles wel letten sal &de alderbeste goedren senven, sal

895 1110 2402 155 die voor mijne nek. aen nemen, mits conditie, te rebattenen

1006 1177 2272 230 een  p ps, terwijlen de sarges gevallen sijn, dat het

1005 1341 2277 157 niet ware, om effen rek te hebben, &om alles vant jaen

976 1422 2325 204 te liguederen verschere ue doer niets in vallen soude dat

1005 1516 2318 190 n governe, soo morgen, op de borse, kan ten reghten come

992 1625 2319 220 sal ul remittere, soo met moet een wijnigh patientie hebke

999 1728 2296 234 & sendt op ontfangh deser mijne rek courant, om die met het

997 1847 2206 185 eijndighen vant jaer te sluyten & recommandere noch

999 1952 2346 220 mael de sorge voor de geordoneerde goedren principael

1009 2058 2139 189 voor de prinse sarges dat de conleuren elle wat

1000 2166 2282 200 verschillende sijn  a fijne mengesinge &op laeghste in

992 2279 2252 245 prijs de stellen, want worden bij andre hier beter coop

1008 2404 2281 199 verkoght adve mij costen in'afwaghtinge p eerste mjne

1008 2498 2280 200 rck courant Blijve har Cordiche groetenisse

914 2744 2307 225 Brugge Gillis van Coppenelle Ady 13d. 1713

1025 2892 2321 182 27 past was aen u mijne laesten, waer bij genatent

917 3016 2349 228 ahadde het impart van de reft ue te remitteren souder

1004 3138 2263 222 & terwijlen tot noch toe geene occasie gevonden hebbe

1008 3218 2178 223 soo gelieve het slot van onse rek courant te

992 3286 2338 262 treeken, als ue gelegen compt dit sijnde het noodich

1010 3428 2022 219 deser & dat blijve naer ordiale groetenisse

2798 3655 489 196 Adij d. 1713

956 3628 1385 324 Brussel arienus van den dries

1033 3866 2196 221 naer dat twee daghen tot brussel geweest hebbe in

1032 3978 2274 244 afwaghtinge van 1e comptte van antwerpen & dat

1031 4087 2241 207 wyenff: u beminde u versoght hadde van eenige

1027 4203 2335 191 sarges te coopen & terwijlen haer mijn diens gepresenten

1388 4304 1953 187 wel voor demengede ags, se ls voor dalder

3515 196 2504 142 bete coffees vart claverblat met name & dat niet wisse gafte

3542 264 2475 139 ue eenige emplaitte gedaen hadde, heeft geene resolutier ge lat

3525 375 2463 146 van mijne goedren iets uyt te liesen soo hebbe, op mijn aencomste

3538 427 2431 172 naer ie geinquittent, gvernomen is vertrocken was, soo neme, de

3498 553 2487 140 libentijdt met desen mijnen dienst noch mael te offriceren over

3527 588 2494 254 saeke te laten weten oft u eenige coffeet, oft andre goedren

3518 741 2337 192 nodigh heeft in afwaghtinge, deese van uantwoort

3516 865 2035 200 Blijve naer CCordiale groetenst

5362 1075 608 193 Ady 14 xbre 1703

3437 1035 1106 219 firerton erespneck marck

3545 1233 2472 154 ue seer aengename, van 25 post. wel ontfangen, daer berevens onse rek.

3514 1331 2497 153 courant die hebbe naer gesien qi alles d'accordt bevonden uyt gene

3525 1407 2494 156 men, dat u stelt voor L a seurantie van N.° 52: a 56 a 2 p £ ƒ5:4:2

3485 1517 2516 133 dat ick op mijne boeckert bevinden a 1 ½ p sijnde £3:18:2en, soo

3506 1614 2497 159 dat ue £1:6:0 en te veel beselt, & hebbe in dien tijde u daer sargo,

3515 1685 2450 179 genogh overgeschoeven gandre pretenderen niet meer, & hebbe u, op het

3541 1784 2450 135 baettien  189, oock met meer belast derhalven, moet u daer niet meer

3535 1872 2475 171 over replieeren, nu soude, tot saldo noch gesteren £1:7:4 en, dat

3537 2019 2472 124 rabatteren, voor fauten gsleeken in sommige, streken gehat pronsie

3519 2091 2444 144 dereent, daer tegens, de preiuditie die geleden hebben op het baeltien

3542 2224 2415 132 a189, soo moet ons rek. sonder, meer sluyten, gelijck ick gedaen

3524 2302 2382 138 hebbe quiets optt nieue belatten tot u governo. oorder, galt mij

3406 2384 2552 220 y lief sijn p eersten u ordre te ontfangen, om het baeltien  189:

3590 2523 235 84 and 168

3542 2506 2425 204 in landen te stellen, want ben niet verciert met goedren van

3540 2591 2465 203 een ander in mijn huys te hebben, soo gelieve op ontfangt desen

3534 2763 2488 134 mij a ordres & antwoort, toe te senden sien gij lieden geresolveert

3518 2860 2459 115 hebt van Jan buridge funior ablolut, den 25 january aenstaende

3526 2931 2495 164 te doen vertreeken voint en weder dienende om dat heyden syn

3529 3061 2421 134 roeder alle weken met goedren vin london forniert, segge, tot

3543 3172 2482 117 antwoort, dat daer geene avantagien in sijn, maer contraie ergen

3545 3228 2466 147 voor ons sal sijn, want als de cenvoijen, soo schielijcf op malhandre

3530 3352 2482 148 cemen, willen de luyden, al vant vers goet hebben opsoo en connen

3530 3452 2494 132 wy noeyt een peeter man oft quaet couseur quayt worden, ue moet

3523 3541 2482 179 pijsen dat en te ordres dan soo abondantelijck niet comen sullen

3525 3641 2485 178 het waer wel datter groot de biet waer, gij lieden behoorden sulcke

3541 3786 2466 127 saellen, niet voor te stellen, voor aleen, ons eens gehoort te hebben

3540 3869 2468 156 segge rout uyt dat dit gans tegen mijn sentiment gonse in trest is

3519 3958 2491 185 gij lieden sont doen dat ge wilt terwijlen dese resolutie genomen

3516 4084 2487 171 is, voor dese rijde soo can mijt ordres niet en largenen & sult

3519 4173 2494 192 geene sarges voyaeles senden, q met duto buridge bescheeken twel

3527 4317 2402 143 bales sarges 22gd, als hier aen den voet deser geroteert, hebbe
