8324 4651
1002 117 2280 192 egisure de graes u welelle

988 229 2235 131 eschaallins f ce qui fait de nre monne ƒ1:3 de change, sur quoy

991 355 2233 160 vous pouvez vous reguler s'il y a d'autres choses a vre services

994 445 1873 177 commandez librement aluij qui a l'honneur d'estren

2777 566 588 203 Adij 20 maij 1715

842 600 817 186 Turthaut Cadus semen

1000 714 2357 172 ick hebbe u brief van gistren wel ontfanghen daer uyt verstaen als dat

998 814 2302 163 u 100 ps tijken volgens mijn stael sondt gereet masen te weeten s0

975 888 2366 191 ps. £ drij segels & 10 ps £ doij segels dogh dat daer 3 maenden tijdt soude

997 1001 2312 186 noodigh hebbe & dat eenige andre soorten daerby sende moeten

998 1101 2316 183 nemen, soo segge tot antw:, dat geen andre soorten noodigh hebbe

999 1196 2277 209 alleenelijck maer de clijne strepen naer mijn gesondene stael & wat

997 1306 2320 229 voor den tijdt aengaet ben te vreeden, op drij maenden te levren

959 1426 2328 185 dogh geloove wel 50 ps gereet sult hebben binnen een mant

976 1508 2271 255 oft 6 weken uijtlijck, soo laet die aenstons gemaekt worden

982 1637 2311 212 op dat de 50 ps binnen & weken magh hebben, om die bij provisie

976 1747 2375 192 de connen versenden gelieve cito de antw oft u het voors ebt

984 1908 2200 156 volbrengen om vervolgens te reguleren & soo van englant

972 1976 2234 165 ordre become, voor andre strepen sal die oock dan van ue

970 2063 2337 197 vraeghen tot u nanght u antw: met verlangen afwaght end

977 2238 869 138 blijve. naer groetenisse

986 2289 2305 178 als u serijft gelieve wat beter te scryven want groete moeye

993 2406 1418 201 hebbe, om daer uyt te gerakenen

2690 2596 494 156 Adij 21 may

842 2560 1162 240 brugge gillis van Coppenolle

994 2681 2257 218 ul aengename Jan P deser wel ontfanghen met den eersten

986 2774 2311 193 den wissel brief van £10010:0e7 op carel arrebant geaccept

976 2930 2250 183 terugge, met den laesten notttee van t gine ue betaelt heeft

999 3005 2327 159 aen de seippers voor de vraghten monterende in courant gelt

987 3110 2302 189 ƒ 79:17 in wissel gelde ƒ 68:9 waer vooren ul: gecrediteert

993 3214 2172 206 hebbe ingeslote al noch een wissel brief van  £100::

990 3384 2273 150 a 88:6 gen laste gerardus de weit a costy en antwerpen de

961 3450 2362 198 retalen die versoeke te laeten accepteren & mij weder te senden

973 3587 2326 188 & waer in ue reciproquelijck dienstigh magh weesen gelieve te

980 3690 1519 192 commanderen die naer cordiale groetenisse

5945 179 125 99 2d

3491 184 1071 191 merten Kebert Bandre

5367 220 669 155 Adij 22 maij 11715

3593 311 2475 184 op 11 deser, was aen ue mijnen laesten, met ordre, om de 10 ps perpet

3601 455 2406 146 van 80p te provideren, voorders befertere mij aen den selven

3544 564 2467 171 sedert geene van ue al hoe wel verwaght hadde de staelen van de

3571 666 2486 196 drogetten die verhope voor nu op londen, sult hebben versonden

3589 791 2489 184 volgens mijne vorige ordre & instuctie, gelieve dese 10 perpet

3583 890 2505 200 te vermeerdren & die te samen op te packen als aen den voet deser

3579 1001 2454 183 voorders soo remittere ue hier benevens ot£ 224:- in twee

3580 1128 2416 200 brieven ten laste daniel haijs in London, waer vooren het

3555 1274 2524 178 nodigh gelieve te besorghen eden ontfangh deser tadviseren

3589 1393 1534 183 an die naer cordiale groetenissen

4148 1515 1341 200 voor eene saele met 25 perpett.

4007 1636 1512 210 10 ps. van 80 p geordoneert voor desen

4431 1747 293 199 „30 p

4015 1785 192 110 10 d.

4124 1856 108 141 d

3943 1880 777 158 „ 60 s

3897 1966 863 162 „25 ps in een Baele

3484 2099 911 225 siverton Henrij Blagdon

5359 2107 665 216 Adij d.. 1715

3575 2276 2389 156 op 3 deser, was aen ul mijnen laesten waar aen mij gedraghe

3583 2397 2454 115 sedert become is aengename van 30 passt met facturen te staelen van

3566 2489 2477 144 eene baele  37 met 20 ps drogetten beloopende stl £ 65:18:9 en, die

3556 2595 2528 139 u op topsham hadde gesonden om p hodder op londen te versenden

3541 2683 2442 145 die verhope voor nu vertrocken is, voorders twijfele, oft u heeft

3546 2777 2471 186 pretent noch drogetten plaer soo versoecke die sal mede op londou

3546 2878 2505 215 te versenden want buridge sal soo haest niet vertrecken & ben

3539 2988 2391 200 met de drogetten gepressent, omreden met mijnen vorghen

3561 3116 2491 167 gementionert dese gesondene cops sijn wel in coaleuren & m qualitijt

3502 3218 2559 157 port oonen sij hun oock wel aen de staelen recommandere noch maens

3488 3332 2572 193 de andre resterende oft ten minste die ie gereet hebt op londen

3513 3419 958 178 te water te versenden

3533 3509 2457 221 ingeslote remittere ul  £126:- ten laste daniel hays

3531 3641 2476 195 in london waer vooren het nodigh gelieve te besorghen & den

3529 3770 2507 169 ontfangh deser cito tadviseren ge tent soo haest mogelijck soeten

3535 3873 2495 152 gestaelen va t gene gereet is om volgens te reguleeren a blijve

3534 4012 1981 113 in afwaghtinge der selve agroete ue van hertenn
