8385 4644
2582 205 636 144 Ady 12ment 1714

861 236 874 205 brussel wed: Rousseau

979 347 2321 135 la tres chere vre du 10me courant, ma ettez rendu p mon frcre

983 424 2238 132 Jan michiel pour reponse le mesme jour, que mon frere

983 524 2182 126 avoit escrit a mons. Jacomo Rousseau le femme de mon

1006 612 2240 121 censier m'at venu rapponter que vous aviez donnez au battelur

996 698 2299 111 en du cats & monay pour les froment, puisque, avois seguide avec

980 788 2309 143 eux le 9 me de a mois, et il m'on reteru ƒ100:- couran

979 864 2321 200 pour les 16 mesures de froment a ƒ6:15 cours p mesure

987 964 2308 161 ainsij j'ay donne a mon frere l'argent qui mest rapporte

983 1065 2330 188 scavoir ƒ96:- aussij court pour les quelles il vous a credite

978 1182 2328 160 sattend de jour en jour ma prevision de mesme froment

983 1255 2257 200 jaussij pour mes freres, quons sommes obligez de le payer

957 1371 2298 154 ƒ7:- ie me suis enforme tous les venderoy pour les prix

945 1488 2338 157 du froment qui n'at pas este moins que ƒ7:10 gencor garire

968 1577 2359 136 ceux quils out du bon froment presentement ne viennent point

970 1673 2352 151 la presenter au marche a cause que des particuliers le dont

989 1768 2268 141 cherchez p tout & donnent ce quon demande ie trouve, que

952 1853 2262 189 ƒ7:- p mesure nes pas chere icy selon le temps, s'il est

996 1944 2287 179 milliener marche a brusselles, ie ne j'ay pas, il faut considerer

986 2033 2281 191 la mesure 5:V:P gallors ie ne doubte pas que vous trou

989 2129 2210 193 verez bien vre compte cependant il me feroit sensible

989 2235 2235 175 si vous n'ettiez pas contant que ie suis capalle, a vous

1008 2322 2236 170 rendre service hem mandez qui a l'honneur d'ettre

1169 2521 91 79 20

2667 2521 524 165 Adij d: 1714

836 2513 888 228 Amt. F. Rousseau

1017 2588 2114 217 ue gheerde van 9 deser wel ontfangen daer benevens het

1012 2710 2266 193 appant van  86:10 en genegotieert a 35:5 en waer voor in

1001 2778 2330 193 is gecrediteert in tolt 158:3: 6en soo op de borle ten reghte geresen

1006 2875 2315 166 sal ue hier ingeslote remitteren met de brieven van londen die

990 2968 2195 185 wij gistren, op de borse gehat hebben compt de wissel 4 en

1013 3055 2337 193 gemonteert segge op antwerpen 33: 8 en sijnde tegens elle opinier

1011 3141 2274 193 wat aengaet brieven op tijdt op gent met ½ bl onderschijde

1010 3231 2271 174 keen mij niet accommoderen terwijlen hier vele brieven a £

1010 3303 2316 213 overblijven, op die plaets soo u op dese stot geene briven

1007 3392 2321 189 kan becomen met aancce op tijst moeten die negotie staken

1008 3493 2344 210 sal de sugels atwaghten ben daer by niet veelegen graete

1039 3614 1008 191 ul uyter herten & blijve

1082 3787 203 106 Me

2651 3749 682 183 Adij d 17142

859 3769 1200 240 rott. Dionys verbargh

1030 3848 2179 221 al seer aengen van 27 past. wel ontfang, dien volgens hadde in

1020 3963 2218 188 afwaghtene geweest dat u mijne ordre, ontrent de wissel soude

1019 4035 2285 210 Canne volbroght hebben terwijlen, sedert van ul niets hebbe

1029 4154 2291 160 vernomen, soo presumere de wilel soo laegh, met comen wilt

1042 4254 2281 171 gistren hebben wij brieven van londen gehat met de welcke

1643 4322 1595 143 onteert gompt op antwerpten segge a 3:8 en

1515 4400 89 78 9 en

3560 213 2435 91 was met de borige maer 4en sien wel dat het niet laeten wilt heeb

3549 258 2448 144 langher, dat waghte hoe erger derhalve, soo u can afgeven a 37 „t

3566 376 2460 118 a 37:1: a2 en gelieve te remitteren. het appant van de £86:10: en hebben

3557 432 2458 128 niet meen nodigh om dat die van amst becomen hebbe soo isteven

3563 519 2445 122 veel wat ul remitteert dogh in twee brieven, dit sijnde het nodighe deser

3533 606 2468 150 & dat blijve naer groettenisse met tasoec Jan den ingelijde boortganck

4475 719 1541 95 ns londen geen cours vrage op de grote verlandringe

3555 713 559 132 te heben

4463 754 1534 125 36:7: dogh niets gedaen soo a costij die alteratusseek

4483 829 1178 135 is laet het op den meer niet aen comen

5311 879 644 130 Ady 12 meert 1714

3449 826 1016 218 firenton Gobert Buridge

3538 948 2470 191 op 17 past was aen ue mijnen laeste waer aen mij gedrage sedert, gene van

3559 1066 2471 130 ul: desen principael tot converte van d'ingelijde wisselbrief van 686:10

3541 1137 2393 195 sijnde het netto appent van de gesondene facture vorders terheope

3543 1170 2464 212 mijnen verighen u tijdelijck sal geworden sijn & dat noch 24 ps

3554 1337 2486 159 met buridge sult connen senden, p naeste schip, wille wel eene

3546 1442 2414 114 bale van 60ps dogh de meeste sullen van prijsen moeten sijn

3524 1549 2454 142 als N. 70: 80: tot iu governo., geleeve den ontfangh deser op de

3524 1614 2471 168 compste te adviseren & cens mede te noteren, ul prijsen van ul

3515 1678 2489 186 bette sarges 22 gby vrij een boort in aftraghtinge blijve naer groet

3534 1840 439 123 enisse

5366 1968 619 178 Adij 12 d. 1714

3544 1995 877 172 onden P. Hamilton

3446 1963 95 226 k

3553 2135 2485 98 op 17 pasto was aen ue mijnen laeste dia oftene waer aen mij gedrage lederd

3543 2205 2432 97 van a geene desen dia rots om te ageampagneren het ingeslote cogn

3534 2259 2418 121 nossement van de bale N1 met 100 ps. tijcken die geladen sijn

3534 2372 2504 114 in addriaen grembergen, die voor nu vertrocken ip ttwijfele niet oft

3539 2437 2430 127 voor den ontfangh desen behanden, sal sijn gearriveert hier onder

3527 2516 2448 164 aen den voet desert heeft u de notetie wat die ontrent costen schiet

3515 2617 2492 133 seer naer niet aen de notitie van mijnen vorigen gesonden necm

3535 2704 2446 144 mandere, v beste te doen & het meeste voordeel te soecken a content

3524 2808 2445 131 gelt te vercoopen om dat van dese favorable wissel soude mogen

3488 2869 2445 132 profiteren al soude u die vercopen, els voor prijs als hier onder

3537 2992 2398 97 in PE genoteert gelieve te laten weeten wat daer ontrent

3512 3050 974 161 passeert aen die Blijve

3580 3151 2418 205 als ul die bale een schellinck  meerder vercogen can p ps alls

3512 3253 2516 145 met mijnen van 17 posse voor genoteert hebbe, moght wel vercopende

3520 3313 2489 208 contant geldt want, make alleenelijck mijne winste opde wissel die

3540 3422 2372 144 nu tot 37:10 en is & hebbe dese prijsen gerekent a pary a 33:4 en

3528 3452 2474 200 tot u governo: de meeste avantagie sal het aengenaemste weten

3534 3628 2025 141 hebbe geen tijtt, an den netts notitie uyt te maeken

3501 3641 2442 229 oors, wat de coopers bieden g versock ten cersten het selve teed

3530 3755 2461 170 adviseren sorders, geleeve te laten weten, oft ue inclineert van merdre

3519 3839 2467 204 partijen te doen cemen ade soorten te noteren die meest getraeght

3518 3940 2442 148 wenden, soo Jan brede, als sin alle strepen, sal altijdt goere die

3516 4083 495 140 helft haeden

5353 4147 639 131 Adij 13 mert 1714

3516 4171 520 166 doel le pagl

3528 4220 2495 184 desen prinsapael tot couverte vanden in gelijse tolbrief dienenerde voorde

3531 4339 2429 132 geerdonende terwe versoeke mij de selve op spoedighste toe te senden f
