8248 4651
904 200 2438 130 am te weeten oft ick eenige stucken senden sal sal comenden sondagh

900 260 1916 194 om na te reguleren blijve naer Cordiale groet enissen

2721 361 627 198 Adj. 171512 aay

755 419 1024 201 Turn haut Egndrus saenen

881 563 2307 134 ick hebbe in brief van gistren wel ontfanghen benevens de 2 po

851 671 2329 169 stijken voor hadde gesijdt dat na dese van de blijne strepies, geen

874 746 2403 163 meer begeirde & terwijlen bevinde noch geen genoch bij hebbe soo gelieve

907 841 2290 228 op sondagh toecomende wesende den 18 deser noch te senden die ue

890 944 2353 238 gereet hebtben sal, dogh na die tijdt geen meer te senden voor naden

904 1048 2370 203 ordre versoeke, op donderdagh toecomende te laeten weet en hoe veel ps

892 1178 2263 194 u op sondagh senden sal om volgens te reguleren & in afwaghtinge

888 1324 329 199 blijven

2623 1373 623 225 Adij 14 auy 1715

779 1455 1071 207 Brussel de wed. Borremans

600 1606 66 94 oy

899 1569 2316 201 ue mij seer aengename van 11 deser op sijn tijdt wel ontfanghen daer

882 1680 2352 154 beneveno het stael boeckie 1o. 806 tenegge, waer uyt u 3 ps gekosen

881 1764 2484 197 heeft, als mede de twee losse stucken volgens de twie ingeleyde staeltien

823 1869 2507 173 die u heden p bbeurtsoip ben toesendende, met een stuckie dat mejenst

885 2003 2397 201 Geins mij gesonden heeft, om mede te packen & dede seggen, als dat

858 2081 2451 193 de andre goedren noch niet in de verfwaeren & dat can noch wel

914 2179 2337 254 14 daegher aen koopen, voor aleer die gereet souden weesen soo

881 2314 2336 221 hebbe goet gevonden, daer niet na te waghten u gelieve mij te

846 2441 793 202 crediteren als volghte

888 2550 2395 220 op 14 auy 1715 5 sarges bette  bastardes 229d„ a ƒ23:10. ƒ117:10

887 2672 2442 167 n wissel gelde waer in capobel ben u voordren dienst te doen

867 2792 2446 180 versoecke van te commanderen verwaghte sinaen sate dogen

871 2919 2441 191 een seerschoone prtije van perpet. van N.60:70: 80 a N 100

867 3045 1898 156 tot udrenst groete n Jan herten a blijven

725 3191 929 197 dermende Praere de baut

2622 3252 603 173 Adij 16 aug 1715

890 3306 2411 219 je vous envoye aujeurd huy p la barque un ballot marque MD.

879 3443 2385 167 bien cenditione pour compte de mades. Ignace herien d'ath le

891 3575 2289 194 contenu est deux ps perpett. a drentatie pieces de coetrques il

887 3706 2289 142 vous plaire suiire son ordre pour lenchemingnemt la voiture ett

887 3799 2366 174 icy paye ainsj franc des touttes fraits done ie ne command bien

880 3957 2014 182 le soin pour len cheminement, qui este de ben coenn

861 4106 2396 167 & sijnde op 22 aug. eerst versonden bij faut van occasie soo dient desen als

877 4189 1193 177 voos op d datt a laug. gescreven

5939 207 123 84 2d

3528 216 917 174 brugge giellie van Coppenolle

5525 240 486 164 Adij 17 aug. 11715

3585 336 2481 167 u seen aengename van 18 pas wel ontfanghen daer benevens de twee cognossementen

3551 464 2489 145 van de baelen tijken geladen int seiyp van adviaen grimberghen, twijfele niet

3566 531 2496 191 oft is lanck voor nu tot london gearriveert sghter hebbe daer noch gon advies

3555 640 2497 194 van, soo wan neer vertrocken is sal gaerne van u vernemen & geleve mede te

3565 771 2506 172 noteren wier present in ladinge leght pewanneer hij staet te vertrecken

3570 851 2500 204 hebbe noch een pack te versenden, de oncost rek van de tijken hebbe nagesien

3561 1002 2512 170 awel bevinden augecrediteert voor ƒ37:3 in wisselgelde u can op mij

3540 1094 2526 228 trecken t geene u p rest compt groete u van herten blijve in afwaghtinge

3522 1252 770 150 diere van u antw

3500 1389 919 222 Sunten Robet burdge

5439 1387 553 221 Adij d ay 1715

3562 1576 2490 184 op 3 deser, was aen ul mijnen laestern waer aen mij gedrage, sedert become

3542 1662 2521 163 daengen van 23 passo met facture van eene bale N.8 menterende £130:5

3524 1790 2535 183 geladen int seip van Jan buridge danier, ick sal de couleurde sarges mede

3522 1887 2531 224 verwaghten niet twijfelende oft ueijtts genoegh sult hebben om de selve

3520 1988 2459 235 gereet te lryghen, eghter sendt die gereet sijn, al waert maer de hefft

3519 2109 2551 179 tot u naright mijn broeder kar michiel heeft mij de £9:11p goet gedaen

3518 2283 2450 142 soo hebbe u daer vooren gecrediteert ingeslote remittere ul s134:-

3521 2412 2527 149 ten laste Edward froud in london waervoren het nodigh gelieve te

3502 2501 2555 216 besorghen & den ontfangh tadviseren aen die naer cordiale groetenisse

3521 2667 225 147 beijn

3466 2776 975 175 P. a gillis Jan Coppenolle

3537 2902 2471 167 hebbe op de borse een brrefie gerescontreert van £82:18:2 en wisselgelde

3508 2988 2544 176 dat hier benevens u remittere waer moren mij gelieve te coediteren en ƒ 491:9

3517 3112 2154 183 wissel gelde & den ontfangh adviseren aen die blijve als vorenn

5371 3270 661 175 Adij 19 aug 1713

3411 3255 740 217 turnhaut Jos vuaghs

3533 3354 2512 160 sedert, dat ue huysvrouwe hier gesproke hebbe van niets vernomen hadde

3501 3481 2566 165 eghter in afwaghtinge geweest dat u eenige tijken soude toegesonden hebbe

3506 3585 2566 201 dat niet gedaen, soo u sal geene meer gelieve te senden voor dat voordre

3489 3715 2569 184 comissee beseme van Englent omdat morgen de selve gaen op packen

3494 3825 1453 177 dit sijnde het noodighe deser a dat blijve

5556 3879 486 195 Adij d: 1715

3427 3918 988 159 turnhaitt Egidius samen

3508 3953 2551 249 hebbe beyde iu aengename can gistren wel ontfanghen benevens twagh

3512 4134 2516 171 ps tijken ue seght dondergagh noch 4 a 3 ps sult gereet hebben, die meij

3520 4226 2546 124 die met dienen connen, om dat mergen, sonder faut doen oppacke

3494 4338 2522 136 soe sal u geleve die bij te handen, tot dat voordre ordre becerme van
