8296 4651
2682 238 543 183 Adij 5 Julij 11715

863 212 786 207 Turnhaut Coadius Saenen

1002 339 2354 161 den ue van 14 deser wel ontfanghen, benevens het packie tijken, die met

996 478 2360 148 de andre naer sien sal, terwijlen ie seght sondagh noch wel tops geree

983 564 2379 167 sult hebben, gelieve die toe te senden, om de partije te vergrooten, oorders

993 661 2341 225 versoeke van met den eersten over te comen uyterlijck binner 8 daeghen

995 806 2332 193 van u mondilinz te spreken a te reguleren, voor de voordre partijen

1008 915 2320 155 recommandere, van niet na telaeten van te comen want moete

1009 998 2342 229 de faiture na englant senden, dat eghter met doen can voor iue

1004 1148 2344 194 gesproken te hebben u over omste afwaghtende blijve naer cordial

1009 1320 423 163 groetenesten

2764 1306 606 244 Adij 6 Juliy 171

895 1417 755 234 London John tatnall

1002 1536 2289 205 ue seer aengename van 10 a 20 past wel ontfanghen, bij den laesten

1004 1642 2285 175 sien u hgh submitteert ontrent het betaelen van de tijken in

1014 1769 2356 160 wissel gelde, dat alles nu wel is hebbe gistren de 120 gis geordoneerde

974 1866 2381 240 tijken ontfanghen, sijnde geassorteert naer u ordre & sal die met der

1016 1970 2353 211 eersten laeten op packen alen tuck Tine grutich sinnen daer

1003 2114 2352 199 om doen avan buyten moet grooven cauvas, wille wel geloove

1017 2216 2335 215 dat u tijken voor nu ontfanghen hebt die op den selven

1002 2347 2256 189 tijdt geordoneert hebt, om vande beste soorte, & van den

1005 2456 2295 208 betten maker te hebben, hebbe die expres laeten maken, soo

993 2578 2364 212 dat niet twijfele, oft sullen u genoeghen geven p naeste, heeft

1002 2693 2174 221 u de facture te verweghten a blijve naer groetenisse

832 2830 949 179 siverton Will & sams lewis

2785 2879 475 169 Adij 9: 1715

1020 2982 2330 155 beyde u seer aengename, van 25 meij a1 past. wel ontfanghen

1001 3073 2364 174 met den eersten facture a staelen & cognossement van ben pack drogetten

1018 3141 2285 216 beloopende st £64:18:3 en geloden in Jan 6wings die behauden is

1006 3284 2332 181 gearriveert hebbe het selve pack alhier wel geconditioneert ontfang

1007 3389 2361 202 soude die overlanck de waerde geremittert hebben, maer can soo

978 3496 2362 203 lijne apoont tot nu toe met becomen, eghter sal trachten het

1004 3604 2364 196 selve noch op de borse sien te becomen, sal sien hoe de drogetten

1017 3721 2322 125 aen de is. sullen vallen a soo die aenstaen meerdre ordenenen

973 3790 2390 245 dogh, dat is maer sonmer goet met u laeste seght de 80 geordoneerde

985 3946 2289 221 Drapeen, volgens mijne ordre avonge staelen besorghen sult

1007 4087 2362 187 om met het eerste vertreckende sup te versenden dat son

997 4187 2364 184 buridge sijn sal, soo geloove, alle u laeste gesondene goeden

1014 4316 2295 150 hebbe noch ij soo dat die eerst, wat moeten versuijven er

5989 181 51 79 1d

3594 219 2507 170 andre can ant bieden, het is nu en het doorste van ten tijdt groete u van herten

3543 313 361 144 & blijve

3569 422 2529 168 p ingeslote remittere ul: st £64:18: ten latte Jan herm advique olmius w

3570 545 2513 179 lenden waer vooren, het noodigh geleve te besorgen oeden onfangh adviseren

5428 672 564 184 Adij 6 Jully 1715

3466 651 814 225 Sireton Robert baridge

3562 848 1972 147 op 26 passt was aen ul mijnen laesten met cenfirmatie van

3576 904 2446 185 23 pett: te vermeerdren tot 60ps als mede ordre voor eene bale met 60 sarges

3569 1042 2519 167 ngsy tweede voet volgens instuctie & staelen als dan mede gesonden referrende

3558 1119 2546 177 de mij al noch aenden selven arecommandere de couleure precies na

3575 1236 2516 186 te comen, a van clijne & fijne men gelinge a goedt goet sedert geene van

3558 1356 2545 182 e becomen, blijve eghter in afwaghtinge te verstaen, dat u de baele s

3540 1474 2479 163 N.7 met 25 perpet. te waeter op londen sult hebben versonden desen

3550 1579 2539 229 pincipael tot ceuverte van dingelijde remise van  £120:- ten

3543 1721 2386 171 latte hermadrigue olnue in senden waervoren, het noodigh

3560 1844 2520 186 geleve te besorghen aden ontfangh deser t'advisseren aen die naer

3530 1980 1012 181 ordrale groetenisse blijve

5272 2142 737 200 Adij 6 Juny 1716

3467 2101 1030 241 Sinton Henriy Boleydon

3549 2270 2542 175 op 9 a 19 pass. waeren aen ul mijnen laesten met den eerste remise

3537 2382 2510 193 voor st£100:- ten laste diego mendes daer van den ontfangh van

3557 2484 2538 179 u noch geen advies en hebbe, al hoewel andre vrinden van costij mijne

3557 2629 2459 134 brieven van den selven dato beantw. hebben, soo ben verwondert,

3529 2718 2510 165 van u stil swijgen heydt ten minste aes u remittere ist redelijck

3537 2848 2491 182 den ontfangh aenstens t'adviseren, twijfele eghter niet, oft de

3537 2981 2488 179 selve is sal sijn wel geworden, even wel sende aen ue hier

3558 3079 2544 194 benevens den seconde, om in tijdt van noode sigh daer voren

3536 3173 2552 209 te bedienen met den laetten, hebbe u al noch geremitteert  £100:

3555 3354 2441 118 ten lasten stephen craegh in senden & daer benevens staelen

3546 3449 2491 195 gesonden van drogetten, segge voor 30 a 40 ps van den besten

3537 3591 2501 174 maker dat met desen noch mael confirmere & seggen dat van geen

3542 3715 2533 145 andre begeine, want men heeft met die noch moyte genoegh om

3531 3804 2531 200 aen den man te lrenghen soo employeert niemant als desen

3521 3944 2514 204 man voor mj u bekent a laet hem maeken, tot 30 ps naer mijne

4191 4080 176 86 patt

3532 4016 2568 273 staelen van 19 geter & noch naer dese ingeslotene staelen die sult

3526 4177 2457 267 gelieve bij de voige te placken & de nombreeren als volght ck
