8344 4637
986 186 2282 160 Present noch wel 2000pd in huys u van herte groetende

968 283 526 174 Blijve

1192 378 2107 125 eene bale mode sarges naer het staelbochie van 25 gbre lest

982 456 1672 169 ue gesonden in 4 setts ider het van 15 ps sjn

2891 477 295 157 60 ps

1022 547 1781 180 gemengelde coffees naer N. 31: 32:33 van ider al

2874 596 321 206 30 d

814 625 104 154 Lene

1031 677 355 114 even veel

1098 670 1786 214 groen schades oft geele haer ƒ40:41:42: meest naer

2784 769 384 204 „15

997 842 319 151 N. 42

2931 903 268 144 15d

993 866 1592 202 bleu schades naer N. 43: 48:61:62:65:66

2792 962 80 75 „

2808 1084 444 114 „120ps

972 1074 2187 164 alle de schedes, moeten onder malhandren verdeelt sijn in ede

982 1209 1859 188 baeltien van 15 ps alf met blau g geele schade

970 1408 2306 216 moght noch wel 30 ps saeps senden naer N. 34: 3536:37

951 1522 2283 207 geen saghter waer onder eenige blau Loups gelijck N.59 in

994 1643 728 159 ider baestien 3 ps

966 1782 2278 124 dese ordre is alle naer u gesondene stoelen recommandere

974 1873 2066 142 de couleure precies na te cemen,  geen andres senden

850 2013 1125 215 rotterdam dmonijs verbargh

2661 2042 648 175 Adij 14 xbre 1713

999 2153 2237 160 ue seer aengename, van 12 deser is mij wel geworden waer,

956 2244 2299 182 bij sien dede spetien in soo gaete trek niet meer sijn, om

973 2330 2277 190 dat de wissel op londonn wat slapende is, gittren hebbe

989 2437 2241 186 wj brieven van londen becomen, waer medie de wissels

984 2543 2299 153 ieder gemonteert was soo ben van opinie, dat inte gaedien

1001 2644 2229 168 wederom monteren sullen, al blijven die eenigen tijjt,

982 2772 2295 136 order ue wat beriuffen daer is niet aen gelegen, macke de

990 2841 2345 132 occasie afwaghten recommandere daer ontrent mij n'intritt

991 2934 2259 145 te behestigen als eygen, sien ue die noch niet geworden

990 3072 2283 135 waeren daer niet van verwondent ben terwijlen mij gesijjt

986 3142 2239 160 is voor morgen u door den schipper niet sullen behandigh

982 3227 2263 191 worden, verhope eghter, van u overmorgen den ontfangh

996 3348 2247 108 te verstaen, soo die goedren, monteren gelieve te laten

979 3453 2220 132 weten om volgens te regaleren s van herte groet ende

982 3557 2320 117 blijve met presentatie van mij netn dierst piet versoeck van

983 3630 1353 175 d'ingeljde voortganck te geven

776 3738 1258 216 twerten herrij Blaydon

2638 3753 654 227 Adiy 14 t. 1714

991 3886 2289 198 op 6 deser waet aen u mij aen laesten, waer bij confirmeerde

994 3993 2274 145 mijne ordre voor 68 is coffees met name „60 d sender

1005 4084 2314 144 sondene & vergroete die 60 ps met name, tot 120 ps dat

999 4180 2323 137 met desen noch mael recomandere, hebbe ooes iu geremitteer

1009 4318 2204 123 £115:- ten laste driqne il mius a in london

3533 170 2455 137 van ders te serrere mij een den selve sedert te come ue aen

3555 203 2376 206 van 25 passe met de re courant, die naer gesien

3547 362 2438 129 accordt bevonden & terwijlen ue seght, op de bale 197 een speps

3513 429 2456 177 gegeven hebt voor de sorge, wegens, de affairens van Erdenborgh

3530 523 2465 172 soo sal de rek. tegens ie noteren &sluyte & op nuuwe rek credite

3515 659 2465 125 ren voor £73:16:2-, ain te gendeel sal u mij op de selve

3501 778 2397 122 crediteren voor die voors remise van £115:- tot ue governo

3522 836 2458 181 wat aengaet de affaires van ardenborgh, twijfelt niet, oft doen

3501 977 2452 134 devoiren dogh moet bekennen, tot noch toe de maght niet

3529 1050 2356 173 heeft iets te geven evenwel hadde belooft eenigh gelt te

3514 1202 2442 126 brergen, dat sijn anders doet waeren, van sijn vwouwe kant

3527 1283 2376 118 saude in goede hape wesen hij blijft daer bij dat hij sijn

3501 1387 2404 170 selven, met hun goet soude redderen twijfele niet oft ul

3533 1499 2384 123 heeft de sf £70:- genoten die m. wellens geremitteert

3513 1613 2477 150 heeft aen  allasen tot londen sijn de prevenie van de

3518 1705 1705 171 goedren die in allesels handen waeren

3499 1841 2433 200 P gelieve aen m. thorne te seggen dat voor het weede

3535 1988 2443 130 aenstaende schip eene bale van sijne sarges ordonerer sal

3523 2085 2459 139 dogh alle meest t schode der tijdt is te cont on hier ten las

3533 2234 2449 127 geven u beneven mons. thornee van hente groetende blijve

3408 2314 1044 200 dermonde Piere de Baut

5389 2375 379 141 Adij d

3534 2485 2436 154 sende aen ue heden p beurtschip op dermonde een pack gemarckt

3538 2584 2449 132 N:H:1 met 45 ps sarges voor rek van monsr nicolat franceis

3531 2675 2455 130 le lieire van ath u sal geliene sijne ordre te volgen, synde

3529 2756 2385 131 drogh gwel geconditioneert ade waght al hier betaelt soo

3527 2831 2446 184 franco van alles het noodigh wert u van lerten gerecomma

3520 2982 1807 154 deert ul van herte groetende 2 bllijve

5251 3067 559 205 Adij d. 1713

3431 3103 919 182 bergen nicolas hamalt

3514 3211 2477 134 Celle ne vous servire, que pour vous adviser, que le grand convoy avec

3528 3319 2453 126 des sarges ett bien arrive (grace a Dien j ayant este sie semaine

3526 3415 2467 164 sur la maine & souffert de grand orarages qmesme des autres battenux

3534 3513 2433 158 qui ent fait le froiuge avec luy, sont perie de vans la ville d'oft

3517 3635 2452 123 ende, deeu veux conssoler les interessied, ji'ay presentemant une offor

3504 3663 2491 206 tement, sans pareille dans en sarges perpett. drapee que droglet. les

3511 3794 2459 192 plus a la  mode s'il ya quelque chosez a vre service ay oy la

3523 3920 2351 140 bente de commande & croyez mons. que ie vous servirez

3536 3996 2446 150 teujours tres fidellemant comme j'ay fais jusqua lette heure

3492 4138 2489 160 sur quoy vous pouvez vous fier ie vous salue & suis de tous mon

3502 4265 465 153 coeur
