8303 4651
996 212 2351 95 senden, sijnde mede u eijghen intrest, sal ge naeste, noch wel eene bale

1007 292 2292 156 sarges van u twee voet ordongeren naer de stalen van 9 ganua. 1715

1002 428 2288 140 u toegesonden de meeste olives naer N.5:6 contrent 30ps naer

1002 442 2351 223 N.10 seades anaer het ander blauw seade sonder N. oock sal eenige

976 600 2398 143 andre seades toesenden om de selve naer advenant te sorteren

1006 677 2401 197 tot e nanght, versoeke te adviseren wat ontrent de perpett. sult

1012 774 2343 223 effectueren a in afwaghtinge blijve naer cordiale groete nesten

1324 888 1533 200 voor 60 perpett om op londen te tersenden

1519 1012 857 145 30 perpett. van 80 ƒ

1501 1105 863 159 „ 26 ditto„ 70 ƒ

2088 1196 265 130 „60 d

1505 1217 410 134 „10 ditto

1472 1295 995 208 60 ps un ome  acle

852 1451 861 262 London Jan datnelle

2668 1567 639 186 Adij 19 Juny 1715

1000 1634 2373 208 ue aengenamen van 30 pass. wel ontfanghen waer bij verneme, dat

1010 1802 2307 168 u blijft persisteren van 16 p te verwaghten dat een ongefondeerde

989 1917 2313 176 pretent ie is terwijlen de tijcken in wissel gelde bedoenghen,

998 2015 2297 167 &gekoght sijn niet in courant hebbe u wel duijdelijck de prijsen

972 2114 2313 199 genoteert in wissel gelde a dan can men de 16 niet vraghtn

1007 2208 2321 171 ick segge, dat daer niet t stuyver van de mekers can aftrecken

1015 2274 2314 224 ick hebbe selfs partijen voor mijne rek naer cottij gesonden &oock

1012 2405 2207 189 in wissel gelde betaelt, ick pretendere niet meer voor mijne

1007 2550 2220 177 provisie als 2 &  & magh oock op geen derseyen maniere

974 2647 2317 205 daer iets meer van hebben, soo iu moet gerust sijn dat ick de

983 2763 2260 211 tijken volgens de genoteerde prijsen in wissel gelde betaelen

1011 2873 2334 189 moeten sonder iets te costen, oft te profiteren op de betalinge

1025 2967 2332 202 iek met u geene questie, derhalve gelieve te laeten weeten ofte

1017 3096 2348 169 in die onredelijcke pretentie, soude blijven persisteren, soo sijnden

1018 3207 2210 160 moete u bedancke voor u commissie want ic soude 2ƒ

1016 3295 2335 218 profiteren voor mijne moijte au pretenderen 16 x: soo soude

1027 3426 2297 182 it be van het mijne daer aen toe leggen. ick sal de tijken

1011 3534 2352 172 niet versenden voor alber u antw: become moete groete portijen

1031 3678 2170 188 tijken aen andre vrinden senden maer niemant die mij soo

1029 3831 2313 132 eene pretentie voordraeght tot unanght uant u te gemoet siende

1001 3891 1124 198 blijve naer cordiale groetenissen

5938 183 172 144 21

5287 228 652 172 Adij 19 Junij 1715

3484 236 931 185 Twrten Henrij Boleydon

3587 372 2408 174 op 5 deser was aen ue mijnen laesten met remise voor st £100:- ten laste

3583 480 2425 184 deys mendes in london, voorders referrere mij aen den selven sedert become u aen gea

3586 574 2460 156 van 25 past met facture estaelen van 15 drogetten beloop ende ste £50:

3608 720 2463 160 :6 en geladen en Jan Ewins gunior die behanden tot ostende is aengeme

3574 786 2477 145 sien wat u serijft ontrent de drogetten van 17a17½ in die sleghter sijn segge

3587 936 2392 144 tot antw. dat van de soorte geene begeire maer alle van de beste

3580 1016 2429 173 maker, want can die slechte niet quayt geraken  blijven leggen, als

3576 1108 2470 217 stanen & dat doet geen plaiser soo laet dan alles van den besten maler

3579 1210 2532 245 gemaekt worden, moete claghten doen dat die inde baele & 35a 42 segge

3561 1363 2549 187 veele van soo groote groove mengelinge sijn dat de coopers die niet hebben

3567 1495 2541 191 willen, daer versoeke vrindelijck van daer goede aght op te nemen, & geene

3551 1611 2483 145 te senden, als die van clijne a fijne mengelinge sijn, levendigh van coleur

3544 1710 2523 184 a wel bedecht laet dan eene baele, van 30 a 40 ps maken van den betten

3557 1799 2547 205 maker naer dese ingeslotene staelen, geene lighter, daer bij te doen, want die

3561 2005 2514 165 blijven mij bij tot u naright, sarges hebbe noch niet noodigh, groete u van

3565 2112 581 147 herten blijven

3529 2180 2578 212 S. ingesloten remittere ue al noch stl £100:- ten laste stepken craegh

3570 2320 2527 187 in londen waer voren het nodigh gelreve te besorghen oeden ontfangh tad

3569 2437 1887 166 isseren aen die blijve naer Cordiale groetenissen als vore

6019 2494 124 175 t

4984 2544 107 185 16

5052 3153 73 149 13

5017 3309 118 124 14

3509 3506 2498 149 dese staelen, sijn alle van Clijne a fijne men gelinge & seer goede couleuren, soo laet

3532 3581 2451 143 die precus nacomen, veele van N:8:9 seer goet, alle van den besten makens

3539 3737 2237 133 oft geene, bewaert dese staelen wel, om vorders na noch t'ordonerenn
