8358 4637
1073 224 1713 167 te gemoet siende blijve naer Cordiale groet enissen

1461 316 1622 196 In schip van Jan Pwings voor Rek. van Di G: melijn

1303 439 871 172 1 pack NS. met 60 sargie

1342 537 830 141 1 ditto „2 .„60 ditto

1333 624 823 136 1 ditto„3„40 ditto

1332 701 839 172 1 ditto 83..„50 ditto

1353 798 826 178 1 ditto „ 84 30 ditto

1347 897 839 173 1 ditto „ 85„50 ditto

1335 980 867 202 1 ditto  33„ 60 ditto

1353 1087 1204 188 1 ditto „34„ 20 ditto drogetten

1899 1210 305 203 270 ƒp:

958 1349 2336 162 soo even become ue geeerde van gisteren, referrende mij aent

1081 1471 921 151 voors & blijve als vooren

2835 1533 475 193 Adij 27ment

891 1556 892 194 tiwerton Nb asamiseuis

1081 1699 2224 120 op 20 deser was aen ue mijnen laeste met remise voor s 183:14:

1072 1805 2224 145 voorders referere mij aen den selven sedert become u aengename van 5 ditto tot

1075 1863 2285 168 antw: terwijlen is seght de drapeen sonden 37 p. aen boort costen, soo maghs

1062 1986 2275 136 die niet hebbe, om dat de coopers de drapeen self minder willen coopen

1073 2062 2273 178 als de beste sarges 22 gdy sult eghter de sarges bastardes besorghen aey de

1077 2161 2352 171 weeten 60ps: in eene groote baele opgepackt in hier sijne baectien ider baeltue

1051 2270 2323 151 van 15ps. naer de staelen a intruetie op 22 xber lest aen u gesonden, segge van de

1038 2360 2265 160 22 gdj bastard soort van 34 ƒ soo ende gelijck de gesondene baele  u

1060 2482 2318 136 sien de staelen van u drogetten die gans niet geperst sijn de couleuren sijn

1043 2574 2293 141 oock niet gelijck die hebbe moeten, wille wel eene preve met is nemen, soo

1042 2675 2227 126 gelieve 20 ps te besorghen, naer de staelen vinstnictie als aen den voet

1047 2746 2250 144 deser dogh alle clijne fijne &levendighe mengelinge wel bedecht, a boven al

1058 2852 2314 150 wel geperst, oft anders sijn die niet vercoopbaer daer sijn 7 van u stalen die

1042 2961 2318 136 hennen passeren die hier mede ordonere dogh die goedren moeten beter geperst

1042 3065 2340 172 sijn versoeckende ul antw. oft u die pr. buridge senden sult, oft niet om vervolgens

1042 3165 2320 129 te reguleren John pwings Junior is goot sof behanden tot ostende aengesomen

1038 3276 927 162 groete ul van herten & blijve

2183 3255 866 186 vor 10 ditto drogestan

1873 3348 129 156 „6

2194 3412 580 112 van 18 pencce

1024 3380 165 144 r

2306 3441 1069 187 1ps. waer N.1 N.1 a6 syn

1128 3507 52 68 2

1896 3523 102 116 17

2637 3543 707 130 4ul staeltiers

2276 3580 217 116 2 ditto

2322 3629 153 140 d

2637 3666 156 105 „3

1926 3659 102 193 8

2637 3763 168 106 „ 4

2625 3843 164 130 4P

2298 3871 119 76 10

1902 3858 86 167 9

2686 3922 119 111 6

2287 3928 145 115 1d

2273 4012 140 114 2d

1885 4051 104 119 10

2282 4096 476 126 2d„8

2299 4186 121 121 3d

2270 4278 125 101 6d

2572 4207 266 188 „ ƒ10

2277 4288 253 151 20 ps

3492 189 953 166 fwerton Beressneck marck

5473 216 581 149 Adij 27 meirt 1715

3606 309 2438 118 op 20 deser was aen ul mijnen laesten met remise voors £100:- ten laste

3585 381 2446 105 Edwars frouwe in london, die was gaccepteert voorders referrere aen den selven

3596 483 2393 143 sedert become ick aengename van 9 deser dien volgens, sien het restantie van

3588 547 2461 181 mijn ordre benevens de 60 bruyn cosse naer N° 26: 27. 28: 29a30 sult besorghen

3578 639 2436 193 op Jan buridge dersenden, dat wel is, gelieve bovendien te prepareren

3586 755 2466 174 Iwee balere drapeen ider met 40ps als oock noch twee balen met loups ide

3589 830 2455 205 van 60 ps. naer de insteetie &n gesondene staelbock als aen den loot deser

3558 938 2473 205 genotart recommandere Boven al de loups daer wel het meeste bij verlegen ben

3551 1026 2504 196 gelieve t'adviseren, ofte u dese geordoneerde goedren besorghen sult om met

3554 1112 2495 205 heridge te versenden om vervolgens te reguleren, want soude anders die aen

3565 1215 2490 206 andre vrinden moeten ordoneren. seipper son Ewings is godt danck behanden fot

3571 1368 2458 165 ostende gearriveert sien u abuys ontrent de helft assurantie voor de baele

3551 1437 2419 185 N. 53 a 85. hadde dat van te voren niet nagesren sal u crediteren voor £

3541 1541 2515 209 £2:12 s hebbe het baettion & 2 75 geopent a bevinde die seer smal, wijnge

3555 1695 2440 162 breeden dan ben a onser maete dat niet wel is & de coopers daer niet aen

3560 1791 2451 162 willen, soo moet in toecomende daerbeter op letten, datse hun volle breede

3551 1926 2467 150 hebben: hebbe noch royaeles 24 gds genoegh, soo dat geene noodigh hebbe

3561 2033 1968 156 voor dat die wat verschuyven groete u van herten blijv

4781 2131 49 74 7d

3809 2138 1954 162 te prepareren voor daniel g melijn om met John buridge te

3817 2267 811 170 versenden als volghte

4259 2293 1116 218 15 Laupo naer £34:35.30.37:38

4272 2455 759 161 9 draps ..„ 19„24

4272 2539 855 147 6 prince cout „15.16: 17

4248 2612 1791 218 30 sed sijnde het restantie van mijn borrge ordre de selve

4443 2762 789 137 te vermeerderen met

4253 2847 1209 162 40 olives drapeen naer N.4.5.6:7

4268 2963 525 146 10 buijn rosse

4990 2966 571 131 „ 26:27:28:29

3815 2941 401 209 sijn 80 drapeg

4252 3062 363 132 16 draps

5034 3068 429 134 „ 19:20:24

5033 3115 713 140 „ 34:35:36. 37:3 8

5901 3121 124 145 33

4164 3107 458 190 & 20 loued

4222 3185 1799 178 110 sarges bastardes bette 22 gdy kuypo naer N. 34:35 3637

4288 3342 1550 154 10 ditto met Blaune wit a root gemengett „ 5

4197 3427 346 195 291 pp

4479 3560 797 162 te weeten 80 drapeen

4791 3626 751 209 150 bastardes ngry
