8392 4651
2676 232 640 134 Adij 15 Junij 2714

937 221 886 175 burnaut Cornelis Voets

1078 285 2262 187 hebbe gehien op mijn vaders saligers bocken, als dat ul hem bedient

1071 356 2306 174 hebt in tjcken hebbe eene cmissie become van Englant om 100 pst

1059 500 2310 174 doen maeken 50 ps  drij segels ade 50 ps ½ drijsegels ditto naer het

1056 578 2248 210 engesloten stael gelieve op ontfangh deser t adviseren, oft u mij

1037 679 2260 197 daer van sont connen bedienen, op wat tijt &wat prijs waerop

1051 794 2122 214 al antwoort verwaghtende blijve naerd ordiale groetenisse

1044 957 521 196 blijve

2678 1058 585 211 Ady 14d 1714

907 1086 985 219 Aurnans Jan Ba. Pobert

1054 1199 2227 177 den 2 van 10 deser wel ontfanghen waer bij met verwonderienge

1053 1338 2292 148 verstaen u de getraeghde tijcken niet wilt besorghen is de gehule

1060 1396 2195 197 partije niet laet het eenige ps sijn want het iwemmers u het

1068 1510 2278 185 selve wat strepen de werck luyden maken soo recommandere

1053 1590 2282 184 eenige te laeten maeken op u gemaek sal dan noch 100 gis neme

1066 1712 2213 184 van de andre die e gereet soude hebben tot u governo. ben

1074 1813 2242 175 verondert u noch niet gedisponeert hebt van het impost Jan di

1061 1936 2213 184 laettes s0o gesondene cl dat doen cont als u gelieft verders ben

1088 2010 2154 208 met desen a versoekende van op donderdagh toecomende mij

1063 2130 2225 177 ravee capuijnen van te quaertar toe te senden om dat op ssans

1051 2196 2214 213 dagh eenige vrirden troeteren moete & sos daer noch eenigh

1073 2293 2193 232 ander wilt te becomen is versoeke mede te senden sal de

1078 2404 2209 189 de waerde u ten dancke restitueren in afwaghtinge dien

1071 2519 1894 195 oft d'andre qu antwoort, blijve na roetenese

2650 2648 641 190 Ady 25 Juny 1714

1028 2640 1115 246 Brussel Stephone rousseau

1026 2759 2246 251 j'aij bien recue la chere vre du 23 court y jont deux remises

1078 2819 2260 265 ensemble de ƒ3435:11: de change pour les quelles ie procurrerez

1075 2983 2290 199 le necessaire &ie tacherez de vous resmettre la velleur sur brusselles

1072 3078 2281 222 car pour des lettres sur paris payable en x bed prochain a 69 &

1084 3160 2214 244 ne sont pas a treuser puis qu'ons at offect la semaine passe

1090 3288 2118 230 11 et sur quoy vous pourez vous reguler cependant si vous

1108 3409 2204 228 avez occasion de tirer sur moy tous pouvez le faire et disposer

1108 3529 1477 201 enturement de celij qui est

5872 219 134 68 43d

3455 225 788 177 Sperton Bereglneck marcho

5429 249 596 156 Adij 27 Juny 1714

3585 331 2404 145 ue seer aengename van 29 meij die eenighen tijdt versve helt is geweest over een dagh

3574 425 2447 106 oft doij maer eerst ontfanghen die volgens, sal de geordoneerde goedren te gemoet sien

3566 520 2456 133 Je Jan buridge can a de bliyven naer mijn stael, van 12 meij ditto, laetse volsal

3566 635 2456 117 segh gemaekt wordens naer dit ingesloten staeltien sijnde N5 van mijn gesonde

3565 704 2484 137 ne staelen op 30 april 1711 geloove de ladinge van buridge wijnigh avanceert om

3568 764 2490 178 hier niets te doen is hebbe dit jaer noch geen 700 ps. vercoght nu moete beneven

3575 867 2345 152 andre patientie hebben, want t gaet met alle negotien het selfden soo detter

3582 997 2440 140 present wijnighe oft geene en is verhope den goeden godt het soo danigh betteeren

3561 1078 2472 145 sal dat men intoecomende betere negotie sullen hebben, goccasie sal verlee

3588 1184 2437 111 nen onse droeve achtorstellen te recupereren hebbe al getraght u te remitteren

3565 1290 2438 145 dogh de hooge cours van de wissel heeft sulckx belet, de wissel is van londen

3576 1409 2377 152 gecomen a 36:6 en ade treckers hier willen den selven prys hebben, soo datter

3567 1466 1775 168 eghter niet aen te comen is dat niet can blijven staen.

3572 1573 2416 162 sien wat u noteert onfrent de versoghte perse ick soude die soo groot niet soecken

3576 1681 2376 151 laet maer een sijn dingetie macken daer gemackelijck baeltans van 15 a 20 pij in

3561 1764 2450 162 konnen gepackt worden, soo gelijck u baeltiens sijn, geloove eghter met de werck

3584 1859 2367 94 suyden, daer iets tegens souden hebben an can dat wel bedechtelijck versenden

3568 1947 2360 154 sout mij seer verobligeren, want mijne goedren, die sol leggen verliesen hun ue persie

3560 2041 2425 137 a sijn dan hier qualijck aen den man te brenghen soo laet n considereren wat

3568 2151 2363 136 plaiser u mij daer mede soude connen doen het persie, soude op sijn selven

3575 2245 2443 155 moeten staen dat men het aer deen sijde setten een als men het gebruyc hit

3547 2333 2395 180 heeft u sout mij mede plaisir doen van daer van een aftackeningh te senden

3577 2472 2305 131 sal p naeste de facture & staelen verwaghten & bsijve naer cordiale groetenisse

3464 2541 724 172 London Charles hamitton

5353 2573 447 145 Adij d 1714

3580 2608 2376 214 op 13 deser, was aen ue mijnen laeste, met notitie van de prijsen Jan de tijcken in

3549 2771 2410 90 N.2 die geladen is in frarcois montack volgens ingelijde cognossement, sedert van u

3576 2867 2422 115 mets vernomen & hebbe antwoort becomend van de andre tijck maekers ontrent de

3582 2947 2431 113 100 ps clijn strepus naer ue stael segghen cont uyt uyt die niet maehen willen

3563 3038 2370 126 soo dat geen hope hebbe van die te becomen dat mij van herten leedt is

3560 3109 2402 177 de vrage, naer de tijcken is seer groot gsedert het pack N.3 willen die

3556 3243 2411 119 wederom hooger vercoopen soude wel een ander derde pack laeten comen

3576 3362 2385 110 soo e cans soude sun de meerder naer advenant soude connen vercoopen

3536 3449 2497 143 de wissel blijft hier al even sseght val hoe wel die van costij gevallen

3562 3528 2450 117 is afgecomen ot 36:6 en a 7 et willen de treckes hier den selven prijs hebben

3554 3647 2425 129 dogh daer is geen gelt hope het tghter eens beteren sal, ue antwoort op

3561 3744 2459 142 mijn vorigen a desen, met verlanghen verwaghtende blijve naer cordiale groetenef

3571 3830 139 111 n

3566 3908 2453 196 fravceis montack staet met den eersten te tertrecken, sijn arrivement, sal

3580 4051 1005 147 met plaiser van ue verremen
