8372 4644
1007 122 2300 170 Jau

1057 243 2279 156 dat ue daer toe tijdt genoegh gehat hebt hebbe ue geantwoort die te

1076 298 2348 187 besorghen, als meet andre meerdre partijen, soo dat niet weete wat denise

1058 393 2353 175 segge noch mael dat gelieve te senden al die u geseet heeft alwaets

1070 482 2319 187 maer 10 ps oft meer & laet een goede partije maken op mijne staele

1046 587 2223 172 van . Jaanj 1714 ue gesonden, tot 100 ps toe dogh precies

1051 698 2326 177 na de staelen, elle clyne & sijne mengelinge, wel bedeelt egepest

1071 761 2253 185 om p naeste convoij te senden, versecke u ant we oft ul

1009 854 2331 217 die besorghen sal, oft niet om mijne mesures na advenant te

1064 968 2216 178 nemen, want soude anders aen andre moeten traghen in

1064 1076 1660 174 af waghtinge blijve naer cordiele groetenissen

2785 1156 267 110 mooren

1046 1182 2311 218 soo de staelen dan de 4 baettiens geordoneerde sal ontfangen

1057 1296 2279 150 sal u remitteren gelieve niet bwings soo haest vertrecken sal

1074 1375 2308 165 even wel sal met deren selven wat van d'een  dander verwaghten

2740 1455 626 194 Adij 9 mart 1715

888 1541 1096 193 Swerton Bere& Cnech marck

1063 1594 2331 168 ue aengename van 12 pass. wel ontfanghen daer beneveno factur

1075 1681 2251 193 en staelen van deij baelen  N 83 a 85. bedragende st £ 259:6p

1071 1774 2299 243 geladen in Jan bwings die hebbe nagesien asijn in couleuren wel

1068 1909 2282 130 maer bevinde de royaeles 24 gby in qualitijst seer seeht, sijn seer

999 1964 2333 179 daet seyndigh ben niet gewent soo sleghte van ue oft andre

1048 2038 2293 246 vinden te cnighen de couleuren sijn goet, nu manquerenden

1036 2157 2261 181 van mijne ordre 15 faps 9 draps a s prinse couleuren

1043 2272 2353 167 die u seght met van luridge senden sult, dat wel is aterwijle

1045 2361 2329 199 mij buijn cosse manqueren sult die vermeerderen, met 60p

1076 2456 2302 193 naer N: 26. 27. 28. 29 a 30 van ider al loen veel wat vwordes

1085 2578 2287 175 noodigh hebben sal den tijdt moeten aen wijsen daer is noch

1072 2700 2200 162 int minste geen debeet de negotie, heeft noyt in soo groote

1071 2750 2301 184 heerlage geweest, godt betert sal u coediteren voor £4:12:0 en

1061 2897 2306 155 voor alf afsurentie van de baelen 63 a 85. & het stael toe sen

1078 2962 2325 166 van de drapeen in N306: verwaghten, als oock het cognossenet

1065 3061 2314 175 van de goedren die en bwings geladen sijn, soo op de borse ten

1066 3203 1961 141 reghten geraken can sal u hier benevens remitteren

1078 3270 2240 193 wij hebben hier op den 3 deser eenen overgrooten water vlaet

1089 3360 2232 177 gehat de heeft van onse stat heeft onder vwater gestaen, dat se

1051 3458 2328 144 met seuyten over de straeten hebben gevaren veele mensen gooede

1047 3550 2303 139 seade geleden a daer sijn veel dijken door gebroken, soo dat

1059 3621 2329 166 de landen hier ontrent meest alle onder water staen vale mansin

1071 3729 2309 128 verdroneeen in hollant is de seade enbesrijfelijck, terwijlen de

1073 3805 2274 176 packhuijsen meest onder water hebben gestaen, het is te vreese

1065 3914 2290 159 daer groote minen uyt comen sellen, ick hebbe int minste

1080 3997 2215 187 godt sof niet geleden om dat op t hooghte van de stal

1075 4124 2281 137 woone & geen water gewaer geworden ben godt wil alle

1063 4224 2341 119 de perliesers ventroosten, men vist noch allen daer hen doede

1070 4295 2187 140 sichamen die van alle canten comen aengedreven

3603 183 2454 113 het inhelijcke aen tre tot el het selve te kensehanden, desen e bet en 1:

3600 234 2466 163 hooger van water geweest, als intjaer 1682 a noiydt soo sericklijck gesien groet

3593 324 708 148 ul van herten blyve

3497 423 828 167 brussel Cornelis le fays

5401 397 630 182 Adij 41 meirt 1715

3598 538 2459 119 ul: seer aengename van 8 deser wel ontfanghen daer benevens drij ftaebboukies

3594 614 2463 120 wederom waer van ul heeft het vierden behanden, te weeten N.3 dat inge

3578 698 2412 146 volge u ordre op saturdagh p beurtscip u toegesonden hebbe &gemarckt

3591 828 2475 117 D:1:5. & terwijlen afo geen tolbrief hadde, soo hebbe den mijnen mede gegeven

3580 874 2391 186 ingeslote heeft u de facture van 8 ps voor ue rek. bedragende ƒ198:-

3580 999 2402 169 wissel gelde waer voore mij gelieve te crediteren & het ander facturken

3576 1095 2297 125 aen mons. Jan d: de nemer te behandighen, sijnde voor de 3 andre

3576 1164 2475 158 resterende po. hebbe die gestelt a ƒ24:15 om dat de geheel baettien

3571 1207 2503 229 nempt gelijck mons. van dries gekoght heeft ue is gecreditert voor ƒ200:-

3553 1355 2514 202 aen dheer rousseau hebt getelt & het sal mij ser aengenaem sijn als ue

3579 1437 2491 219 noch sal gelieven te betaelen als mede monsr de Wermer, hebbe groete

3566 1575 2504 169 semme gelts noodigh, waer in ue verders dienst can doen gelieve te

3544 1684 2487 222 commanderen die blijve in afwaghtinge d'eere van ul hier te sien

3539 1827 1005 178 groete ue van herten

5406 1906 561 167 Adij d.1715

3469 1972 1040 192 Brussel ancelimo de Broe

3562 2053 2453 205 ul aengename dan 9 deser wel ontfanghen benevens het swert perpet dat

3572 2197 2444 138 met mijne boecken, hebbe geconfronteert abevinde dat op 13 april 1710 aen

3560 2259 2478 197 ul geense goedren gesorden hebbe, maer wel op 20 aug. 21 gber 23 sber

3569 2324 2490 191 int jaer 1710 bevinde inde partije van 20 auy. 1710 voor 16 sarges &s perpet

3542 2466 2443 145 waer onder staet een perpett. N.5 a ƒ50:-, soo dat wel verwondert ben

3557 2525 2454 205 ue seght het selve ƒ 52:- gekoght te hebben hebbe alle de partijen

3537 2614 2456 209 nagesien & geen perpett. daer onder bevonden, soo dat het seherlijck het

3525 2711 2498 211 pp. is van 20 aug. 1710 A.5 van ƒ50:-, gelieft u facture na te sien

3521 2821 2473 174 au salt alsoo bevinden het sal mij lief sijn deere te hebben van ul

3518 2913 2527 168 hier te sien & is mij leedt de couleuren van de drapeen niet sijn gelijck

3544 3028 2429 146 ue wenste te hebben groete ul van herten &blijve met offres van

3541 3154 490 156 mijnen dienst

3499 3274 142 82 h

3531 3217 2294 227 . hebbe ue kek gecrediteert voor het swert perpet N.5. a ƒ50:-

5492 3384 503 166 Adij d: 1715

3459 3423 888 183 Bergen Charle A. Largle

3546 3511 2465 170 apres une voiage que j'ay fait pour des affaires presentes venant a lagie

3556 3576 2366 173 je me trouve honnere p l'aggreable vre du 7 me court pour reponce jay

3532 3645 2482 214 de saye de vous envoyer les 6 ps sarges & les 6 drogetts avec le perpettuaen

3526 3751 2488 196 blanchie jusqua present a raison, que le perpet. est entre les maixs pour

3531 3850 2466 214 blanchier & comme nous avons eu un temps humide on ne la pas peu

3513 3941 2476 233 faire chessir & ie n'est pas encor pret, cependant puis que vous est si

3530 4030 2465 240 presse ie vous envoyerez les 6 sarges & les 6 drogetts marcredy prochain

3532 4139 2454 223 p la barque marchande sur bruxelles a l'addresse au s belle rose

3504 4261 2513 182 chaitier de mons celon vre ordre mon comis m'a dit que le messagie
