7988 4665
877 182 2371 76 dat ul governo. sien dat ue niet schuldigh is te antwoorden ontrent die goedren die

870 241 2386 137 voor ue rekeninge staen segge noch mael dat gans niet gesint ben die aen te neme

854 344 2407 129 hier onder hebdij een stael waer naer de meeste sarges moeten gesonden worden

864 405 2397 172 is seer schoon levendigh, blosent, & sijne mengelinge tot noch toe hebbe geen

861 486 2359 187 meerder noodigh, alle de lest gesondene, staen noch meest gesloten ul van

861 586 742 139 herten groetende blijve

2368 640 828 191 schoon Adij 14. sber 1712

852 682 498 167 George Shorne

643 840 2583 144 lutue argenne den o passe vmere daeyen lenvres de chue bevent ede

846 925 2376 171 comp. die vervolgens is gesloten, sal e naeste de facture & stalen te gemoet sien

847 1014 2315 176 van de geordoneerde 60 gemengelde sarges, & soo ue goet, & schoon goet sendt

843 1093 2391 188 sal int toecomende meerdre partijen ordoneren, gelieve de bale in berridge

841 1179 2362 192 tunion te laden, om dat in compton al eenige packen hebbe, & hebbe gaerne

815 1231 1164 181 den risico verdeelt ue groetende blijve

616 1291 706 154 sverton kerij blagdon

2517 1329 596 133 Adij 14 sber 1712

854 1410 2363 151 ue aengename van 27 pasto als voore wel ontfanghen, hebbe ue gecrediteert

827 1460 2373 176 voor st £67:9:11 en betaelt aen mons: george thonne, tot slat van de

827 1607 2418 135 rekeninge van de comp: als ue de coffee sarges niet minden in prijs gelieft

814 1710 2363 131 te stellen, soo blijft den risics voor ue rekeninge als voor desen, hebbe present

828 1777 2388 149 geene goedren meer noodigh, als geordoneert hebbe, alle de blat blijven staen

848 1875 2363 184 als steenen, & tot noch toe niet een stucke verkoght, dogh hebbe eenige van de

846 1953 2312 202 beste coffees met den name gedebiteert, soo soude de resterende geordoneerde

833 2045 2335 169 bale welalf en alf begeiren te weten twee baeltiens van 31:6 en en twee

845 2149 2413 195 baeltiens van 35:9 e¾ de negotie heeft nogdt soo secht geweest, als tegenwordigh

839 2223 2372 199 daer is int minsten geen debiet, & de luyden willen dagelijckx de goederen

844 2315 2327 242 beter coop hebben, & daer wort, met de sarges principael soo gesilat, dat te

826 2420 2388 190 beter coop verkoght worden als die in engelant wel ingekoght worden

823 2563 2345 192 wel hopen, dat het met een generael vreede beteren sal die godtons wilt

820 2667 2430 178 verleenen soo op de borse ten rechte geraken sal ue hier benevens remitteren

827 2730 1057 172 ul van herten groettende blijve

632 2817 1018 162 geesberghen Antoni van op brock

2595 2837 613 190 Adij 15 3gber 1712

842 2918 2355 171 op 30 Junij lest was, aen ue mijnen laeste, waer bij beantwoorde den ue van 21 ditto

830 3060 2276 112 & noteerde mede, dat d'een houdent guldens wisselgelde van den bode schallier

826 3120 2449 170 ontfangen hadde volgens aen hem gegevene quitantie ue hadde als dan gisijdt

802 3214 2457 161 van de naeste reijse, het restant vant gene ue mij noch schuldigh is p ditto bode

833 3300 2375 151 te senden, het is nu wederom drij maenden geleden dat ue niets gesonden, oft

812 3363 2452 186 geschreven hebt dat sijn emmers quade conduitten, bidde met dese noch mael

803 3485 2365 95 van genaeste reyse van den bode mijn restant te senden het is maen ƒ 182:

824 3580 2354 145 wissel gelde. het is een jaer en 6 maenden geleden, dat ue de leste partije

810 3677 2442 121 gesonden is, soo gelieve sulckxx te consideren, & dan vertrouwe dat ue niet

835 3768 1975 160 langher sult tarderen om mij te voldoen, in afwachtinge blijve

614 3808 904 151 geesbergen PPieter does beeck

2639 3865 590 124 Adij 157 sber 1112

847 3953 2394 140 hebbe in langen tijdt het geluck niet gehadt van ue te sien, op 12 mans 1110 lest

825 4016 2353 132 heeft ue bij mij eenige sarges, & drapeen uytgesocht voor mons: antons van

828 4119 2419 76 op broeck dat nu ontrent een jaer, & 6 maenden geleden is, en kan van ditto van

830 4200 2438 94 opbroeck geen betalinghe becomen, heeft mij van tijdt tot tijdt met woorden

828 4285 2419 114 getrainneert, dat evenwel geen betalinge maken kan, vermits ue mij daer aen

3538 192 2467 114 gebroght hebt soo versoecke vrindelijck van hoon mij devoire te doen, op dat ick behoor

3562 269 2458 111 lijck voldoen worde, sal ue genomene pmoyte ten dancke loonen, in afwachtinge ue antwoort

3547 332 1511 144 als mede een goeteffeet & blijve naer groettenissee

3557 389 446 83 Cornetis Willem

3333 332 198 203 Gicb

5504 400 504 128 Adij 167 sber 1712

3539 451 2439 143 in langhen niet het geluck gehadt van oft ue bemende hier te sien, alhoewel ue slerte

3523 525 2441 116 verraght hadde, ontrent de gepasseerde leeft daghen volghens haer seggen, als sijde

3532 593 2431 157 leste partije op Pm pril hier sijnde bij mij heeft gekocht, wel hopen beyde

3541 689 2402 93 noch in goede gesontheyt sijdt desen principael om u te laten weeten, dat alle walle

3543 752 2438 153 goedren geniraliten in englant op geslaghen sijn, enstaen alle daghen noch meerr te

3561 857 2429 107 monteren soo om de duerte van de wolle in engelant, als om de goede hope van

3551 905 2365 130 vrede, hebbe present wel ontrent 3000 stucken sarges, perpet. drogetten ve bij

3556 987 2445 149 & om dat se soo groote employen gedaen hebben hebbe al wat gelt noodigh, soo sal

3560 1082 2435 144 het mij aengenaem sijn, soo het import van de leste partije gelieve toe te senden

3537 1147 2466 162 oft selver over dint, om sederom een neure partije te oopen, vant siydt verschert

3550 1232 2455 157 hoe langen ue waght, hoe meerder de goedren sult moeten inkoopen waer naer ue

3543 1315 2416 148 wel moght reguleren, & waer in capabel ue eenighen dinst te doen, gelieve te

3530 1396 1675 151 commanderen, die naer hertelijcke groettenisse blijve

5276 1530 578 145 Adij 16gber 1712

3299 1482 734 211 Cedios Louis Callebout

3542 1640 2432 110 ap 15 jullo lest was aen ue mijnen laesten, sedert become ue altijdt seer aengename van

3527 1721 2422 88 10 ditto, volgkens ue versoeck, soo hebbe de £85:5:57 vlaems rissel gelde betaelt aen

3529 1791 2461 120 mejouffrouw de wed: joannes Claesens, al hoewel mijne broeders hien contingent daer toe

3541 1881 2480 118 noch niet sochten te geven, & blijve in afwachtinge, naer depenningen van het overbleven

3539 1961 2480 140 gallon & vermits sien dat reede over gelevent waren aen de eygenaers, onder contributie van

3547 2008 2461 187 15¼  indulto & dat de commisionarissen hun gereedt maecken om in het eijnde

3547 2142 2466 115 Jan Junij uyt coruna naer costij te vertrecken, soo verhope voor nu hier goet arrivement,

3547 2227 2430 168 & int cort remises daer van te sien hebbe ue rekeninge op mijn vader sal isgesloten

3545 2309 2397 173 dat versoecke soo mede gelireft te noteren. wat aengaet de rissel van costij op

3547 2389 2408 182 amsterdam, oft parijs kan daer gans geene speculatie op maecken, om dat wij

3530 2483 2475 175 ons van spanien, oft branchrijck, niet seer te belooven hebbe, het is noch qualijck

3527 2591 2419 183 genogh, dat wij ons bemoijen met de ongelse negotie, die rij nochtans in den gronts

3533 2700 2385 144 verstaen om den slechten intrest die daer by te haalen is, met een vroont alle

3517 2763 2475 190 de negotien sijn verdorven, en sien daer geen beternisse in ten sij met eenen goeden

3548 2831 2437 204 genevalen vreden, die godt ons wilt verleenen, & wel met veele andre luyden wel

3546 2961 2461 165 ssponeeren dat het nu de leste camp. sijn sal watter van de negotictie

3377 3043 574 147 Ath andre lison

5377 3094 609 159 Adij 18 sber 1713

3543 3142 2372 167 ie viend de recevoir l'aggreable vre du 15 jesme courant p la quelle vre

3498 3250 2480 144 grace me demande des eschantillions des sacqes, pour choisir chez vous, ce

3523 3339 2401 203 qui m'est impossible de faire, a cause qu'on les at besoing icy tous les

3498 3422 2451 210 jours, & encor il est fort difficile de pouvoir deviner quelles couleurs vre

3503 3561 2470 125 grace pourroit avoir besoing, si vous auriez eu la bonte de menvoye

3527 3643 2424 156 vos eschantillions ie vous pourrois servier faculement, & jayez persunde

3499 3732 2386 194 que ie vous envojerez toujours de la melieure & su perfinne qualite

3512 3870 2491 139 nous il faut scavoir mons: que toute sorte de marchandise est cargmente

3505 3962 2474 158 en englatterre, les sacqet sont encherre d'un florin p ps. & pour avois

3506 4029 2492 159 l'honneur de vre chalandise, vre grace les aura pour ƒ 22:- estant

3509 4142 2464 178 le mesine prist que tous vos voilins ont donne, ie vous peut bien

3506 4213 2454 194 servire pour ƒ21:5 mais ie ne veust pas vendre cette sorte pour

3494 4330 2461 124 la premiere pralite comme font quelques uncsy qui ne font
