8289 4658
981 194 2233 120 ecomoder ayez la bonte de me commender & soyez persuadds que ie

966 259 2237 157 vous serviray tousjours tres fidellement en attendent l'onneur de

975 348 2268 144 vos ordre ou de vous voire icy ie vous salue & suis de tous mon coeue

761 456 946 198 Iwerton Henrij Blagdon

2693 462 576 188 Adij 16 aug 1713

2381 518 132 91 aen

992 554 1856 175 op 529 deser waeren aen uk mijne laeste, waer mij gedrage,

974 596 2252 185 sedert become u: seer aengename van 29 past be antwoordende de

987 740 2268 141 mijne van 26 & e9 ditto, waer by sien, dat de froyales noch niet alle

965 833 2229 133 gereet waeren, soo sien die p ewings junior te gemoet baridge junior

978 867 2277 163 hadde het baeltien & 203 mede genomen, die geloove voor nu tot

3080 988 57 58 20

996 964 2291 181 rott gearriveert moet sijn verwonderen mij, dat ue op rott doet

972 1074 2279 158 heden, sonder ordre want de andre goedren, langs ostende beter

981 1208 2260 186 coop comen, soo iffcrij op die bale niets d'aveneeren, sal morgen,

980 1278 2351 208 p rott schrijven voorders, sal de 60 ps coffees beste met name verwaghte

965 1378 2298 162 laeter mij 120 ps toegesonden worden in 2 packen naer de stalen, op

973 1510 2254 164 9 deser ul gesonden eenige wat lichter, maer niet bruynder alle

977 1610 2294 181 van de beste met name & wilt ue de 2 baoltans mooren sonder naem

971 1697 2216 179 sende, op de conditie, van 9 deser ben te vrede, dogh geene met

962 1815 2297 150 name, verneme, dat Cornelis van winge aen u geordoneert heeft

962 1874 2348 191 eenige beste coffees met name, wel ue wel seggens bij aldien ue hem

957 1983 2359 205 daer in bedient, dat ge ue selve g mij daer groote preeditie bij doen

961 2123 2239 149 sult om dat hij soo met de goedren clat dat ick benevens hem geen

981 2246 2276 170 marte ken handen, , soo saude ue goedren de reputatie verlesen,

978 2314 2302 214 bij niet meer gevraght worden, que siet wel, dat veele van ue coffees

966 2436 2292 186 debitere, soo ul mijn intrest, als heygen wilt beherstigen, soo sal

989 2556 2138 131 ice aen hem geene senden om reden voors doet gij dat ue

981 2610 2266 221 belaeft, dit Blijft onderons, gelieve mij te laten weeten, wate

992 2713 2283 196 ue daer ontrent, sal doen om volgens te reguleren, doet voor de

976 2815 2260 241 drogetten ue beste g besorght goet goodt g goede couleuren te senden

995 2948 2292 186 ue kan die op sijn gemack besorgen, als geschreve ul ante

992 3092 1709 155 verwachtende blijve naer Cordiale groettenisse

2692 3172 588 177 Adij 16 aug 1713

777 3172 1066 233 Brussel wed: PBorremanes

1011 3299 2289 137 sedent, dat de laeste rijse het geluck gehet hebbe van u. hier te sien

994 3420 2311 156 is het convoij met Engelche sarges behanden gearriveert & hebbe mijn

982 3517 2332 141 packen thuys ontfange, terwijle ue gevraght hadde, naer lichte blijve

997 3599 2323 162 drapeer soo sende hier ingeslote een staelboechie van 15 ps sijnde

993 3692 2222 137 van de alder beste gwaerte star met name, soo daer mede dienen

998 3781 2247 199 kan gelieve te commanderen als oock het geene ue voordet, saude

995 3909 2214 181 mogen noodigh hebben ul: antwoort verwaghtende blijve

1011 4027 906 188 naer Cordiale groetenisse

5897 197 80 92 37

3430 201 633 151 Ans Mouijs Verburgh

5362 223 530 138 Adij 17 auy 1713

3352 257 203 140 10d

3545 273 2423 159 in lange aen ul niets geschreve bij faute van occasie hebbe van een van mijne

3541 392 2464 120 vrinden van swerton advies becomen met brieven, van 29 pas dat hij voor mij geladen

3543 498 2408 101 hadde int schip, van schipper buridge sencor een baettien met t8 witte perpel

3542 549 2455 165 ider a 30. sijnde gemarckt N. 203 ditto schipper was altwee dagen te voore

3537 643 2436 161 vertrocken, soo dat niet twijfele, of is voor nu lanck behouden gearriveert

3527 727 2414 160 derhalve ue sal gelieve dat te verclaren & versenden, p eersten becert man

3543 843 2346 141 naer d'aude gewoonte gadvies geven van het geene sal sijn gepasseert

3525 904 1524 185 aen die naer vrindelijcke groetenisse blijve

5429 985 554 181 Adij 1Jaug 1713

3365 1034 893 160 twerton dere genech marck

3559 1066 2356 174 ue aengename, van 29 pasto wel ontfangen dien volgens hebbe ue gedebiteert

3544 1186 2426 167 voort begaen a buys in de prijse van 6 ps. prince couleuren voor 8 p wat aengaet

3527 1291 2485 134 de sracken, in het baettien N160 van 34:6 en, sijn geene grijse geweest, soo gelijc

3536 1364 2472 135 ue meijnt hebbe ue de ordre & stalen, daer voore gesonden gehat op 17 aug lest 1712

3518 1445 2411 146 fiet dat eens naer dan sal ue de selfse stalen bevinde gelijck die van 3

3526 1492 2482 209 Juny lest, & dat sijn evenwel geene couleuren van 37 s soo terwijlen ue de hooge

3525 1639 2436 161 couseuren in hoogen prijs stelt soo moeten de lage, mede in lage prijsgestelt

3545 1746 2406 123 worden de coopers self weeten wel te seggen dat die minder in prijs syn

3534 1838 2435 127 & willen die oock beter coop hebben, soo moeten wij ons daer aen referveren

3525 1927 2479 136 prepaveert, om met cwings te senden 2 a 3 baelen ider van 60ps als aen

3508 2003 2484 163 den voet desen genoteent tot aldertyde, weete bijna niet wat vragen om datter

3546 2114 2423 145 int minste niet te vercoopen is, den tijdt, sal voorders leeren geeft advies

3542 2204 2426 154 van wat passeert sal mede de fijne scheertiens verwachten ul van herte

3510 2280 705 169 groetende Blijve

4122 2396 931 161 door 140 sarges beste 229d

4355 2512 1654 179 40 sarges geile olijves naer de stalen van 29 april lest ghet

4546 2620 813 120 een staek van 14 Junij lest

4343 2629 1671 207 20 ditto geilder naer het staeltien 21 ui lest a dit wel met

4571 2766 784 141 root gemengelt levendigh

4346 2826 1337 146 20 ditto brusse rosse naer A.1 van 30 aprell 1

4348 2958 1176 113 10 ditto prince couleur naer 7 30 ditto

4375 3010 1119 118 10 ditto schades naer N. 18 van 30 ditto

4353 3090 985 134 15 ditto naer dit stael schadet

4365 3198 686 104 10 ditto naer dit staet

4389 3303 1603 139 16 ditto geile gesspeirde naer het stael van 14 junij lest

5139 3368 833 155 noch iets gulder niet groender

4628 3376 234 153 oft ditt

4380 3491 1514 162 10 ditto mender roler saus i mel arigl blous

5536 3588 471 151 fijne aengelieg

4498 3595 821 151 gemengelt gelijck dit stael

4535 3695 461 134 uts gestrept

4315 3769 1686 189 140 sarges, die onder malhandren te sorteren gopte packen

4519 3890 670 152 15 ps. in one seld &

3542 3955 2454 194 hadde van ul eenen generalen staelboeck verwaght dat noch mael recomeandere

3533 4095 2433 158 te senden want het valt mij anders seer moylijck, alle de voorige stalen naer

3544 4193 2405 126 te sien, laet daer mede het resstant van de voorige ordre te hiet, om dat alles

3515 4307 733 152 hier onder begrepen is.
