7823 4637
691 198 1520 122 d0 sacges geassorteert als volght

1121 243 1454 173 voor 2 bala drapeen ide van top

992 355 1239 156 10 ps. naer N.1 van 30 april 1711

996 448 845 151 10 ditto nae„ 2 van d

1002 470 2190 185 10d. naer N. 2 van de drape stula op 3 aug. lest 1211 gesoden

1009 623 1200 127 10d naer N.4 van ditto ordre

1021 673 1735 186 10 d nae N3 van ditto voor draps cullours

1014 802 1869 169 10 d.. N:7:8:9 van ditto voor blew shades

1036 867 2192 189 10d nae N.10:  van ditto voorpine waeronder eenige bruysde

1046 1031 2098 128 10d naer drogett stalen va 20 ag. lest 1711 te weeten naer

1231 1126 789 143 N. 1:2:4:5:7:9

1031 1229 947 144 30 drgpen mij 2 balen

1033 1248 1255 225 t sarges gelijck de bale N. 31

1041 1394 1274 180 26 ditto gelijckt de bale „ 36

703 1447 2300 234 25 roijalen 36 roy ales gelijck het clijn baeltan N.136 met 14 ps

1097 1600 1716 168 5 prince couleurer nae N. 6 va 30 april lest

718 1667 296 149 iu 4 setto

698 1701 1077 195 mone & 15 mooren oft blak

726 1758 1849 234 bale 110 ditto nae prince couleur N7 van ditto

1023 1856 1975 174 15 bruyn voste naer N.11 van ditto meett naer het swert

1433 1951 1388 173 met een gloyent root dratie door enangels

713 2050 2409 187 nu noch de 60 sacges voors die ue seyde gereet hadde waer bj noch te

2755 2162 359 101 het levert

1185 2180 602 132 doen als volght

697 2202 2499 211 sijn 120 p 30 bruyn vosse naer N.11 van 30 april geen roster alle naest

706 2330 1708 173 die samen 8 meulders couleur gelijck dit staelt ven

705 2421 365 152 le assortere

712 2429 2094 196 onder een 10 groen shades naer N.12:83:14 va 30 april

722 2552 2205 179 gelijck het 1 4 prince couleuren naer N.6:7: va 30 van ul

717 2667 2405 150 beste valt8 blouw shades naer N.15:16:18:19 van ider 2 ps

1090 2809 2091 151 384. ps alle wel geperst & clijn mingelinge & levendige

1279 2912 653 131 couleuren oft geene

1153 2971 1981 184 30 blouw Shaies va de Schelip naer N.15:16:17:18

1054 3078 2084 162 N14 psom de andere te assosteren die voor ue iek. sijn

1136 3190 535 95 15 blijve voyales

1239 3209 1982 143 blijven noch al staen, & weete niet hoe daer af sal

723 3262 564 160 ljnsame ƒ29

1314 3292 1842 166 gerasie doeter oock eenige bruyn vosee bij naest

1325 3394 1845 162 het swert & oocs noch 15 mooren oft blat van de

723 3488 2501 143 beste star, & te assorteren onder de 120 ps. van hier aghter vn 227

715 3611 2514 144 dat is al der noodigh hebbe de beste larges 22 g worden nu versght

727 3706 2443 146 a ƒ 21:- gisser rijse wille de coopers al beeter coop hebben al

702 3826 2469 149 dat ordonnere, is op hope van vreede, & waert dat de negotie moet

721 3926 2482 148 beter loude, sijdt versekert dat ick die quitteren sal, dit jaer sal

725 4039 2504 143 mij de intrest van mijn caprtal niet ronderen & daer is van te

705 4156 2475 134 wijder gen gelt te becomon ingesloten remittere aen ue

5882 177 114 93 1¼

3488 167 1191 162 £100:- op Nicolas Lantis

3693 263 2326 127 110:- op hemij Cornelisse u londe in seconde brief waer van

4110 341 137 72 mo

3942 370 1795 153 de p geaccepteet in handen van dannel hays

3481 414 547 130 Lanƒ210:-

3509 460 2446 165 waer vooren het noodigh gelieve te besorgen, sal noch meerder

3473 613 2504 115 remitteren op rek maer seght mij wat doen sullen met die lacges

3449 723 2571 128 die voor ue ick staen, ick skan die niet verccopen et is niet redelijcke

3455 810 2492 142 dat ick mijn gelt daer in steke, & geen geniet van hebbe 1oo

3497 927 2485 161 versoecke noch van raedt te slaen om dot u beste voordeels

3451 1042 2564 130 daer af te gerasien. doet alle mogelijckk devoiren om mijn

3488 1138 2456 174 ordres prieres te volbrengn, &  advies va de ontfiang

3467 1239 875 187 deser aen die blijv

5161 1266 799 181 Ady 30 mej 1712

3272 1344 832 199 Mechelen Paradaens

3510 1482 2519 151 ue aengename van 28 deser wel ontfangen in antwoort de convoijen

3483 1576 2520 158 nu aengecomen sijn, sijn de eerste van den coopender jare gevvlelt,

3480 1715 2545 125 sende an ul: hier ingesloten het staelboeckie van de 20 ps proice

3484 1809 2475 152 larges, dogh sijn niet mede gecomen, om datter een largie schip

3489 1917 2460 161 in het vertrecken van engelant op den gront was gezeylt, ges

3462 2072 2548 123 soo moeter aghte blijven, tot het aenstaende convoij & de prince

3471 2158 2492 126 sarges waren in hen geladen verhope crenwel tusschen een

3485 2266 2552 116 maendt sal overcomen, voordert gelieve my te latel weete oft ue

3436 2347 2575 163 de selve sal behouden, soiude dan noch andere ordonneren by lije

3479 2482 2489 156 precies op ue stalen, & crijge present daer groot vrage naer in

3498 2553 1939 180 afwaghtinge d'eere van uu antwoordt blijve

5353 2637 584 158 Adij 30 ditto

3312 2654 963 186 Gent Jan B de Sadelare

3499 2803 2473 111 ue aengeneune van 15 & 16 sber lest sijn tot noch toe onbeantwoorde

3483 2905 2416 128 gebleven bij faute van materie, even wel blijve ue seer verplight

3515 3013 2395 127 voor alle gedaene dinste moeyte, ick hope, dat eens mede ue

3501 3113 2504 106 ordres sal becomen tot gene sonde konnen voorvallen waer aen

3480 3233 2539 129 toc een tegenprovisie soude moge verdienn tot recompusatie

3501 3316 2266 124 voordert helft d heer gillis va coppenolle aen ul wederom

3474 3428 2445 157 gceddresseet vier packen sacqes p rapeliuse schop gemanket

3482 3495 2441 173 35  32 & 25 ¾ 22: dat gisteren oft heden van bruggen

3479 3638 2529 147 ftont te vertrecke & naer ontfangh, versoece de selve p

3487 3746 2545 140 beurtschip mij toe te senden, soo dese wesie en vetreckt dogh

3503 3832 2498 129 met beoorlijcke franze paspoort soo niet st wagens. twee

3488 3927 2505 187 pack te gelijck, twijfele niet oft de vragent hebben goede

3478 4046 2460 172 franse paspoort var heme goedern ick sooude mijne

3503 4167 2533 129 packn sonder pepoort niet risqueren tsal mij lufye te versta

3507 4288 2495 116 wat daer ontrent sal sijn gepassert qn af waghtinge d'eere

3521 4333 2269 106 van w ant ie poost blijve  ordral groet mssse
