8392 4630
2704 202 638 191 Adij 20 sber 1714

931 247 931 155 Bremen John terhell

1054 340 2228 153 op 13 deser, was aen al: mijnen laetten met remise voor  £500:

1045 420 2211 197 courant a50 st hollants courant ƒ1275:- verne goticert a

1051 567 2278 151 1¼ Pr tuwer avance sijnde in Brabants wissel gelde ƒ1257:14

1055 660 2226 120 vorders referrere, mij aen den selve, sedert geene van ue: blijve

1054 742 2315 186 eghter in afwaghtinge te verstaen den selven u wel sal sijn geworden

1029 865 2312 156 & dat de voorss remise ue sal aengenaem sijn, te meer om

1005 956 2331 177 dat voorle den postdagh geene, oft wijnighe brieven waeren te

1051 1073 2288 135 becomen & die waeren a 1 ¼ t wegh genomen heden hebbe

1057 1191 2299 136 alle mogelijcke de voiren gedaen, om beteren prys te bedyn

1003 1282 2226 128 dogh wasser niet minder te doen, al stot 1¼ p de Bruven

1060 1377 2113 150 wirden wel gesoght & terwijlen geene aparentie sagh van

1048 1468 2187 200 beternisse soo hebbe gene goneert hollants courant in vier

1004 1611 2303 157 differente Brieven ƒ 3608:12 a 1¼ se tuwer avance alsvaght

2778 1676 276 87 in amst

1153 1708 2179 153 een brief van ƒ 1000:- 4 daegen dato op Jan verthuys a 1¼  ƒ987:13

2717 1791 200 80 in sam

1146 1804 2183 117 een ditto . „1000:-8 dagen sight op Chittij & sone .„ 1 sb „987:13

1162 1907 2167 108 een ditto „1000:-—5 dagen dato op loierenso sweerts „ 1¼d „987:13

1167 2012 2176 160 eene ditto „ 608:12 8 dagen dato op Jacob angleis „1 ¼b, 601:2

1087 2098 2206 241 Hiellens cotraent ƒ 3605:1½ el l genegeterae igjbeane sijn ƒ356:1

1060 2267 2315 207 in wisselgelde waer voren d'acordt bevindende mij gelieve te crediten

1038 2375 2270 167 & den ontfangh deser mij t'odviseren p noette heeft u de reste te

1053 2478 2165 162 verwaghten blijve met haeste naer Cordiale groetenisser

2814 2638 512 186 Adij 22 gbe

972 2651 896 195 Gent Michiel Bogaert

1060 2735 2262 246 ule geerde van gistren, wel ontfanghen daerbij verneme het pack

1069 2903 2112 160 W:V:1 R p beurtschipper van antwerpen a cooty wel as

1075 2978 2273 226 aengecomen & dat u den in hant Gant selve mete heet soo dae

997 3127 2287 160 desen, tot antw. dienen, dat ditto pack is voor rek van

1055 3233 2288 228 mejuss. de wed: pieter goet gebuer van contoyer. hanten 68

1048 3362 2259 231 pr engesche toffen bettaende in 66 sacqet et perpett, soo

1060 3502 2260 216 gelieve de selve vervolgens te venlaren & de ordre te

1055 3631 2193 177 volgen, van voors wed: dit doende sult verobligeren

983 3732 1416 208 die blijve naer cordiale goettemissen

5400 208 601 157 Adij 22 gber 171

3563 218 1019 200 London Charles Bolangeer

3582 308 2417 183 op 19 deser, was aen ul mijnen laeste, sedert become geene van ue gedrage

3565 477 2293 128 ende mij aen den selven heden hebbe het nitto appaent van

3571 543 2418 226 ft£ 73:9:10 et aengetrest dat hier benevens ben sendende sijnde

3549 662 2436 164 ten laste herman saen herman adrigue osonier in sonden waer

3556 761 2434 176 voren het nodigh gelieve te besorghen aden ontfangh aenstons adviser

3549 917 2375 135 sult mij verobligeren & soo verders noch iets nodigh hebbe & sal ul

3549 1042 2444 176 tijdelijck ordres senden dogh vreese daer geen avans bij te haelen sal

3550 1115 2440 209 sijn terwijlen verneme de beste calfsvellen voor den puys verkoght

3561 1253 2441 177 worden, gelijck die mij sullen comen te costen den tijdt sel leeren

3552 1350 2440 194 waer in ue: dinstigh magh weesen gelieve te commanderen

3534 1469 1513 181 & die Blijve naer cordiale groetenisse

5523 1574 474 194 adij 24 sber 1714

3479 1603 883 186 Bremen John trhell

3547 1772 2448 114 op 13 & 20 desen waeren aen ue mijnen laeste, met den eerste remise voor  £500:

3554 1864 2453 148 hollants courant a 50 s ƒ1275 vernegotuert a 1 ¼  maker de ƒ1257:11

3535 1946 2396 163 met den laette al noch remises voor ƒ3608:12 hollants courant  1¼ p

3543 2058 2460 145 suwer avance sijnde ƒ 3564:1 deser gelde sedert geene van al: waer van

3550 2153 2456 111 verwondert ben nade mael verwaght hadde advies van den ontfangh van

3537 2264 2468 134 mijne remise, dat versoecke aenstonst te laeten weeten nm dat ander

3548 2391 2441 124 in groet aghterdencken ben  is, oock billijck, dat men advies geeff van

3510 2458 2490 171 den ontfangh verhope eghter n geerde morghen te gemoet te sier soo sal

3514 2548 2450 151 desen dienen om ue toe te senden de ingeslotene wussel brieven, sijnde

3519 2652 550 162 als volght

3567 2693 2411 226 eene van ƒ 1000:- 8 dagen saght ten latte Jan baele a 1½ beavance ƒ 985:14

3590 2813 2411 149 eene ditto „1000:-8 dagen ditto ten laste paeter jaeger 1½ 6 „ 985:4

3582 2918 2423 197 eene ditto„ 1037:- 8 dagen dils ten laste de wed: frenay 1½ p.„ 1021:14

3606 3054 621 139 eens d„ 6001-

4219 3097 1759 209 ƒ 1151:7 op puter geelhand„ 1½ &„ 1134:7

3583 3147 644 158 eene d.„ 551:

3544 3290 2448 221 hullers u4188:7- alle vernegeturt a 1 ½ b tuwer avance ƒ4126:9

3535 3441 2469 124 dat d'accordt bevindende onse rek daer vorer crediteren, hebbe den

3527 3526 2466 196 brieven voorde borse genegotuert, dat ck:  be prefyt is terwijlen

3531 3631 2460 189 op de borse a 1¼ t veel gelt was a geen papier soo dat niet twijfele

3529 3736 2449 189 oft u ten uytersten content sal weeken, pe naeste heeft iu de rest

3528 3855 2472 149 ceurant te verwaghten aversoecke noch mael den ontfanck van

3524 3976 2432 165 mijne remises cito t'adviseren aen die Blijn naer cordiele groette

3536 4099 544 136 tus
