8234 4603
2734 168 599 162 Adij 19 Juny 1713

776 196 1236 164 Amsterdam Francisco rousseau

960 246 2232 210 beyde ue seer aengenamme van 12 & 16 deser wel ontfange met den

940 360 2378 145 laeste het wissel Brisfie op peyrere noch te rugge, alhoewel

933 482 2359 139 devoiren genogh gedaen om tot betalinge te coinen weete niet

932 529 2347 160 hoe het, met die ne st sal afloopen, terwijlen mijn voint schrijft

938 636 2371 167 van over te coment & her reght te tree hen bedancke ul voor alle

953 730 2256 162 genome moyte in soo danige ost andre occasie ue dinstagh

958 839 1596 163 konnende sijn gelleve te commandere u

931 816 2391 266 un affaires, passeerter, nets van consideratie alles is gettropiceit

948 1003 2285 183 heden afser terborte op Londen gedaen a 35: 9 et a costij a

960 1071 2310 212 1¼  in banco &in courant a 3  Parys 67¼7. hanve

960 1219 2324 155 op mij trecken gremittere op tijdt met avance als voorse, gelieve

947 1334 2205 155 drij a oierhondent ponden vlams te omployeren, brieven, op

949 1415 2363 190 brussel sal beter aenderen terwijlen men hier  a ½ verlieten

947 1526 2349 182 moet voorder brief, & geloove, dat a costij oock soo gerekent wort

970 1617 2001 201 doet, als voor eygen ue van herte grettende blijve

2763 1718 507 144 Adij 20 dito

755 1741 1326 213 Mechelen Jadous vander hoeve

956 1823 2279 158 ue seeraengename van 18 deser wel ontfange, daer benevens

946 1908 2265 193 de notitie vant gewight van 23 blocken groot loet sijnde

924 1986 2368 179 samen & 69 77. soo sende aen ul hier aen den voet deser

953 2082 2274 197 de facture bekoopende £75:- wissel gelde die d'accorde

953 2193 2255 194 Bevindende gelieve mij daer voore te crediteren

950 2347 2247 128 & waes in ae dinstigh magh sijn te commanderen

931 2435 1436 206 blijve, naer cordiale groetteisie

1045 2497 2122 279 op 10 Junij 23 Bloeken groet loot a 21 ½  £75:

2755 2658 575 201 Adij 21 Juny 1713

747 2678 1005 215 twertons bere& Cnechmarck

991 2795 2356 167 op 14 deser was aen ul mijnen laeste met ordre, voor al noch eene bale

981 2947 2257 117 met 60ps. seer lichte drapeen als bastardes 22gb waer aen

1005 2970 2212 204 gedrage die geile moeten levendigh oft sijn niet vercoopbaer,

1004 3079 2242 190 ingeslote een staettien dat noch vees geelder, oft om beter te

973 3171 2297 180 seggen, meer met geil groot gemengelt waer naer ue soo wel

989 3269 2351 173 15 ps magh bij doen, dogh precus, naer te comen, oft geene te sende

1000 3394 2352 168 nu hebbe voor mij beyde ue aengename van 30 pasto a 3 courant

986 3460 2257 176 met den eerste facture & stalen van N. 57: 58: bekoopen de

997 3543 2351 217 ste £223:18:9 en, die gehaden sijn in Jan Buridge guncor for

986 3646 2366 210 ostend. de bale 57. is daer ontrent wel, inde bale 58. sijnder

995 3760 2237 156 veese gans niet naer mijn enstructie voor eerst, int baeltien

983 3878 2228 173 schades onfrent, de groen, & geile hadde geordoneert 4ps

1003 3912 2326 235 naer N.14 van 30 april bevende niet een, 3ps naer N.12:13 die

983 4039 2330 199 daer ontrent, noch sanden gevonden worden, daer sijn 3 a 4 ps

1004 4159 2339 187 selchte couleure, doets, met een woort die mij niet gelijcken

1018 4247 2322 161 sijn soo gelijck ue noch eens gesonden heeft inde schulip waer,

3546 166 2461 130 aven, soo menige woorden gemackt hebbe, dat ul noch wel in dachtigte

3535 254 2482 103 magh wesen besiet het stael op 14 ditto aen ue gesonden, & soo moeten

3517 307 2500 133 die wesen, in plaets van 30 sichte olwes sent ue maer 11 ps & dandre

3534 403 2448 130 alle bruyn waer van genoghtaem, bij hebbe & die 11ps. moeten wat meer

3552 449 2443 164 met rootgemengelt sijn gelijck, de twee staeltiens waer na die geordon

3546 544 2468 183 neert hebbe de draps sijn wel maer de chetmits, oft prince couleure niet

3529 630 2493 187 genaer No.6:7 van 30 april 1711 ue moet voor de resterende geordonende

3538 749 2464 145 beter sorge dragen want segge noch mael, dat andre couleure, die

3532 828 2386 199 het ordonere, mij niet dienen konnen, ue seght mij te debiteren

3552 921 2445 187 voor £2:4:10 et aff asseurand voor de twee voors bale a 2 pr de

3530 1023 2492 189 goedren connen, dat niet dragen, soo sal dese rijse van alles tgene

3534 1113 2459 160 ue senden sal p buridge junior den bisies selt loopen soo gelieve

3548 1167 2455 213 mij, van de £2:4:10 en t' ontlaste, geloove niet barigde in 3 weken

3543 1277 2464 193 vertrecken sal om dat hier geen debiet is, & dat de ordres a costy soo

3529 1375 2459 181 abondant niet comen gelieve mij eens te laten weten wat voor

3520 1474 2431 199 goet ue sent aen S van wengen, die moeten minder qualitijten

3519 1564 2495 189 nemen wete wel, dat sijn vant marck  E sonder naem hebbe, & ge

3527 1681 2381 172 loove, die van ue comen soo laet mij de prijser daer van weten

3523 1755 2432 194 om van die soonte mede te ordoneren want de coopers maken

3540 1894 2467 119 mij sinneloos de de sarge negetie, is soo ende hierlaege gecome

3500 1988 2458 161 datter niet een stuyver meer bij te halen is, dogh hope, het betoen

3525 2083 2461 148 sal dat godt wille geven de bruyn vasse manqueren mij nu

3513 2192 2411 162 het meerte, soo al doet ue eenege stalken meer by, als wel

3515 2320 2343 147 geordoneert hebbe, daer is niet aen gelegen, maer moeten

3498 2376 2504 187 leverdige couleuren sitot ue governo, ue van herte groetende

3506 2503 468 162 blijve

5468 2578 525 160 Adij 22 Juny 1713

3368 2553 1557 227 unten iuherd Sijhe epe et ch

3545 2720 2418 131 op 3 deser, was aen ul mijnen laeste, met den seconde brief van £150:

3509 2826 2476 130 op percta in londen, voorders referrere mij aen den selve sedert become

3537 2898 2479 133 ue aengename van 30 pas waer bijuseght dat ge eene bale, van 60 ps

3517 2993 2458 152 barges 229d, hopte mj toe te senden p buridge junior, alle van seer

3518 3076 2368 145 schoone couleuren, waer mede welte vreden ben ue moet daer 15

3497 3151 2471 180 Setodes onder doen naer N. 21: 23. van 12 meij lest aen ue gesonde

3519 3258 2421 149 precus of geene hebbe ue nu soo die wils gevraght enoyt meer soo

3519 3328 2501 173 diergelijcke gesonden, doet daer onder, oock eenige schades naer N. 32:33:7

3519 3407 2483 201 van 12 ditto mey, bruyn ros, naer N.15:16. olwes naer N.7 da lichtes

3522 3515 2477 151 olives, naer N.3:4 van 18 meert lest alle levendige couleure fijne

3519 3614 2434 137 mengelinge & boven af wel geperst die te sament opgepackt &wel t

3512 3710 2471 155 assoiteren, ue moet de staelboehies, beter doen op nayen, dat se net

3530 3813 2420 139 in dooge sijn, want het gesight van eenen traijer staelbock doet

3497 3889 2446 191 de goedren vercoopen a governo ue van herte groetende blijve

5452 4016 360 139 Adij ditto

3374 4007 777 156 laalon richard hoocke

3522 4083 2454 195 ue seer aen gename, van 2 deser, wel ontfange waer bij verstaen dat

3531 4217 2406 181 ue de geordoneerde goedren wel sult besorgn, maer dat ue niet
