8372 4644
2625 210 643 136 Adij 14 april 1724

923 219 1111 165 Londen Charles Hamitton

1012 286 2328 164 op 2e paste was aen ue mijnen laeste waer aen mij gedrage sedert

1013 382 2289 168 beco geene van ul, hebbe geunformeert naer de prijsen dande

1011 511 2297 148 tijcken dogh niemant wilt op leseringe vercoopen, daer is soodanige

1023 578 2247 152 affrecs in de selve datter, geen te becomen sijn mijn makers

1014 672 2302 196 heeft mij tersehert van 156 a 200 is te letrens maer, op geen prijs

1027 759 2291 198 belovende, dat die mijnder sal tellen, als andre, seght nu ontrent

1028 854 2221 166 eenen gulden brabants geldt gemonteert sijn dat ontrent 28

1022 963 2239 224 l 1pps. & desen opslagh compt door de gaerens duerte, tot

1024 1055 2346 235 n governo. hadde al verlanght van ie iets te vernemen, ontren

1015 1161 2280 219 de gesondene baele ain afslaghtinge geweest naer de iek dan

1029 1294 2229 149 oncosten op de selve die geleeve te te senden q het mport

1032 1401 2260 185 op mij te trecken op caten tijdt omdat tot mindren prijs

1030 1505 2290 156 seude connen trecken als op 2 ust begeine niet ue in debout

1039 1564 2253 192 sement is tot u govemo. in asraghtenge blijve naer Cordiale

1025 1703 612 170 groettenisse a

2691 1785 646 204 Adij 16 april 1714

962 1832 1093 171 rottm dionijs verburgh

1024 1917 2337 207 op 22 pasta wat aen ue mijnen laetten waer aen mij gedrage

1020 2077 2326 163 sedert geene dan ul desen, om ul te versoeken van mijne

1041 2149 2283 201 rek court toe te senden, &t geene, mij p saldo sal comen

1027 2260 2289 192 te remitteren aen dheer p rousseau in ams. terwijle

1045 2373 2211 152 seen geen andre occasie door compt een aen ditto

1033 2460 2315 204 rousseau cets in courant sculdiel, dit ver waghtend

1051 2583 2189 193 Blijde met versoeck van dingelyde Goortgane

1033 2725 416 162 e geven

2751 2803 497 207 Ady 16 april

882 2814 1225 191 tivertons Henrij Blagdon

1036 2935 2256 199 op 2e8 past was aen ue mijnen laette met remite van ft £113:-

1029 3040 2198 138 fen laste John glover in londen sedert become u aengename

1053 3106 2182 189 van 17 past ditto dien volgens sal de 60 geordoneerde drogetten

1049 3209 2172 185 verwaghten, oft meer soo al die goet becomen can, hebbbe

1063 3292 2206 169 e packen, wel ontfanghen & de bale drogetten geopent de 9

1046 3382 2254 237 sis van 16½ n sijn de grotedraedt schijndee niemant wilt

1053 3463 2160 201 die besien, ghadde die als landre geweert soude dercoght

1056 3556 2205 251 wesen de coopers seggen, die voor 2 stayvers minder & elle

1059 3673 2269 193 naet begeeren sonden 2 is geen stuyver aen te profiteeren

1055 3761 2247 233 soo weete neet wat daer, mede doen sal de couleeren sijn seer

1065 3877 2253 217 goet, u sal die maker moeten aenspreten, want sende tot mijn

1057 3954 2290 241 gelt niet connen comen tot die prijs, & dat waer niet redelijck

1056 4081 2302 185 versoecke van op de geordoneerde 6o us wel te letten date

1054 4198 2315 207 dick fijn & boven al wel bedecht als oock ontrent de coulue

1075 4279 2230 185 soo als die tot nu toegesonden hebt, sijn wel de drapper

3535 152 2436 163 itte ie a voir aee me dll mt hene senre en canrese

3538 291 2475 105 om de packen dat niet anders te nemen, als perpett. om dat in andre

3525 339 2469 164 goedren, geen neringe hebbe daer is tot nu toe noch gans geen de biet

3514 408 2581 176 soo weete niet wat dorders nodigh, sal hebben, soo haest de goedrer e

3536 503 2605 152 wat beginnen wegh te gaen sal ue mijn ordres toesenden raegh i

3520 613 2449 171 wel sorghe voor de voorp drogett: g sal op een stuck oft 20 niet

3537 687 2429 146 aencomen ingeslote remittere u s £123:- ten laeste Edwaered

3522 815 2394 140 froud in london waer vore het nodigh geleeve te besorghen

3517 858 2546 160 u heeft nu £74: 4 24 en meer, also compt dat op ref. van

3537 976 2424 193 de drogetten remittere gelieve den ontfangh deser t'adviseren

3530 1107 793 158 aen die Blijv

5330 1270 776 189 Adij 16april 1714

3460 1248 901 208 Fireston John &peott

3510 1397 2378 147 ue aengename dan 15 pasto wel ontfange waer mede ie mij adviseert

3518 1524 2334 128 den ontfangh van mijne remises van  £215:- in geslote

6068 1601 81 97 ist

3526 1591 2443 146 remittere ie al noch  £123:- ten latte Edward frond in londoe

3514 1691 2445 141 waer vore het nodigh gelieve te besorgen aden ontfangh tad

5722 1784 244 102 imsl

3522 1776 2044 185 viseren ie drij baeles, sijn wel aengecomen a hebbe

5774 1863 196 172 hael

3511 1933 2053 115 sarges geopent & daer onder bevonden tgis gelijck dit

5800 1987 172 115 neet

3521 1985 2028 136 hebbe noyt soo danige couleuren gevraeght iste groen

6008 1948 116 186 d

3513 2093 2383 130 vercoopbaer, soo blijft dat voor ue rek. bidde intoecomende geene

3506 2151 2615 226 couleuren te senden, die niet vrage de andre sijn al daer ontrent wee e

3528 2261 2462 201 maer alle meest van een couleur esen wel de couleuren sijn goet

3519 2391 2429 141 soo prepareert, noch voor het eerste schip noch 30 gis prinse sarges

3505 2448 2483 180 waer bij aght staeken shuldt doen naer dit stael hier onder, de andre

5536 2552 199 102 soerte

3530 2556 2465 218 als de borige recommandere van de alderfijnste bette te senden

3501 2695 2487 172 &wel te sorgen dat se wel bedecht sijn hebbe tot noch toe serders

3512 2769 2440 169 niet noodigh omdatter int minste geen aftoer is a aen de

3505 2857 2488 205 goedren, niets oft wijnigh te profiteren te groetende lijv

3456 3051 865 166 amst. d. rousseau

5235 3113 724 153 Adij 16 april 1714

3524 3182 2462 126 a aengename van 30 pas op sijn tijdt wel ontfange sedert, hebbe

3530 3284 2513 133 al occasie gesoght om u te remittere t' gene ie in debeurs is quiet

3538 3387 2465 123 donnen aentreffen hebbe eene balatelle tot rost leggen Jan ontrent

3503 3479 2479 161 ƒ 400:- hollants courants in handen van dheer dienijs verburgh

3523 3603 2472 89 soo hebbe heden hem geordoneert aen uu die somme, mier oft meer

3527 3707 2478 110 te remitteren verhope sulckx sal effectueren a gepasseert, sal gaerne

3522 3779 2388 148 dernemen in wessel wort present hier wijnigh gedaen op

3520 3863 2460 179 Lenden willen de treckes 36 s hebben dogh geen geltop casty

3518 3945 2495 170 un banco iffer a 1 b gegeven in courant a 5 ½  wel brie

3522 4052 2426 171 ben, maer geen geldt parijs seer ongewilligh wort op 66 & gehanden

3535 4177 2069 156 even wel niets gepasseert groete u van herte blijve
