8392 4651
2629 220 571 115 Adij 29 meij 1714

990 227 620 165 sendt S: Willeer

1069 281 2242 171 sende aen ul heden p waegens op gent een packe gemarcktSDD: droogh

1058 390 2299 132 gwel geconditioneert in handen de 30 engesche tossen voor rek. Jan mons. sinmon

1050 474 2200 134 donnee van dorninck wiens ordre sult gelieve te volghen & de braght te

1052 547 1913 151 betaelen naer gewoonde, dit doende sult verobligerendie blijv

2745 665 472 154 d. d. 1714

1032 671 1038 186 Brugge Gillis Van Coppenolle

1058 756 2229 200 ue aengename van 24 deser wel ontfanghen sien wel, dat u maer en soult

1066 877 2175 146 excusien om te beyten scheut te houden ontrent het pack doogetten

1066 961 2218 130 ist bij alsien dat de schade met geschiet is op dan verhaelen, die vande

1066 1044 2296 173 baerge sullen seggen het pack gelevert gelijck ontfangken hebben ck twijfele

1041 1151 2319 142 niet oft het pack is door de comise in de halle mishandelt geweest want

1052 1219 2295 199 sijn niet anders gewent ditto pack hebbe geheel geepent ggodt danck de

1072 1332 2208 176 stacken noch droogh bevonden, maer alle oft meest sonder perse

1036 1423 2222 193 & vol van quade ployen door de coorden & vol voyligheyt, hebbe die

1060 1533 2185 159 weder doen erpersen  het uyt huyschen phope in plaets van wins,

1044 1606 2311 210 daer noch sal afgeraken, met wijnigh verlies dat eghter bedracht is

1016 1706 2349 190 patientie wat de loyers seggen, als sij de lappen niet sinden geoblisert

1012 1824 2268 205 sijn het loot ivers aen te sreken dat se doen als voordesen aen jder

1065 1920 2166 181 een coordelen doorstelen ghet loodt daer aen doen dan sullen sij

1055 2046 2239 164 het coopsie goet met verderten gelieve cito de rek. courant van

1079 2132 2282 152 oncosten toe te senden, capels heft het pack perpett. wel geconditioner

1050 2217 2298 210 gelevert, hadde al in afwaghtinge geweert van u te berstaen de versendinge

1072 2321 2127 156 van de oorlogie, dat recomandere  eersten te doen, maer te water

1058 2415 2154 179 adriture a recommandere, dogh goede sorghe e draghen dat se niet

1063 2519 2283 186 gettooten wort, op dat geen ongemaek en geschiet hebbe een paektijcken

1059 2608 2124 205 greet om naer londen te versenden soo versoeke mij te laetene

1088 2707 2235 181 weeten, soo haest een schip in ladinghe leght op die plaets om het selve

1061 2802 2124 199 u bij tijdts toe te senden n antwoort verwaghtende Blijve naer

1062 2938 668 180 Cordiall groetenise

2720 3055 509 182 Ade d: 1714

1037 3060 940 183 Berghen A Poulam

1092 3128 2046 235 le 21 passé sut a vre grace ma derniere vous advisant, que ce

1071 3252 2269 206 grand convoy avec des sarges ettoit bien arrive aussij je vous ay prie

1090 3339 2187 175 d'avoir la bonte de me resmettre depuis sans vre ie y a encor

1077 3417 2253 165 un convoy arrivez de nouseau avec le quelle ie reen encor un helle

1083 3542 2040 166 partie & comme ie doibt remettre beaucoup a mes amis en

1080 3588 2290 169 engleterre ie vous prie de me vouloir remettre ie vous assure mons.

1087 3728 2125 199 que le petit profit qu'il y a au sarges ne peut souffrir une si

1075 3813 2310 189 long credit ce que ie vous recommande de considerer en attendant

1081 3947 2262 192 al honneur de vre reponde & remise ie vous salue avec offres

1067 4080 601 133 de mes services

1084 4158 845 165 m gillis van Coppenolle

1099 4180 2280 199 verneme van mijn broeder Jan michiel, dat ie voor hem eenige goedren uyt

1104 4305 2268 145 mortaez hebt afgeladen, soo ben verwondert iu de orlogen niet heft versinde

1120 4358 2231 137 ingeslote eenen wissel brief op herrij heijden die gelieve te laeten accepterse

5878 216 148 95 147

3568 170 1417 172 Amij Cto wederte senden, gult Derobliyeren

3492 341 929 176 tiserton Bere &lneck marck

5339 304 695 205 Adij 30 mey 1714

3578 471 2428 136 op 12 deser, wal aen ue mijnen laeste waer aen mij gedrage, sedert become ick

3575 519 2557 171 aengename van 5 ditto, waer bij u segt de 80 ps drapeen gereet hebt om met

3574 640 2472 152 Jan buridge te versenden dogh, dat uu die met minder stellen en can als a 36 ƒ 3

3579 763 2462 128 aen boont waer mede te vreden ben als andre die prijs mede betteden geloove

3566 827 2467 148 eghter niet dat u meer van mij soude willen pretenteren als van andre versoeke

3552 961 2366 118 dogh van het alderbeste goet te senden sijne alsijne men gelinge q van goede

3543 992 2439 202 wolle want hebbe, sommige van ue stueken bevonden seer grefgrsleghte

3562 1150 2382 133 mengelinge dat de coopers ie net willen besien de luyden sijn heden daeghs

3571 1229 2454 131 soo mogelijck, dat men de staeken naer hunne staelen p sin behoorden te

3559 1314 2466 149 schulderen & bij allen dat geene, oft wijnigh avance bij te haelen het gaet

3561 1385 2454 133 van jaer tot jaer al erger, godt wil geven, dat het gens beteren magh want

3577 1505 2424 135 het is met mogelijck die negotie te blijven continueren geleve de 80 ps

3545 1634 2422 151 te vermeerdren tot 120 ps in drij baelen & enige schades daer onder te doen

3557 1754 2359 130 naer N. 45: 46: 65 415 ps bruyn rosse naer N. 26: 27. 28. alle naer ie

6019 1736 109 132 t

3571 1839 2423 157 gesonden staelbock & gelune terders noch prepareren 60 sarges 22 gdr in

3551 1927 2569 189 telijne baeltiens die te saemen opgepackt in eene bale & die te sorteren als

3573 2071 2419 152 aen den goet deser galle met bandge te versenden recommanderende voor

3560 2121 2547 170 alles wel te sorghen van schoen alette gaet te senden wilt u mij animeren

3553 2227 2423 171 verhope het debiet vermeerdren sal dat doccasie soude connen geven van

3574 2351 2437 112 meerdre partije ton bieden sal den tisice van de zee sef loopen groete u van

3571 2428 484 155 herten & blijve

4277 2479 1256 191 te prepareren voor danicl Gerardo melijn

4011 2596 732 148 1 baele met 40 drapeen

4032 2701 597 125 ditto„40 ditto

4031 2772 579 139 ditto„ 40 ditto

4222 2833 1801 197 120 us. sarges drapeen en 3 balen, naer de gesondene instre

4551 2986 977 125 uitie & als hier boven genoteert

4184 3046 981 162 voor eene bale battardes 22 gd

4345 3134 1674 174 8 sarges blives naer het staeltien op 12 deser u gesonden met

4544 3271 1481 104 groenden noch sighter wel gemengelt, met roet is seer

4530 3327 1471 154 schoen glevendigh boven al sijne a fijne imengelinge

4387 3377 739 171 1 ditto schade naer N.42

4379 3475 1568 213 2 ditto schade ..„ 61: & naer die gesondene stael boek

4357 3608 762 171 4 ditto schaedes . „ 65

4334 3701 1340 203 13 gps en one sels & soo vier fetts in one bale

3577 3808 2444 174 sijn saemen hier groote balen waer van de facture e staelen gelieve toe te senden

3552 3951 2425 119 soo haest mogelijck om volgens te reguleren, sal ut eersten remitteren op

3553 4059 2427 134 ick ben en groot verlanghen naer ie antw entrent de perse, het soude

3546 4149 2389 146 mij seer aengenaem sijn, dat soo een hadde want de goedren die hier

3558 4270 2352 104 tof leggen verliusen hun ne perte soo niet wederom opgepackt worden
