8145 4713
741 144 82 151 2

1478 156 84 130 d

2609 225 629 183 Adij 23 xber 1715

685 277 1050 162 Brugge gillis Jan Coppenolle

843 328 2365 202 ue aengename van 10 deser wel ontfanghen, sedert van ul niett meer vernomen

839 432 2439 162 vermidts het continuel ju sent weder, is van thon ewings geene voordere tijdinge be

830 556 1785 168 verwaghten, Eghter iets vernemende gelieve te laetens weeten

802 532 2545 259 desen principael, om ul te versoeken, van op ontfangh deser mijne rek. courant sende

814 661 2526 240 faute toe te senden, terwijlen daerbij verlegen den, aengesren, het jaer ontrent geeijndeght

827 786 2484 181 is, & dat gewent coen, met alle mijne vrinden tadiisteren verhopende op over morgen

816 943 739 138 de selve te ontfanghen

829 949 2332 210 rense ue een saligh aenstaende hoogheydt, als mede het toecomende niewjaer,

843 1077 2310 204 geluekigh a voorspoedigh, verouldt met alle soorten van beneditier & contement

844 1157 2448 201 soo naer het geestelijck als naer het tijdelijk & blijve naer groetenisse met afwaghtinge

838 1298 816 160 Jan mijne AeP. Courantin

2497 1287 712 201 Ady 29d. 1713

695 1403 773 217 Brugge Coppenolle

860 1479 2435 170 ul aengename van 26 deser wel ontf: met mijne rck courant, die hebbe

847 1528 2483 208 naer gelien, & fauteloe betonden te weeten de partije van 17  ju nij lest

854 1676 2449 134 oncosten op 17 packen stelt l ƒ894:12. moet ende sijn ƒ 884:17. hebbe

837 1723 2490 174 un. voudesen, sulst geadviseert warende een crreur op de commatie. oock

845 1818 2442 221 crediteert ul mij ƒ495:9 voor mijne remise op bovy warende van

839 1925 2500 196 £62:18:2. sijnde in ƒ497:9 dat gelieve nae te sieny yt wijfele oet

854 2014 2366 232 oft ue sal helbe daecoordt bevinden sende daerom ue gesondene rck

840 2096 2392 213 cerot. te nogge, waer bij ul sien sal als aen den voedt der selve

856 2222 1497 191 genoteert dat mij e rest is comende ƒ 44:19

837 2280 2368 199 voordert ben verwondert ul: mij niet gecrediteert hebt voort gene

854 2320 2504 252 gesiert hebt volgens accoomt opt getaert pack, soo versoeke op ontfang

848 2486 2468 168 deser em andere rek courtite selven & my op de selve crediteren vour

844 2556 2514 209 schade opt geteert pack we wel bekent, & in afwaghtinge der sche

861 2690 1822 168 hes naer menschinge va een saligh meueae

2585 2797 620 154 Adij 30 xber 1715

737 2810 901 156 tuynhaut Egidius saenen

882 2904 2354 151 acl aeng. van gistren is mij wel behandight, als oock den haete dee ul

865 2981 2495 177 mij gelieft hieft toe te senden waer vooren ul van herten bedancke gewense

870 3086 2498 179 ue reciproquelijck een saligh aenstaende niuwiaer vervult met alle soorten

853 3198 1794 175 van benedutven, soo naert tijdelijck, als het eenwigh

856 3258 2436 221 wat de tijken aengaet, magh niet meer geven, als voor 3 groot loot ƒ8:-

868 3381 2489 175 &de  lduy segels ƒ12:- mits1 pe rabat voor prompte betaelinge & ue. sonde

870 3492 2459 182 het scoonste goet moeten geven, dotter ue becomen was, oft geene, want

862 3603 2401 175 soude mijn callant verliesen & segge noch mael dat het van groot gevolgh

881 3693 2485 176 soude weesen, hebbe gghter noch geen ordre, soude op mijn risico, die aenveirden

858 3833 2438 145 mij op uso verlaeten is ue dan intentie, soo moet mij laeten weeten

857 3920 910 179 & groete ue van heten
