8049 4685
886 181 2402 130 als tot ƒ22:- als oock die van de dujf, te gemengelde beste coffeel vant

880 277 2402 153 claven blat moeten ƒ 22:10 hosten, de goedren sijn genitaleter opgeslage

880 394 2412 158 en de wissel is present, soo hoogh, datwaert, dat niet in tijdts geremitteert

864 470 2392 130 hadde, alhoewel noch al veel remitteren moeten de sarges mij selver

868 597 2334 174 ƒ22: soude instaen, voorders verhope ue benevens d'andre vrinden

880 726 2370 145 mij noch eenigh gelt sult geven & blijve met verlangen om bij ue te

862 793 1260 187 wesen, & naer cordiale groetenisse

2398 835 762 205 Adij 29 gbre 172

670 903 723 179 Mons aut. gallopin

866 992 2425 181 le 19 court: ettoit a vree grace m a derniere, depuis le messagre jonart

880 1099 2386 177 viend d'ariver icy, & il est party ce liver avec les sut ps flanels rayez

858 1234 2293 134 de pour quoy ie vous envoje cy joint facture comme en suite

1010 1304 886 177 1ps. A. W  31 ½ a 42

1422 1400 552 120 „31- a 41½

1996 1334 1254 249 a 165 ½„ a 10 pls. ƒ 82:17½

1411 1467 600 160 „31 -„ 41 ½

1025 1566 85 102 1d

1258 1560 688 125 „ 31-„44 ¾

997 1617 2257 151 1 ditto tope fin A.1B P. P g 31 - a 41 ¾  a 82½ 1ƒ„ 45:7 ½

997 1742 243 113 1 ditt

1854 1746 525 134 „ 31-„ 41¼

2382 1779 793 154 ensemble ƒ 228:5

979 1835 218 143 6 9d

868 1882 2369 202 argent de change pour les quelles il vous plaira me crediter you

848 2030 2142 157 ie suis capable a vous vendre d'autre service me comand er

830 2096 968 171 & suis de tont mon coeure

2606 2163 586 181 Adij 2 gber 1712

636 2197 993 182 Londen CCharles Hamitton

867 2288 2347 190 op 8 & 15 pass. waeren aen ue mijne laeste sedert become ue aengename

846 2409 2350 163 van 10 ditto waer by sien, dat ue mijne intentie nu genooghaem verstaen

861 2520 2396 119 hebt, que noteens mede, dat soo maer 3 p begeine, sedert mijne penninge

876 2630 2362 177 betaelt in den crecquier dat ue mijne £200:- sal remitteren

865 2720 2412 178 waer mede seer wel te vreden ben, soo versoecke, mij sonder faute p

793 2842 365 80 remittergne

837 2894 2353 120 dogh onder de 34:4 et niet als met mijne voorige genoteert hebbe de

851 2977 2396 147 wissel was costij op antwerpen a 34:3 et met brieven van 10 pass, & met

824 3076 2462 147 de brieven van 13 de wasse noch meer gemonteert, soo hope een gaede

870 3164 2383 170 & avantagieuse wissel te becomen, & in afwachtinge met groot ver

855 3269 1502 187 langen blijve naer cordiale groettenisse

608 3361 787 176 twerton John Espeat.

2701 3387 580 154 Adij 2 gber 1712

867 3472 2427 195 op 15 pasto was aen ue mijnen laeste, met den seconde brief van de £150:-

875 3553 2351 203 mejnende de Pr op zee vergaen was sedert become ue aengename

869 3673 2357 169 van 6 ditto, waer by contrarie bevinde, & sien den selve ue wel

856 3764 2358 166 geworden is voorders wat mijn ordre ontrent de drapeen geweest is

868 3892 2383 135 hebbe naer gesien op 27 april lest ue goordoneert 40 drapeen tae

865 3987 2379 162 te senden, met het eerste convoij naer myne stalen, & inftuectie

867 4089 2420 130 van 28 sber 1721 & op 12 meij geconfirimeert op 30 ditto hadde meeodere

847 4178 2422 181 partije sarges geordoneerd & a, die in augustij hier sijn gearriveert

5902 124 121 154 1d

3554 221 2472 151 dogh de drapeen niet, soo was die ordre te niet want alle het gene ordoneere

3556 301 2465 157 is a ltijdt voor het eerste convoij soo bevinde in het minste noet gehouden

3543 378 2420 161 ben, die te aenveirden de 30 draper in RN.47 hebbe geordonneert

3553 482 2488 139 op 12 ary. oit de 60 sarges 22 p. nu ontrent de asseurantie hebbe

3549 572 2471 125 voor eerst ue niet geordonneert de ½ asseurantie te loopen vordis

3539 677 2478 144 op 5 pass. hadde ue gensteert dat niet pretendere ue de apeutantis

3536 742 2488 189 te betalen om reden als dangeleydt in daeghs daer naer become

3531 856 2489 175 advies ven brugge dat de goederen in compton die onderlagn

3536 980 2441 92 alle door nat waren, om dat hij wel moet waterin syn

3523 1046 2485 167 sehop hadde, wel waert dat soo ongeluckigh geweest hadde dan

3555 1120 2465 155 vanie goederen natte by te hebben soude ue de mij van

3534 1236 2469 134 niet taen enomen hebben & sigh daer mede verantwordeg: soo

3509 1354 2484 127 laet te consideren, oft gelijck oft ongelijck hebbe soo ver voor dit

3516 1481 2459 126 jaer noch een convoy compt sont de geordonnee de draper nas

3512 1474 2491 234 het staeltden op 24 gbir aen ue gesonden, & sent mijne ick. cart

3527 1629 2469 153 sonder de selve te blujten, & soo wij ons versclul accomoder

3522 1743 2476 130 konnen sal ue het llot remittere want hebbe wet gaerne

3543 1841 2350 158 epenstaende veekeninge 2e af waghtinge ue ant woort

3525 1952 1343 162 benevent de vek: courant blijv

3622 2054 68 55 A£

3529 2072 727 144 harles Hamilton

5473 2055 549 231 Adij 2 gber 1712

3555 2194 79 79 l

3561 2200 277 159 d:

3347 2277 2679 206 londen heden become wij brieven van costij van 25 pasto waer mede remises

3551 2404 2475 179 sijn tot 34:8 soo versoecke noch mael van niets naer te laten mij te remit

3536 2497 2491 143 teren hier waeren geene brieve onder de 34:4 a 2 uso evenwel geloove

3532 2611 2492 167 niet die wissel soo lanck sal blijven soo soude gaerne daer van profiteren

3535 2723 2459 157 ue heeft mij op 11 julij lest geschreven dat soo depenninge noodigh soude

3531 2820 2494 180 hebbe de selve verschiete soude, het is niet om de noortsahelijckeijt wille

3538 2897 2486 154 dat die nu vrage maer de avantagieuse wissel, soo vertrouwe p eerste

3545 2970 978 176 ue remises te gemoet te sien

3352 3044 836 199 brussel danul Jan de werner

5415 3119 597 175 Adij 3 gber 1712

3539 3185 2471 225 hebbe op geseren p beurtschip aen ul opuwen tolbrief toegesonden een pack

3525 3299 2410 153 gemarckt I.D.W in houdende de goedren die ue met mons. befeys op de

3523 3399 2504 197 stael bocken geteeckent heeft waer van voor ue ick sijn twintigh stucken

3533 3494 2461 224 & voor monsr le seys 23ps volgens d'ingeslote facture, versoecke de facture,

3526 3638 2459 168 van mons Cornelis le Feys aen hem te behandighen, & gelieve mijne

3532 3705 2479 195 iek volgens daer voore de crediteren, en waer in voorders capabel ben

3524 3805 2440 211 ul eenige voordren dinst te doen gelieve te commandere hebbe gistren

3535 3935 2459 182 brieven uyt engelant become, waer mede men mij noteent, dat de sarges

3535 4041 2437 183 beste coffees vant claver blat wederom 18 stuyvers p stuck gemonteend

3531 4153 2388 165 sijn, soo ul is wel geluckigh aen ue coop ue benevens mons. le feys

3535 4220 754 158 groetende blijve
