8317 4651
2636 205 597 179 Adij 3 Juny 1715

875 224 801 158 Turnhaut Egidius sanen

1028 314 2366 178 u brief van giutren wel ontfanghen daer benesens twee staelen, diene van 4 draye

1002 432 2375 172 blouw & 6 ditto witt. & ul seght daer van te senden 9 ¼ 3 segels, & 16 ¾ 3 st, daer

1023 530 2344 143 van berwondert ben, te meer, om dat ue genoeghsaem daer over gesproken

1019 627 2375 148 hebbe, & met mijnen, van 31 pass. genoegh gescreten segge noch mach, dat

1011 751 2374 110 geen andre magh hebben als naer mijn gesondene stael daerom, moet

1005 817 2344 113 het selve stael precies na comen want ick soecke niet, dat de tijken, mij

1006 912 2377 138 aen dhant souden blijven, het stael van het blauw van de dightte trepen

1008 1051 2223 116 is oock niet na mijn stael van het ander is het wel tot u narrght

1006 1101 2232 167 wat aengaet den tijdt, wel het is al ever drij ecken, dat de tijken

1002 1181 2371 187 geordonneert sijn, soo behoorde die in een weeck oft wee de eerste 50 ps te

1015 1298 1147 177 senden Blijve naer groetenissen

933 1400 901 198 Bergen De wed: C. Candry

2596 1436 530 181 Adij 4 d. 1715

992 1524 2346 209 j'ay recue en son temp l'honneur de la vre du 22 passe pour satisfaire

1011 1651 2352 161 a vre demande je vous envoye cy joint une carte d'eschantillions de drogetts

990 1773 2315 172 belles & bonnes couleurs ren briunge de 73ps. j'ay recue la bonne vrouvele

1011 1842 2341 194 quils sont arrive a ostende & puis quil y a un grand demande pour des

986 1942 2338 176 drogetts & mesme, que ie dois envoyer des eschantillions a 3 differentes

1001 2054 2335 164 personnes de vre ville ie vous prie de me renvoyer les eschantillions

990 2123 2319 205 avec vre ordre au plustost posible, j'espere d'avoir ces drogetts

1013 2243 2371 175 icij en huit jours & quand ils sont chez moy & que les marchants viennent

989 2352 2340 170 je ferez obligez douvier le ballot, ie vous donne le preference de choies

1003 2493 2108 152 vous priant de me respondre au plustost ie vous salue & suise

2650 2605 531 166 Adij 4d 1715

935 2584 905 223 Brussel step: rousseau

999 2720 2235 185 j'ay bien recue l'honneur de la chere vre du p courant y joint la

1018 2861 2281 128 lestre de N69 12. a 88 et indorse a mon ordre de retour vous serez credite

1009 2926 2282 155 pour ƒ 152:4:9, ie vous ay debite pour ƒ200:- que monsr le fays vous

1012 3036 2312 164 a compte estant ettonne qui mons. dewemer n'at pas fait de mesme

1012 3134 1280 103 ie vous salue & suis en tous occasions

2664 3188 484 195 Adij d. 1715

860 3231 748 170 Ath Joseph Dauloneuy

1009 3340 2201 139 J'ay recu l'honneur vre du 31 passe y joint une remise de ƒ400:-

1012 3361 2378 237 argent de change a la charge de monsr. van oftaye qui est accepticquand

1021 3536 2171 180 elle sera payez, vous en serez credité outre jay l'honneur de

1012 3606 2315 192 vous dire, que nous avons point de sarges d'engletere, qui sont plie en

1024 3731 2292 208 dech apresse en engleterre, ie scay bien, quelle soorte qui vre gracce

1006 3858 2188 178 veut expligeuer, mais ie vous direz que ce sont de sarges qui sont

1004 3936 2375 211 fait en engletere & qui sont presse en hollande eepliest en dene, mais

999 4075 2347 190 cest une moindre soorte en qualité qui nous ne cenvient anulle

1001 4195 2294 165 prie, si vre grace seuhaitte d'avar le pareil d la carte 299: ce

1019 4316 2168 117 vous envoye cij joint les uniques, que jay dans ma maison

3593 214 2464 117 ettant encor paete ensemble dans un grand ballot, & marque a l'estoie coumme

3577 306 2443 140 N. 299 que iay eu l'honneur de vous envoyer, vre grace poura choisir ceux

3579 412 2504 164 qui vous convienent & me les commander vous priant, de me renviyer les

3592 505 2405 161 eschantillions au plust ost posible avec vre ordre & vous trouverez toujours

3578 602 919 161 que ie fere pour tousjoursez

3490 742 1083 202 Brugge gillis van Coppenolle

5361 720 601 236 Adij 4 Juny 1715

3562 901 2486 209 op gistren, was aen ue mijnen laesten, waer aen mij gedrage heden besome

3565 1075 2473 132 advies ontrent de packen van marck & sijnde sonder de baele & 37 die N35 moet

3569 1180 2449 148 sijn noch wel doij andre baelen soo aen aen den voet deser genotart derhalve

3546 1258 2474 180 gelieve de selve vervolgens te verclaren a adroiture toe te senden, dogh begeire

3558 1396 2461 131 alle de packen niet en een seip, derhalve sult de selve verdeelen in twee leepen

3556 1465 2439 174 &sal mijnen tol brief senden, aen siop somer facteur tot gent tot unaright

3539 1600 2471 161 het bevinden, van de packen, sal gaerne vernemen ablijve naer cordiale groott

3550 1686 335 142 enissen

4069 1753 1967 204 N 35 met 20 drogetten 1 perpet tardelure, sijnde dat u opgegeven

6040 1747 53 222 y

4630 1877 1206 162 hebbe voor N. 37. moet eghter 35 sijnn

4107 1974 1400 191 „ 37„ 30 perpett. 1 perpet. voor fardelure

4105 2097 670 173 „ 38„ 60 sarges

4116 2174 1421 208 „ 42„ 25 drogetten 21 perpett. fardelure

4182 2366 157 100 2

4380 2321 313 201 110e ƒp

3477 2414 882 216 Bergen Joan Cois Caniot

5234 2482 523 158 Adij d.. 1715

3532 2575 2496 184 jevous ay envoye celon vre ordre p le messagier le perpett. que vous avez bien

3525 2717 2433 131 voulu choiser pour blanchir estant bien blanche & belle & bonne, enfin tres

3521 2791 2464 149 perfait en la qualite, esperant, que vre grace l'aura recue avant cette

3531 2913 2501 126 aussij les trois perpett noirs, qui ont este paete dans le ballot de mon frere Piere

3535 2989 2449 118 melijn & que vous les trouveraij tous a vre gray il vous plaira me crediter

5606 3100 279 124 ƒ 48:

3529 3089 1626 174 le 29 maj 1715y 1 perpett. blanchie N. 70- a 49.

3516 3181 2439 161 paijable dans la ville d'anvers en argent de change jespere, que vous aurez

3520 3312 2421 169 recue, la facture du 3 perpett noir p mon frere piere a que j'ay la

3521 3399 2449 151 donné pour vous l'envoyer le grand convoy, est bien arrive grace a dreu

3507 3550 2415 155 & le quelle j'aij un tres beau assortement en drogetts d'abord, quils seront

3514 3654 2474 158 arrive icy ie vous envoyerez les eschantillions & s'il y a d'autre chose a vre

3529 3741 1713 169 service commande librement qui est de bon coeur
