8180 4671
754 175 2465 145 versenden, soo ten reghte gerake, & dat sal veel seulle van hier op

763 257 1885 145 lugge in d'en costen, dogh blijft wat langer op wegh

742 319 2530 205 hebbe de tijken van dese bale gavisiteert & seer scoen 2 goet bevenden sijnde

762 443 2466 149 van den persten & alderbesten meester, soo dat ul in alles volle genoegen

763 495 2510 237 sal hebben de wissel op costij is hier seer sterck aen vallen, geloove heden

759 605 2520 248 hier a 36:5 en sal gedaen worden soo ue niet remittert sal volgens

760 782 1229 175 up ordre het rest op ul: trecken

763 816 2513 235 bevinde op de boecken van mijn iader Jan Michiel melijn saligens die

761 965 2523 203 ul voordesen in tijken mede bedient heeft, dat hij als dan oock groote partijeu

752 1026 2530 220 rersont aen m. William Storor Thomas Swaine Edward milles &nathan spindlas

751 1176 2523 253 versoecke u vrindelyck, van mij te laeten weeten, oft die vrinden noch int

750 1286 2488 241 leven sijn, soude mij aen deselve recommandere & heeft ice eenige

767 1440 2519 220 annisse aen dese messr. versoecke uyt mijnen naem mijn dienst

767 1556 2478 213 te willen offeren soude gaeren de aude corespondentie met dese

775 1675 2485 221 vrinden verniuwen weet ul noch andre, die dese negotie doen

731 1775 2558 285 daer men sogh magh op vertroutven, versoecke mede te recommanderen

745 1895 2500 255 & mij hun oddres toesenden  sijdt versekert, dat in alle occasie voor

758 2096 1301 202 ae sal sijn met genegentheydt

2598 2205 676 227 Adij 2 gber 1715

626 2233 929 213 tiverton henrij blaydon

757 2412 2528 178 op 26 past. was aen ul mijnen laetten, waer aen mij gedrage, hebbende

758 2524 2520 177 de 20 geordoneerde pppitt. als dan doen vermeerderen tot 30 te weeken

756 2627 2461 195 10 ps. N1. 10 ps N. 2.10 ps B.3, oock hebbe gemitteert st£100:-

743 2689 2533 239 ten laste du tresnay agaussere, sedert become beyde ul: aing. van 21 sber

747 2878 2542 205 lett & 8 past. dien volgens sal de perpettuaenen, sarges doffeer de drogeste

737 2994 2525 218 p John bwings te gemoet sien recommandere, dogh van de coffeet

772 3124 2514 218 en qualitijet, oft leingde niet te verminderen, want ul. lijgen reputatie

742 3263 2520 205 is daer aengelegen, wille wel seggen als dat sommige ps corter

754 3354 2518 194 bevenden hebbe ade coopers, willen daer dan niet aen tot ul

770 3515 305 185 noright

769 3592 2505 224 sal ge bersten stalen a facture van ul verwaghten, cwings stent

783 3746 2489 157 int cort te vertrecken dat wel wenste, want hoe langer hy

775 3840 2475 206 torteert hoe quader weeder aenstaenden is hope eghter godt

757 3977 2487 198 hem eene behande reijse sal verlienens de getteltenisse van 1

754 4117 2481 178 ordenborgh, sal al: nist mijnen voorgen vernemen, ul van

753 4226 1086 204 heaten groetende Blijve

6028 158 97 140 1

5457 207 590 160 Adij 2 gber 1715

3406 217 1142 186 Sivnton eregnech march

3573 312 2558 142 op 19 past. was aen ul mijnen laesten, met remise voor st £100:- ten laste

3538 430 2572 147 soae desbordes in londen, voorders referere mij aen den selven sedert become

3567 435 2614 221 als aeng. van 8 pass dtto, aengaende de assurantie, is wel als den risico

3569 582 2538 207 van de helft van de goederen, die voor mij in cwings sult laeden voor ul sult

3580 735 2599 159 nemen & gelieve ider facture, daer mede te belasten, gelijck op o 98 gedaen hebt

3560 812 2556 194 a 1½ p Ick ben met andre vrinden in accordt, dat sij attydt den geheelen

3578 960 2600 143 risico op hun nemen, sonder daer iets vooren te betaelen sij leveren mij de

3546 1068 2621 186 goederen tot brugge, & ick weete nu wel, dat ue aen andre hier de goederen

3552 1181 2584 163 assureert voor 6 et p ps. & dat wij die voor andre u remitteren  daer der bediens

3558 1278 2557 189 worden den door val van p van wingen heeft sull claerlijck doen blijken

3582 1387 2515 202 ue seght 4 clijne baeltrens, hebt in handen van d heer joos meulenaer tot

3569 1496 2527 200 brugge, sijnde van de selfde couleuren, van de schilip, die in mijnen voordge

3551 1591 2541 191 geordonneert hebbe, sijnde gemerckt £ 93:94:109:115 voorders al hoewel aen

3561 1712 2562 125 s van winghe hebt moed betalen 67 p ps. voorsassurantie seght mij dat niet

3576 1791 2547 151 wit rekenen sal u clarelijck betoonen, dat ue ougellijck heeft, voer eerst stat ue

3540 1871 2514 197 die op de facture a 36:6. & hebbe uls met mijne van 4 ber de prijse

3564 1962 2481 192 gevraeght van de schulip miet den e van 7 sber ditto stelt die te

3582 2048 2524 134 weeten de blijve sacqes 1 schulp 2e yd an voerd 35:67 blouw cetticy

3578 2143 2549 138 ditto 36, s groene Pretting ditto 36:6 n sulte siende moveert mij seer en is

3586 2229 2501 171 een tecken ue mij met woorden, verblinden soecht, & dat kan schie geen

3592 2299 2579 192 vuntschap by brengen, maer ter contraie, daer mu van te vooran goede

3569 2431 2618 165 opinie van hodt nu aghter dencken uyt te neme verneme bij ideren

3585 2509 2443 172 dese goederen gepresent eert hebt, & opt laette bij mij compt & tot die prijs

3578 2598 2549 137 beglire die niet, het moedt oock uyt schat van goedt goedt sijn omdat die baelt ius

3561 2693 2478 160 niet bij een sijn gepaekt, & oock hunnen momero niet volgen laet eghter

3584 2786 2339 124 mijne geordonneerde 60ps schiulp met eving my toegelnden worden

3575 2883 2423 165 benevent de andere goederen, ick hebbe de stalen ontboeden van de

3568 2989 2350 156 voors backrens van de heer de meulenaer soo de couleuren mij

3584 3058 2420 127 aenstaen sal sien, oft hiet ue daer over in accoordt sonde comen

3580 3146 2593 169 saude sijn om ue: dienst te doen sien de stalen van p. geb die mij

3590 3284 2461 142 niet aenstaen, het baelt den £356 is doodts van caileur veele al te

3570 3342 2501 191 grovn dogh in qualitijt beeter als dandere, 355 sijn de brijve & de

3591 3427 2439 173 time glule wil d½ andere sur sleght doorts van couleu, hebbe ue

3561 3522 2503 174 soo danige niets gevraeght 36¼. de bruyn doodts, gant niet wel met

3587 3622 2473 148 roodt gemengelt, & daerbij de staelboeck, weder van een hoetelaer

3575 3732 2500 180 gewaeckt met een woordt ben gant misnoeght van dese bale, & ue

3598 3830 2471 140 behoeft soo danige couleuren niet te sende oft sal die voor n re

3575 3941 2520 142 laeten daer sijn oock groove stucke bade, & un blijft die stellen n

3572 4061 2513 109 37g andere vrinden presentera mij te beste a 36 s segge blijven

3587 4118 2549 142 soot gjlieden geen beeter aght nempt verschen onse correspondentie

3592 4230 2465 157 sal moeten verminderen e leet van ververdr liet
