8324 4658
805 208 849 172 London John Samall

2695 242 651 163 Adij 22 mej 1715

1021 333 2304 172 beyde ue mij seer aengename van 2 a 6 deser wel ontfanghen

1006 467 2176 150 met den eersten ordre voor 100 ps tijken van strepen

992 534 2376 173 2 qualitijot als aen den woet dat selve hebt genoteert, die vervolgns

995 622 2336 132 aen den besten maker sal laeten maken & soo haeft mogelijck

978 761 2170 172 de selve op packen volgens ue serijft & die op brugge

983 847 2273 193 versenden, om aldaer ingeschept te worden wat ul seght

983 956 2301 145 van de tijken dit jaer 1 gulden minder gehadt heeft, can

990 1061 2291 168 on mogelijck niet sijn, terwijlen die al van voor leden

981 1157 2292 190 laer op geslagen waeren en die tijken worden present veel

976 1278 2367 184 gevraeght sijdt versekert u den alder naesten prijs genotteent

989 1421 2260 168 hebbe sijnde soo gelijck die contant moete betaelen in

1002 1512 2283 165 wissel gede is can nu de 16 p cento niet gemeten terwjlen

971 1617 2258 192 dese goedren in wissel gelde moeten betoeet worden & niet

1008 1703 2199 205 in courant gelt, maer wilt is de selve in courant qud

1005 1856 2179 171 en coopen dan comen die goedren soo veel hooger in prijen

1011 1958 2311 185 als de 16 p cento souden inportesen de wissel op Londen

990 2036 2285 220 is hier gevallen tot 36:10 a 11 et soo dat tot geen 37133

991 2183 2184 191 soude connen trecken met u laeste become remise voor

999 2295 2307 216 £100:- ten gerardus de witte tot brugge in antwerspen

982 2370 2263 245 te betaelen die om acceptatie hebbe versonden l sal voorder s

992 2489 2277 201 het noodigh daer vooren besorghen a vervolgens de 100 ps

987 2600 2243 216 doen vermeerderen tot 120 ps volgens u'ordre groete

980 2740 1891 196 u van herten & blijve met offres van mijnen dierste

2635 2917 640 203 Adij 22 d 1715

863 2883 1224 224 .Brton Beretnck mark

1001 3064 2333 205 op 8 deser was aen ue mijnen laesten waer aen mij gedrage

1003 3193 2256 190 sedert besome iu seer aengename van 23 pasto &4 courant

1003 3283 2208 135 met den eersten facture & staelen van t wee baelen 88: 8n

1017 3390 2288 143 monterende st £222:12 s met den laesten alnoch van

999 3492 2314 184 twee baelen 90: 91: beloopende ft £160: 12: 3 waer van

1009 3617 2335 173 N. 91 met 20 ps drogetten op londen soudt versenden e de

992 3737 2343 193 andre en Jan Buridge laeden, dat wel is, eghter wil et

995 3877 2245 125 twijfele oft de baele ƒ 91 voor nu op londen is versonden

1001 4026 2229 133 want ben daer bij verlegen, om dat die met het somer

1013 4098 2236 215 sesoen noch soude cannen debiteren anders blijven

1004 4221 2205 206 die een jaer overleggen hebbe alle u staelen, mit

2375 4356 102 96 ay

1013 4352 2286 118 mijn ordres geconfront eert de sarges alle wel daer resteren

3589 225 2438 106 daer resteren noch van mijn volle ordre 15 sarges loups die meer

3607 333 2470 105 van de brijnsten moeten weesen 15 brijn rosse a 30 naer het gesonde

3603 436 2474 136 stael boekie blives & 257 verwondere mij seer ontrent den op seagh van

3597 506 2473 144 de drapeen ie sent 10 buun rosse & 10 Loups a 38:6 dat voor die couleurer

3593 625 2471 118 niet geten can dat het noch olives waeren patientie de blives hebbe

3595 703 2370 169 seer noodigh ghadde de andre maer geordoneert om de selve wat

3589 832 2448 119 t'assorteeren soo u moet den minsten 40 olives drapeen senden

3580 951 2499 116 maer niet tot 38 p moote 37:6 besteden sal daer door passeren

3574 1058 2427 191 eghter can u die becomen a 37 p soude mij aengenaem sijn

3590 1155 2289 199 want onderdaet het is van de coopers niet te crijghen

3578 1302 2430 154 voorders examinere de drogetts staelen waer onder een costy

3569 1428 2502 162 coulur stael bevinde daer geen gedaghte van gehadt hebbe van

3566 1521 2511 166 te ordoneren, de andre couleuren connen passeren maer in

3574 1660 2510 162 qualitydt bevinde eenige aen de staelen seer draet seyndigh verschen

3574 1787 2438 141 gi dat betere voor die prijs become au maecht de stael bockies

3577 1873 2502 143 niet wel, behoorden op de forme van de sarge staelen gemeden te sijn

3541 1985 1632 176 agenaijdt, dan soude die beter vertoonen

3521 2098 2476 191 in geslotte remittere ul stl £130: ten laste daniel hays in

3565 2216 2454 205 london waer vooren het nodigh gelieve te besorghen &den

3563 2337 2486 200 ontfangh deser tadvisseren, als mede wat posseert ontrent

3571 2446 2507 191 het vertreck van buridge aversendinge van de drogetten opsende

3555 2585 1257 184 u van herten groetende blijve

3455 2745 942 209 Tiseten rasam. Leuvis

5475 2782 577 222 Adij 22 meij 1715

3555 2917 2503 220 beyde iu seer aen gename, Jan 1p detet & 23 pas wel ontfanghen dier

3549 3083 2474 156 volgens sien den stalen van de sarges 22gb, als mede van de

3549 3186 2468 175 drapien met u eerste brief te gemoet de drogetten waeren noch

3566 3290 2501 167 niet gereet dogh waert die alle dagen in verwaghtingh & terwijlen

3547 3387 2501 168 dat i al wat geleden is soo wille niet twijfelen oft present

3519 3508 2514 159 gereet sijn & geloove, dat baridge noch in een maent vertreken

3547 3614 2489 176 soo versoeke noch mael soo sijnde van de drogetten op londen

3540 3706 2533 157 te versenden aaddresseeren aen d'heer si kamitton tot london met

3548 3865 2458 147 ordre, van die p eerste seyp op ostende te versenden, het somen

3534 3993 2485 160 desoen gaet voorbij & dan soude de drogetten een jaer moeten

3534 4089 2529 147 blijven leggen & dan soude daer geen intrest bij vinden derhalve

3547 4194 2492 184 wrt ie dese expeditie seer gerecommandeert groote u van herten

3530 4325 304 146 blijve
