8372 4637
955 192 707 139 bastrode Sr wagnier

2843 200 578 134 Adij 13 mars 1715

1094 306 2303 103 sende aen ue heden p convoij een pacque gemarckt A:VX. sijnde

1052 358 2369 147 droogh & wel geconditioneert, hier in geschept &de vraght alhier betaelt

1103 455 2310 132 soo franco van alles, gelieve voor de versendinge te sorghen is

1082 567 2305 127 voor des van monsr. brans van afk, die mij ordre heeft gegeven

1114 600 2303 173 om het selve aen ul toe te senden, om iet llement doye voormang

1082 713 2328 172 van ath naer ditto plaetse te versenden recommandere de spoedegtt

1100 828 2304 171 expeditie terwijlen daer mede gepresseert is haut in 9 congelsche

1073 917 1013 200 sarges tot u governo blijve

2842 1039 551 181 Adij d 1715

962 1071 857 183 Ath mathieu Brans

1111 1132 2214 205 j'ay recu seulement a hier l'honneur de la chere vre du 10m

3240 1169 155 143 ouk

1104 1268 2205 143 en suitte j'aj envoye aujourdhuy p la barque de bastoode un

1077 1355 2165 195 pettit paque marque M:B:& contenant y es de sarges a

1083 1414 2343 200 l'addresse du S waqneer au lion noir done cy joint les eschantiblion

1103 1562 2235 169 estant & ps de la marque de l'etoil & 2 ps au pinsion des plus

1103 1657 2250 191 a prochant avos eschantillions ie ne les aj pie trouver permis

1074 1751 2316 200 la la sarges d'etoil, j'ettois oblige d'ovrir encor trois petit baque

1075 1825 2206 220 les sarges & autre marchandise est bien monte, puis, que ceux

1098 1925 2317 209 a l'etoil la premiere superfines qualite doivent couter & les basses

1045 2099 2173 147 couleurs ƒ24:- & les jaspees ƒ24:10 & comme ceux ay me

1070 2176 2205 190 vienent un peu niceux marche ie les ay mis a ladvenant

1065 2293 2173 204 cependant cext un bonne qualite il vous plaira me crediter

1061 2436 935 173 comme en suite, scavoir

1081 2440 2080 241 le 13 mars 1715„ 4 sarges batt. 22gd j'aspee au foul de traif

1641 2591 705 167 3 ditto coffee 22dsy

1692 2702 1047 154 ditto Jaspees e2gd prusion

1714 2778 717 164 ditto olives ngds

1418 2834 1929 223 sont 9 sarges battardes angdsg a ƒ28:10 . ƒ211:10

2055 2963 1291 175 voiture franq iusqua termond „-:10

2028 3052 1305 212 Ensenable en argent de change ƒ212:-

1054 3178 2349 196 Baijable, dans la ville d'avers esperant que ces ps vous feront du

1070 3291 2249 198 pluisers mon frere piece melijn me dit d'avoir recue vre remise

1092 3371 2234 175 & quil l'at negotie & dabord quelle sera regetu payez quil me

1069 3440 2303 222 contra pour vre compte deux cent florins argent courant ou ie

1071 3567 2252 150 suis capable a vous rendre d'autre service commandee ce luy qui

1072 3682 599 151 est de bon coeur

2726 3706 689 195 3 Ady 13 dn

954 3781 677 176 brussel S. bellotose

1075 3804 2265 229 je vous envoye aujeurdhuy p la barque marchande une pacque

1086 3927 2112 158 E4.ƒ. bien conditione pour compt de mons: Chorle Albert

1072 3995 2238 179 laigle a mons il vous plaira suiire lon ordre, le contenir

1077 4069 2300 195 est de 12 ps de sarges d'engleterre, ie vous recommand bieu le

1053 4213 2335 139 au peur l'enchemirement peut bligerez qui est de benneue

5457 205 615 124 Ady 14 mars 713

3504 189 825 177 Bergen de wed: Candry

3586 283 2445 196 j'ay bien recue a son temp, l'aggreable, vre du 28 passée ensuite ie vous ay

3524 369 2542 165 l'envoye uyaerdhuy p le messagier Jonard le 4 ps drogetts ie me fait

3561 465 2414 193 dela peine que ie n'ay pas seur vre instntion enfir que ie les aurez

3586 541 2454 202 envoije les mesme instant soye persuade mad: qui mest impossible de

3593 687 2415 137 vendre moins que 14 pattars a demiere & croye que ie ne demandrez pas

3604 757 2422 165 un liard plus, a lun que a l'autre principale ment dans la mes me ville

3587 833 2492 224 puis que l'un marchand doit si bien bendre, que l'autre, il nous sera

3576 923 2487 174 impossible de faire a la fin ancune negoce puis que la marchandise

3585 1058 2335 146 enchant de jour en jour il vous plaire me crediter comme en suite

3566 1180 1460 155 a 14m mars 17159 drogetts 9d„ 45- a 60-

4571 1256 477 146 „ 44 ½„ 59¼

4198 1293 136 123 1d

4632 1272 1301 228 46½„ 62 ½ a 240 ½ a 14 st ƒ 174:17

4207 1389 166 107 1d

6000 1408 94 154 1

4555 1442 456 162 „ 44 ½„ 59¾

4216 1468 158 129 1d

3579 1553 2444 113 en argent de change paijable, dans la ville d'envers esperant que ces ps vous

3551 1622 2476 165 donneront du contentement puis que pour de milleures de cette qualite ne le

3561 1697 2460 197 trouve pas a l'egard de sarges, ie vous assure que ie n'ay pas du profit

3573 1849 2450 146 a les jaspies & a un autre, ie serez oblige de refurer pour les envoyer a

3546 1878 2491 233 cause que ces couleurs sont rare & chere, sil y a d'autre chose a vre service

3557 2008 2034 203 commandez bilrement celuy qui sera toujours avec plaisirs

3512 2172 851 205 Ath Jan Ba olivier

5435 2178 542 172 Adij 15 d. 1715

3576 2303 2359 121 j'ay recu en son temps les deux aggreables vres du 6 & 13 court: avec la

3512 2381 2512 142 derniere une remise de quatre cent florins argent de change a la charge

3523 2457 2536 167 &de monr. belhomme a bruxelles pour la quelle ie procurerez le neessaire

3554 2552 2504 150 a vre grace, sera credite, quand elles sera paye. nous avons jamais occasi

3544 2664 2501 158 ion pour pouvoir tirer, sur ath ce pour quoy vre grace aura la bonte

3528 2763 2497 168 de me resmettre, sur vre comodite, esperant, que ma precedente ne vous

3549 2869 2426 180 aura pas donné o un deplaisir & pour dire les vray mes mannieres,

3549 2936 2452 196 ne sont pas de demander de largent mais comme j'ettois dans une

3525 2986 2540 292 grande necessite, jay prix la liberte de veus le marquer ce quil vous

3542 3148 2469 201 plaire m'excuser. esperant liertoit d'avoir l'honneur de vous voire icy

3549 3253 2363 211 pendant la carcime & ie me recommand a vre binne inclunation

3560 3397 1680 137 & joyez persuadez que ie serez pour tous ma vien

5299 3495 313 201 Ady d

3471 3536 973 245 Brussel Step: Rousseau

3551 3629 2467 208 le 9 court fait a vre grace ma derniere depuit jaquelle ie me referre

3523 3734 2478 191 depuis sans l'honneur de la vre cette pour vous envoyer l'inculie remites

3538 3832 2475 241 de ƒ400 argent de change a la charge de mons. bilhome au present au

3547 3906 2440 248 refure de  is avis lairmaisne de la porte a luxelles pour la

3558 4010 2478 243 quelle, vous est priez de procurer le necessain & me donnee advis de la

3552 4120 2494 226 reception de cette cependant ou ie suis capable de vous rendre service

3536 4285 1538 130 commandez entens occasions auy qui est
