8358 4658
1055 168 885 130 crediter comme en suite

1061 190 2337 223 le 30 mars 1715. pour la voiture du dernier ballot franc julquas

1273 324 1319 147 termonde en argent de chenye ƒ 3:15

1058 379 1864 186 le 6 d'avril 1715 1 pacque  304 „ 15 sacges batt. espines 22 g

2527 512 270 131 22t

1550 517 770 121 4d 305„ 16 ditto

1993 602 338 107 „2 ditto

1674 597 282 188 de fuitr

2089 637 712 167 3 ditto blenwar 22 gdr

2022 722 1294 201 35 p4.. ƒ 23:10 . ƒ 822:10

2160 841 1172 168 voiture jssquei derrena„ 2:8

2916 919 435 150 ƒ 824:18

1063 998 2308 140 paijable dans anvers en argent de change, le dit pallot est tres bien

1051 1115 2190 133 senditione & est marque. L:F:, il vous plaira donner vre ordre

1056 1228 2069 127 a termonde. J'ay envoyez plusiirs fois aue crau, mais le S

1059 1281 2232 159 bourdon, n'est pas en cor arrive. sil y a d'autre chose ou ie vous

1052 1406 1906 111 puis rendre service, commande liberement celuy qui est

936 1462 747 189 Lier Jan de Lindere

2875 1483 498 201 Adij 8 april

969 1583 2382 159 desen alleenelijck an ul te laeten weeten als dat de drogetten

1058 1716 2289 166 op saturdagh lett savens sijn aengesmen benevens alle mijne

1010 1804 2315 190 mijne packen die met het luus ponvoij verwaght hebbe alleq

1042 1922 2273 183 tot u dunste verhope int eert deere te hebben van mij ns u

1037 2022 2241 186 bemine hur tesien om van alles lar te connen geneve

1026 2130 1937 203 ain afwaghtinge blijve naer fordiale groet emisse

888 2297 1017 197 firerton Dereskneck marck

2721 2368 557 134 Adij 10 april 1716

1049 2401 2299 208 op 30 pasto. was aen ul. mijnen laesten, waer mede confirmeerde d'ordre

1042 2525 2331 148 van 27 pas ditto, voor 230 ps bovendien soude een stael boekie ƒ 257 matt

1058 2674 2213 105 oliver voor eene baele olives te provideren van 60ps naer dat selve

1033 2745 2232 145 stael bockie, sedert sijn meest alle mijne olives sarges verscoven soo dat

1059 2833 2286 183 meer als die 6ops noodigh hebbe derhalve gelreve boven dien noch

1036 2930 2238 176 60 blives naer t'selve stael boeeen te besorghen, sijnde nu saemen

1067 3023 2146 207 120 olives sarges beste 22 gosij hier aen den voet deser, heeft u

1065 3106 2315 211 eene notte nottitie, wat tot nu toe geordonneert hebbe die recommanderen

1060 3199 2293 207 in alles te voltrecken, want hebbe de selve het meeste noodugh soo, bjs

1013 3306 2346 236 de borse ten reghte come sal uu hier berievens remitteren u van herten

1038 3432 2323 204 groetende blijven rdre van daniel Gerardo melijn, om met John buridge

1703 3550 725 120 gun te persende

1083 3595 1671 169 op 27 pass a120 p sarges bastardes 229d, bette star

1518 3701 610 113 15 ditto Loups

1527 3669 1669 201 15 ditto prinse a draps s resterende van de jonge ordre

1529 3850 558 132 30 sarges drap een

1050 3884 1737 222 op 30 past. d„ 60 sarges olives ngdy naer N. & 257

1067 4028 1630 162 op heden. „ 60 ditto olives naer 257 voorss

1063 4118 2292 176 op 9 meert lest„ 60 sarges bruyn reste naer N. ƒ6. 27: 28: 29 a 30 naer u

1936 4212 845 153 gesendene stael boeck

1339 4231 117 146 2

1122 4274 827 138 saemen 410 stucken

5942 221 85 62 2r

3481 212 914 140 Firiton Sam gsam: Leves

5282 215 855 154 Adij 30 april 1715

3599 301 2422 147 op 27 past. was aen ue mijnen laesten met ordre voor 60 sarges battardes ig

3583 414 2478 130 van 34p soo gelijck de gesondene baele N2 als oock voor 20 drogetten naer de

3580 519 2478 95 staelen & instructie als dan gesonden dat met desen noch mael sonformere, sedert van uu

3577 519 2558 183 niets vernomen, hebbe u 3 packen alhier ontfanghen ade baele drap een geopent

6073 650 51 61 dis

3566 626 2533 137 &bevinde die niet quaet, soo gelieve noch soo eene baele gereet te maeken naer

3580 737 2459 166 dese twee ingeslotene staelen, die seer schoon ale vendigh van couleur sijn, hebbe

3571 853 2555 77 van andre vinden oock notetie, dat de drapeen 37 p sij aen boort nu moeten8

3580 933 2420 167 hotten, soo ben te vreden die prijs aen u mede te besteden dogh u moet het

3572 1031 2498 148 alderbeste gaet senden, oft geene & als u wel doet tijdt tersekert, al meer dere partj

3562 1121 2478 156 en van u ordoneren sal de baele N2 met de 60 sarges bastard soort ngdy

3567 1230 2440 121 is oock geopent a bevinde die seer grof, niet wel bedecht, dencke eghter niet

3560 1344 2353 154 oft sullen hunne volle seingde hebbe, gelijck de beste soort want anders

3567 1430 2391 166 soude daer geen avance aen doen, gelieve de geordoneerde te besorghen

3565 1533 2453 152 als gesereven op alles wel te letten, principael, ontrent de couleuren

3545 1628 2389 129 de wel mogen sijn, gelijck dese twee drapeen staelen mogen oock

3553 1724 2405 159 noch wel wat meer geperst sijn tot u naight de baele N.1 beste soort

3548 1808 2501 141 bastard ngtij is noch niet geopent, soo can daer noch niets van segghen

3552 1929 2524 153 hiur aen den voet deser, heeft ue de nitto notitie wat besorghen moet om

3540 2025 2574 161 met John buridge sur te versinden, soo haest u staelen afact uret sognosse

3528 2109 2594 201 sendt sal u remitteren de selve te gemoet siende blijve naer Cordiale

3523 2287 470 164 groetenisse

4127 2329 1300 183 Aute m be biproen vonder ie

4142 2389 1612 222 Gerardo melijn om met John lairidge te versenden

3822 2493 2193 168 60 sarges blives 229dsy battard soort van 34 p gelijck de baele 2

3842 2618 2162 181 20 doogetten van 18 n naer mijne gesonde in stniette &staelen van

4202 2718 654 153 23 meert gepasseert

3832 2754 2197 188 40 sarges olives drapeen ngsj van 37 p naer dese twee ingeslotene stalen

3570 2940 536 148 samen 120 ps

3522 3099 2493 158 die opte packen in oune bauerende de cyne bactiome ie simen in engrot

3509 3205 2519 181 pack te weeten de 60 blives sarges 22 gdy in 4 baeltiens ider van 15 ps ade

3531 3272 2434 152 vier baeltiens te samen in een groot pack soo gelijck de vorrge baele N2

3512 3417 1365 167 de 20 drogetten te saemen in een pack

3501 3511 2501 138 de to drapeen in 4 setts ider sett van 10 ps & de 4 setts in een groote

3503 3622 644 144 baele als Joorg

3522 3742 824 194 p Bereghueck marck

3494 3858 2473 166 hebbe op de borse niet connen ten reghten comen al hoewel 37:3

3497 3932 2433 211 te vergeelt geboden hebbe de wissel van Londen was met de laest

3480 4021 2512 196 brieven afgecomen gevallen. &de wisselvan amst is mede aent

3507 4124 2508 175 vallen soo dat de wissel hier mede op londen vallen moet dogh

3488 4238 2501 168 de frakens willen kan noch met resolveren sal p naeste u sende

4736 4339 766 118 faute remitterene
