<?xml version="1.0" encoding="UTF-8"?>
<alto xmlns:xsi="http://www.w3.org/2001/XMLSchema-instance"
      xmlns="http://www.loc.gov/standards/alto/ns-v4#"
      xmlns:page="http://schema.primaresearch.org/PAGE/gts/pagecontent/2013-07-15"
      xsi:schemaLocation="http://www.loc.gov/standards/alto/ns-v4# https://www.loc.gov/standards/alto/v4/alto.xsd">
   <Description>
      <MeasurementUnit>pixel</MeasurementUnit>
      <OCRProcessing ID="IdOcr">
         <ocrProcessingStep>
            <processingDateTime>2022-02-11T21:38:26.166+01:00</processingDateTime>
            <processingSoftware>
               <softwareCreator>READ COOP</softwareCreator>
               <softwareName>Transkribus</softwareName>
            </processingSoftware>
         </ocrProcessingStep>
      </OCRProcessing>
   </Description>
   <Layout>
      <Page ID="Page1" PHYSICAL_IMG_NR="1" HEIGHT="4637" WIDTH="7817">
         <TopMargin HEIGHT="0" WIDTH="7817" VPOS="0" HPOS="0"/>
         <LeftMargin HEIGHT="4637" WIDTH="0" VPOS="0" HPOS="0"/>
         <RightMargin HEIGHT="4637" WIDTH="0" VPOS="0" HPOS="7817"/>
         <BottomMargin HEIGHT="0" WIDTH="7817" VPOS="4637" HPOS="0"/>
         <PrintSpace HEIGHT="4637" WIDTH="7817" VPOS="0" HPOS="0">
            <TextBlock ID="region_1643819086582_4048"
                       HEIGHT="4273"
                       WIDTH="2819"
                       VPOS="139"
                       HPOS="403">
               <Shape>
                  <Polygon POINTS="403,139 3222,139 3222,4412 403,4412"/>
               </Shape>
               <TextLine ID="region_1643819086582_4048l1"
                         BASELINE="690,256 809,254 929,252 1048,250 1168,250 1287,250 1407,250 1526,252 1646,254 1765,254 1885,256 2004,258 2124,261 2243,264 2363,266 2482,268 2602,271 2721,274 2841,276 2960,278 3080,280"
                         HEIGHT="127"
                         WIDTH="2424"
                         VPOS="197"
                         HPOS="672">
                  <String ID="string_region_1643819086582_4048l1"
                          HEIGHT="127"
                          WIDTH="2424"
                          VPOS="197"
                          HPOS="672"
                          CONTENT="geene voordes soude noodige moete wessen wel hebt afgesonden"/>
               </TextLine>
               <TextLine ID="region_1643819086582_4048l2"
                         BASELINE="692,360 809,358 926,356 1043,354 1161,352 1278,352 1395,351 1513,350 1630,352 1747,352 1865,352 1982,354 2099,355 2216,356 2334,358 2451,360 2568,360 2686,362 2803,364 2920,366 3038,366"
                         HEIGHT="112"
                         WIDTH="2380"
                         VPOS="274"
                         HPOS="675">
                  <String ID="string_region_1643819086582_4048l2"
                          HEIGHT="112"
                          WIDTH="2380"
                          VPOS="274"
                          HPOS="675"
                          CONTENT="feryve mede uyt demam van dander vrinde vil hopen"/>
               </TextLine>
               <TextLine ID="region_1643819086582_4048l3"
                         BASELINE="660,458 781,455 902,452 1024,450 1145,448 1267,448 1388,448 1509,448 1631,449 1752,450 1874,452 1995,454 2116,455 2238,456 2359,458 2481,459 2602,460 2723,460 2845,460 2966,460 3088,458"
                         HEIGHT="171"
                         WIDTH="2459"
                         VPOS="364"
                         HPOS="645">
                  <String ID="string_region_1643819086582_4048l3"
                          HEIGHT="171"
                          WIDTH="2459"
                          VPOS="364"
                          HPOS="645"
                          CONTENT="dat op morgen ue antwoort all inde tgene soersoght hebbe met"/>
               </TextLine>
               <TextLine ID="region_1643819086582_4048l4"
                         BASELINE="686,560 809,556 932,554 1055,552 1179,552 1302,552 1425,552 1549,554 1672,554 1795,556 1919,558 2042,560 2165,560 2288,562 2412,562 2535,560 2658,560 2782,558 2905,554 3028,549 3152,544"
                         HEIGHT="148"
                         WIDTH="2499"
                         VPOS="473"
                         HPOS="670">
                  <String ID="string_region_1643819086582_4048l4"
                          HEIGHT="148"
                          WIDTH="2499"
                          VPOS="473"
                          HPOS="670"
                          CONTENT="mijne voorgeen sal becomen, &amp; soo ue dat noch hiet volbraghs"/>
               </TextLine>
               <TextLine ID="region_1643819086582_4048l5"
                         BASELINE="680,662 804,660 928,656 1053,654 1177,654 1302,652 1426,654 1550,654 1675,654 1799,656 1924,658 2048,660 2172,662 2297,664 2421,666 2546,666 2670,668 2794,668 2919,670 3043,669 3168,668"
                         HEIGHT="161"
                         WIDTH="2520"
                         VPOS="576"
                         HPOS="665">
                  <String ID="string_region_1643819086582_4048l5"
                          HEIGHT="161"
                          WIDTH="2520"
                          VPOS="576"
                          HPOS="665"
                          CONTENT="heeft laet stock niets verwijne &amp; spant al in wat noogelij"/>
               </TextLine>
               <TextLine ID="region_1643819086582_4048l6"
                         BASELINE="682,772 801,768 920,764 1040,762 1159,762 1279,760 1398,760 1517,762 1637,762 1756,762 1876,764 1995,764 2114,766 2234,768 2353,768 2473,768 2592,770 2711,769 2831,768 2950,768 3070,764"
                         HEIGHT="201"
                         WIDTH="2423"
                         VPOS="646"
                         HPOS="665">
                  <String ID="string_region_1643819086582_4048l6"
                          HEIGHT="201"
                          WIDTH="2423"
                          VPOS="646"
                          HPOS="665"
                          CONTENT="is hebbe ue voordegen wel repliceert dat genegligent snl"/>
               </TextLine>
               <TextLine ID="region_1643819086582_4048l7"
                         BASELINE="664,876 787,876 910,874 1034,874 1157,872 1281,872 1404,870 1527,870 1651,870 1774,870 1898,868 2021,868 2144,868 2268,868 2391,868 2515,870 2638,870 2761,872 2885,872 3008,874 3132,876"
                         HEIGHT="158"
                         WIDTH="2500"
                         VPOS="782"
                         HPOS="648">
                  <String ID="string_region_1643819086582_4048l7"
                          HEIGHT="158"
                          WIDTH="2500"
                          VPOS="782"
                          HPOS="648"
                          CONTENT="beantwoorden waet, dogh verhope, dat ue nu te bester sal"/>
               </TextLine>
               <TextLine ID="region_1643819086582_4048l8"
                         BASELINE="680,992 801,988 922,986 1043,984 1164,983 1285,982 1406,980 1527,978 1648,978 1769,978 1891,976 2012,976 2133,976 2254,974 2375,974 2496,974 2617,974 2738,972 2859,972 2980,972 3102,970"
                         HEIGHT="165"
                         WIDTH="2455"
                         VPOS="871"
                         HPOS="664">
                  <String ID="string_region_1643819086582_4048l8"
                          HEIGHT="165"
                          WIDTH="2455"
                          VPOS="871"
                          HPOS="664"
                          CONTENT="oppasten7 &amp; consodereren de gesteltenisse vasallen blijve"/>
               </TextLine>
               <TextLine ID="region_1643819086582_4048l9"
                         BASELINE="674,1104 789,1102 905,1100 1020,1098 1136,1096 1251,1094 1367,1094 1482,1092 1598,1092 1713,1090 1829,1090 1944,1088 2060,1088 2175,1086 2291,1086 2406,1084 2522,1084 2637,1082 2753,1080 2868,1078 2984,1076"
                         HEIGHT="174"
                         WIDTH="2343"
                         VPOS="983"
                         HPOS="658">
                  <String ID="string_region_1643819086582_4048l9"
                          HEIGHT="174"
                          WIDTH="2343"
                          VPOS="983"
                          HPOS="658"
                          CONTENT="afwaghtinge tet groot verlangen vant geen noodigh"/>
               </TextLine>
               <TextLine ID="region_1643819086582_4048l10"
                         BASELINE="690,1208 723,1208 757,1208 791,1208 825,1208 859,1208 892,1207 926,1206 960,1205 994,1204 1028,1202 1061,1202 1095,1200 1129,1200 1163,1198 1196,1198 1230,1197 1264,1196 1298,1195 1332,1194 1366,1194"
                         HEIGHT="137"
                         WIDTH="710"
                         VPOS="1125"
                         HPOS="674">
                  <String ID="string_region_1643819086582_4048l10"
                          HEIGHT="137"
                          WIDTH="710"
                          VPOS="1125"
                          HPOS="674"
                          CONTENT="moet wesen"/>
               </TextLine>
               <TextLine ID="region_1643819086582_4048l11"
                         BASELINE="530,1354 611,1342 693,1331 774,1323 856,1316 938,1310 1019,1308 1101,1304 1182,1304 1264,1302 1346,1302 1427,1304 1509,1304 1590,1304 1672,1306 1754,1306 1835,1306 1917,1304 1998,1303 2080,1300 2162,1296"
                         HEIGHT="197"
                         WIDTH="1668"
                         VPOS="1191"
                         HPOS="511">
                  <String ID="string_region_1643819086582_4048l11"
                          HEIGHT="197"
                          WIDTH="1668"
                          VPOS="1191"
                          HPOS="511"
                          CONTENT="d de pactien doo dheer rentergem versonde"/>
               </TextLine>
               <TextLine ID="region_1643819086582_4048l12"
                         BASELINE="678,1418 801,1416 925,1412 1048,1410 1172,1408 1296,1406 1419,1406 1543,1404 1666,1404 1790,1402 1914,1402 2037,1402 2161,1402 2284,1402 2408,1402 2532,1402 2655,1402 2779,1400 2902,1400 3026,1400 3150,1398"
                         HEIGHT="129"
                         WIDTH="2504"
                         VPOS="1328"
                         HPOS="662">
                  <String ID="string_region_1643819086582_4048l12"
                          HEIGHT="129"
                          WIDTH="2504"
                          VPOS="1328"
                          HPOS="662"
                          CONTENT="hebben howe beoerliycke paspoort gehadd, &amp; bij oock gelift, mesln"/>
               </TextLine>
               <TextLine ID="region_1643819086582_4048l13"
                         BASELINE="666,1518 786,1516 906,1514 1026,1512 1146,1510 1266,1510 1386,1508 1506,1508 1626,1508 1746,1508 1866,1508 1986,1508 2106,1508 2226,1508 2346,1508 2466,1508 2586,1508 2706,1508 2826,1508 2946,1508 3066,1506"
                         HEIGHT="120"
                         WIDTH="2433"
                         VPOS="1447"
                         HPOS="648">
                  <String ID="string_region_1643819086582_4048l13"
                          HEIGHT="120"
                          WIDTH="2433"
                          VPOS="1447"
                          HPOS="648"
                          CONTENT="heeft un de directie op ue dienaet laeten staen, &amp; dat de faute"/>
               </TextLine>
               <TextLine ID="region_1643819086582_4048l14"
                         BASELINE="658,1624 777,1622 896,1620 1015,1618 1134,1618 1253,1616 1372,1616 1491,1616 1610,1616 1729,1616 1849,1616 1968,1616 2087,1616 2206,1616 2325,1616 2444,1616 2563,1616 2682,1614 2801,1614 2920,1613 3040,1612"
                         HEIGHT="157"
                         WIDTH="2413"
                         VPOS="1534"
                         HPOS="642">
                  <String ID="string_region_1643819086582_4048l14"
                          HEIGHT="157"
                          WIDTH="2413"
                          VPOS="1534"
                          HPOS="642"
                          CONTENT="langhe dien kant is gemittert goet wil geven dat het "/>
               </TextLine>
               <TextLine ID="region_1643819086582_4048l15"
                         BASELINE="688,1726 804,1726 921,1724 1037,1724 1154,1724 1271,1724 1387,1724 1504,1722 1620,1722 1737,1722 1854,1724 1970,1724 2087,1724 2203,1724 2320,1722 2437,1722 2553,1722 2670,1722 2786,1722 2903,1720 3020,1720"
                         HEIGHT="132"
                         WIDTH="2364"
                         VPOS="1635"
                         HPOS="673">
                  <String ID="string_region_1643819086582_4048l15"
                          HEIGHT="132"
                          WIDTH="2364"
                          VPOS="1635"
                          HPOS="673"
                          CONTENT="wal magh wjt vallee dogh dae is sterck voor te vreesen"/>
               </TextLine>
               <TextLine ID="region_1643819086582_4048l16"
                         BASELINE="672,1842 747,1836 823,1833 898,1830 974,1828 1050,1826 1125,1826 1201,1826 1276,1826 1352,1826 1428,1826 1503,1826 1579,1827 1654,1828 1730,1828 1806,1828 1881,1828 1957,1828 2032,1828 2108,1826 2184,1824"
                         HEIGHT="188"
                         WIDTH="1546"
                         VPOS="1720"
                         HPOS="655">
                  <String ID="string_region_1643819086582_4048l16"
                          HEIGHT="188"
                          WIDTH="1546"
                          VPOS="1720"
                          HPOS="655"
                          CONTENT="ghet is voor waer geen clijn saken"/>
               </TextLine>
               <TextLine ID="region_1643819086582_4048l17"
                         BASELINE="2594,1870 2623,1872 2652,1874 2681,1874 2710,1874 2739,1874 2768,1874 2797,1874 2826,1872 2855,1872 2884,1870 2913,1870 2942,1870 2971,1870 3000,1869 3029,1870 3058,1871 3087,1872 3116,1873 3145,1875 3174,1878"
                         HEIGHT="203"
                         WIDTH="612"
                         VPOS="1751"
                         HPOS="2577">
                  <String ID="string_region_1643819086582_4048l17"
                          HEIGHT="203"
                          WIDTH="612"
                          VPOS="1751"
                          HPOS="2577"
                          CONTENT="Adij 21 ditt 1712"/>
               </TextLine>
               <TextLine ID="region_1643819086582_4048l18"
                         BASELINE="566,1966 591,1961 616,1956 641,1953 666,1950 691,1947 716,1945 741,1943 766,1942 791,1941 816,1940 841,1940 866,1939 891,1938 916,1938 941,1938 966,1938 991,1938 1016,1938 1041,1937 1066,1936"
                         HEIGHT="156"
                         WIDTH="540"
                         VPOS="1846"
                         HPOS="545">
                  <String ID="string_region_1643819086582_4048l18"
                          HEIGHT="156"
                          WIDTH="540"
                          VPOS="1846"
                          HPOS="545"
                          CONTENT="Swerton incost"/>
               </TextLine>
               <TextLine ID="region_1643819086582_4048l19"
                         BASELINE="708,2038 830,2032 953,2027 1075,2024 1198,2020 1320,2018 1443,2016 1565,2014 1688,2014 1810,2014 1933,2012 2055,2012 2178,2012 2300,2012 2423,2012 2545,2012 2668,2012 2790,2010 2913,2008 3035,2006 3158,2002"
                         HEIGHT="124"
                         WIDTH="2484"
                         VPOS="1928"
                         HPOS="692">
                  <String ID="string_region_1643819086582_4048l19"
                          HEIGHT="124"
                          WIDTH="2484"
                          VPOS="1928"
                          HPOS="692"
                          CONTENT="op 12 deser was aen ue mijne lesten, met eenen generaelen staelboeck on mij"/>
               </TextLine>
               <TextLine ID="region_1643819086582_4048l20"
                         BASELINE="712,2128 834,2124 957,2120 1079,2117 1202,2114 1324,2112 1447,2112 1569,2110 1692,2110 1814,2110 1937,2110 2059,2110 2182,2110 2304,2110 2427,2112 2549,2112 2672,2112 2794,2112 2917,2114 3039,2114 3162,2114"
                         HEIGHT="132"
                         WIDTH="2484"
                         VPOS="2033"
                         HPOS="696">
                  <String ID="string_region_1643819086582_4048l20"
                          HEIGHT="132"
                          WIDTH="2484"
                          VPOS="2033"
                          HPOS="696"
                          CONTENT="naer advenant te voltrecken hebbe mede geconfirmeert de bale drapen"/>
               </TextLine>
               <TextLine ID="region_1643819086582_4048l21"
                         BASELINE="710,2222 834,2220 958,2218 1082,2216 1206,2214 1330,2212 1454,2212 1578,2210 1702,2208 1826,2208 1951,2208 2075,2206 2199,2206 2323,2206 2447,2206 2571,2208 2695,2208 2819,2210 2943,2210 3067,2212 3192,2216"
                         HEIGHT="155"
                         WIDTH="2513"
                         VPOS="2132"
                         HPOS="694">
                  <String ID="string_region_1643819086582_4048l21"
                          HEIGHT="155"
                          WIDTH="2513"
                          VPOS="2132"
                          HPOS="694"
                          CONTENT="op te masien, als oock noch eene bale met 60 sacges 22 gd. &amp; gerenittar "/>
               </TextLine>
               <TextLine ID="region_1643819086582_4048l22"
                         BASELINE="706,2318 831,2318 956,2316 1081,2316 1207,2315 1332,2314 1457,2312 1583,2312 1708,2310 1833,2310 1959,2309 2084,2308 2209,2308 2334,2308 2460,2308 2585,2308 2710,2308 2836,2308 2961,2310 3086,2312 3212,2314"
                         HEIGHT="171"
                         WIDTH="2538"
                         VPOS="2207"
                         HPOS="691">
                  <String ID="string_region_1643819086582_4048l22"
                          HEIGHT="171"
                          WIDTH="2538"
                          VPOS="2207"
                          HPOS="691"
                          CONTENT=" £ 222:0:4: ta flatte timoted &amp; thomas ward in london sedert becom"/>
               </TextLine>
               <TextLine ID="region_1643819086582_4048l23"
                         BASELINE="712,2420 835,2420 959,2420 1083,2420 1207,2418 1331,2418 1455,2418 1579,2416 1703,2416 1827,2414 1951,2414 2074,2412 2198,2412 2322,2412 2446,2410 2570,2410 2694,2410 2818,2410 2942,2412 3066,2412 3190,2414"
                         HEIGHT="131"
                         WIDTH="2510"
                         VPOS="2320"
                         HPOS="697">
                  <String ID="string_region_1643819086582_4048l23"
                          HEIGHT="131"
                          WIDTH="2510"
                          VPOS="2320"
                          HPOS="697"
                          CONTENT="ue aengename van 28 pas. &amp; 3 deser sien dat u brief op tourtoe &amp; gurgen"/>
               </TextLine>
               <TextLine ID="region_1643819086582_4048l24"
                         BASELINE="712,2522 833,2523 954,2524 1075,2524 1196,2524 1318,2524 1439,2522 1560,2521 1681,2520 1802,2518 1924,2516 2045,2514 2166,2513 2287,2512 2408,2510 2530,2508 2651,2508 2772,2506 2893,2506 3014,2506 3136,2508"
                         HEIGHT="189"
                         WIDTH="2456"
                         VPOS="2411"
                         HPOS="696">
                  <String ID="string_region_1643819086582_4048l24"
                          HEIGHT="189"
                          WIDTH="2456"
                          VPOS="2411"
                          HPOS="696"
                          CONTENT="met protelt hebt wedercregen, &amp; dat geden selven weder naer london hebt"/>
               </TextLine>
               <TextLine ID="region_1643819086582_4048l25"
                         BASELINE="696,2636 809,2634 923,2633 1037,2632 1151,2630 1265,2628 1379,2626 1493,2624 1607,2622 1721,2620 1835,2620 1948,2618 2062,2616 2176,2614 2290,2614 2404,2612 2518,2610 2632,2609 2746,2608 2860,2607 2974,2606"
                         HEIGHT="173"
                         WIDTH="2310"
                         VPOS="2521"
                         HPOS="680">
                  <String ID="string_region_1643819086582_4048l25"
                          HEIGHT="173"
                          WIDTH="2310"
                          VPOS="2521"
                          HPOS="680"
                          CONTENT="gesonden, aen dheer charles hamilton met ordre va by faite van"/>
               </TextLine>
               <TextLine ID="region_1643819086582_4048l26"
                         BASELINE="694,2740 812,2740 931,2738 1050,2736 1169,2734 1288,2732 1406,2730 1525,2728 1644,2726 1763,2726 1882,2724 2000,2722 2119,2720 2238,2720 2357,2718 2476,2716 2594,2716 2713,2714 2832,2714 2951,2714 3070,2712"
                         HEIGHT="134"
                         WIDTH="2406"
                         VPOS="2658"
                         HPOS="678">
                  <String ID="string_region_1643819086582_4048l26"
                          HEIGHT="134"
                          WIDTH="2406"
                          VPOS="2658"
                          HPOS="678"
                          CONTENT="betalinge, de st £100:- op mij ladde trecken &amp; de geprstelteerden"/>
               </TextLine>
               <TextLine ID="region_1643819086582_4048l27"
                         BASELINE="690,2842 813,2842 936,2842 1059,2840 1182,2838 1305,2836 1428,2834 1551,2832 1674,2830 1797,2828 1920,2826 2043,2824 2166,2824 2289,2822 2412,2822 2535,2822 2658,2822 2781,2822 2904,2824 3027,2826 3150,2828"
                         HEIGHT="147"
                         WIDTH="2494"
                         VPOS="2730"
                         HPOS="673">
                  <String ID="string_region_1643819086582_4048l27"
                          HEIGHT="147"
                          WIDTH="2494"
                          VPOS="2730"
                          HPOS="673"
                          CONTENT="brief aen mij te rigge sonden ben niet wel te vreede dat ue op my"/>
               </TextLine>
               <TextLine ID="region_1643819086582_4048l28"
                         BASELINE="694,2954 816,2952 938,2948 1060,2946 1182,2943 1304,2940 1426,2938 1548,2936 1670,2934 1792,2932 1914,2930 2036,2928 2158,2928 2280,2926 2402,2926 2524,2924 2646,2924 2768,2924 2890,2924 3012,2924 3134,2924"
                         HEIGHT="145"
                         WIDTH="2471"
                         VPOS="2830"
                         HPOS="678">
                  <String ID="string_region_1643819086582_4048l28"
                          HEIGHT="145"
                          WIDTH="2471"
                          VPOS="2830"
                          HPOS="678"
                          CONTENT="doet trecken vek soude ue wel op ssort geremitteert hebben nu wil"/>
               </TextLine>
               <TextLine ID="region_1643819086582_4048l29"
                         BASELINE="718,3054 839,3052 960,3052 1081,3050 1202,3048 1323,3048 1444,3046 1565,3044 1686,3042 1807,3040 1928,3038 2049,3036 2170,3034 2291,3032 2412,3030 2533,3028 2654,3026 2775,3022 2896,3020 3017,3018 3138,3016"
                         HEIGHT="171"
                         WIDTH="2453"
                         VPOS="2936"
                         HPOS="702">
                  <String ID="string_region_1643819086582_4048l29"
                          HEIGHT="171"
                          WIDTH="2453"
                          VPOS="2936"
                          HPOS="702"
                          CONTENT="niet twijfelen, oft ue sal geordonneert hebben op scorter tijt te trecken"/>
               </TextLine>
               <TextLine ID="region_1643819086582_4048l30"
                         BASELINE="704,3150 820,3150 937,3150 1054,3148 1171,3148 1288,3146 1405,3146 1522,3144 1639,3142 1756,3140 1873,3138 1989,3136 2106,3134 2223,3132 2340,3130 2457,3128 2574,3126 2691,3124 2808,3122 2925,3121 3042,3120"
                         HEIGHT="117"
                         WIDTH="2372"
                         VPOS="3071"
                         HPOS="686">
                  <String ID="string_region_1643819086582_4048l30"
                          HEIGHT="117"
                          WIDTH="2372"
                          VPOS="3071"
                          HPOS="686"
                          CONTENT="om een goede prijs 'te becomen, daer sijn hier vrinden betrocken op"/>
               </TextLine>
               <TextLine ID="region_1643819086582_4048l31"
                         BASELINE="714,3242 838,3242 962,3244 1086,3244 1210,3244 1334,3244 1458,3244 1582,3244 1706,3242 1830,3242 1954,3240 2078,3239 2202,3238 2326,3236 2450,3233 2574,3231 2698,3228 2822,3225 2946,3222 3070,3218 3194,3214"
                         HEIGHT="111"
                         WIDTH="2513"
                         VPOS="3170"
                         HPOS="698">
                  <String ID="string_region_1643819086582_4048l31"
                          HEIGHT="111"
                          WIDTH="2513"
                          VPOS="3170"
                          HPOS="698"
                          CONTENT="snte tijt segge ½ ee a 32: 8s, soo hope dat int. hamelion mede tot"/>
               </TextLine>
               <TextLine ID="region_1643819086582_4048l32"
                         BASELINE="702,3348 824,3348 946,3348 1069,3348 1191,3348 1314,3348 1436,3346 1558,3346 1681,3346 1803,3344 1926,3344 2048,3342 2170,3342 2293,3340 2415,3338 2538,3338 2660,3336 2782,3334 2905,3334 3027,3332 3150,3330"
                         HEIGHT="138"
                         WIDTH="2481"
                         VPOS="3268"
                         HPOS="685">
                  <String ID="string_region_1643819086582_4048l32"
                          HEIGHT="138"
                          WIDTH="2481"
                          VPOS="3268"
                          HPOS="685"
                          CONTENT="soo een sprijt sal ten mintte ten regren gerasien hebbe al enige"/>
               </TextLine>
               <TextLine ID="region_1643819086582_4048l33"
                         BASELINE="726,3440 806,3440 887,3442 967,3444 1048,3444 1129,3446 1209,3446 1290,3446 1370,3448 1451,3448 1532,3448 1612,3448 1693,3448 1773,3446 1854,3446 1935,3446 2015,3444 2096,3442 2176,3440 2257,3438 2338,3436"
                         HEIGHT="158"
                         WIDTH="1643"
                         VPOS="3354"
                         HPOS="710">
                  <String ID="string_region_1643819086582_4048l33"
                          HEIGHT="158"
                          WIDTH="1643"
                          VPOS="3354"
                          HPOS="710"
                          CONTENT="van ee packen thys &amp; ue gecrediteerelt volght"/>
               </TextLine>
               <TextLine ID="region_1643819086582_4048l34"
                         BASELINE="2598,3542 2625,3536 2653,3529 2681,3524 2709,3520 2737,3516 2764,3514 2792,3512 2820,3510 2848,3509 2876,3508 2903,3508 2931,3508 2959,3506 2987,3506 3015,3506 3042,3504 3070,3504 3098,3502 3126,3499 3154,3496"
                         HEIGHT="233"
                         WIDTH="592"
                         VPOS="3370"
                         HPOS="2574">
                  <String ID="string_region_1643819086582_4048l34"
                          HEIGHT="233"
                          WIDTH="592"
                          VPOS="3370"
                          HPOS="2574"
                          CONTENT="s £ 214:1:-"/>
               </TextLine>
               <TextLine ID="region_1643819086582_4048l35"
                         BASELINE="704,3548 753,3545 802,3544 851,3542 900,3542 949,3542 998,3542 1047,3542 1096,3542 1145,3542 1194,3544 1243,3544 1292,3544 1341,3546 1390,3546 1439,3546 1488,3546 1537,3546 1586,3546 1635,3545 1684,3544"
                         HEIGHT="168"
                         WIDTH="1012"
                         VPOS="3439"
                         HPOS="688">
                  <String ID="string_region_1643819086582_4048l35"
                          HEIGHT="168"
                          WIDTH="1012"
                          VPOS="3439"
                          HPOS="688"
                          CONTENT="voor 2 balen  N. 32:33"/>
               </TextLine>
               <TextLine ID="region_1643819086582_4048l36"
                         BASELINE="2736,3612 2761,3610 2787,3609 2812,3607 2838,3606 2864,3604 2889,3604 2915,3604 2940,3602 2966,3602 2992,3602 3017,3601 3043,3600 3068,3600 3094,3598 3120,3598"
                         HEIGHT="127"
                         WIDTH="418"
                         VPOS="3516"
                         HPOS="2717">
                  <String ID="string_region_1643819086582_4048l36"
                          HEIGHT="127"
                          WIDTH="418"
                          VPOS="3516"
                          HPOS="2717"
                          CONTENT="„ 249:19:-"/>
               </TextLine>
               <TextLine ID="region_1643819086582_4048l37"
                         BASELINE="966,3634 1002,3632 1038,3632 1075,3632 1111,3632 1148,3633 1184,3634 1220,3634 1257,3636 1293,3636 1330,3637 1366,3638 1402,3638 1439,3640 1475,3640 1512,3640 1548,3640 1584,3639 1621,3638 1657,3636 1694,3634"
                         HEIGHT="139"
                         WIDTH="762"
                         VPOS="3555"
                         HPOS="949">
                  <String ID="string_region_1643819086582_4048l37"
                          HEIGHT="139"
                          WIDTH="762"
                          VPOS="3555"
                          HPOS="949"
                          CONTENT="2 ditto.„ 34:35"/>
               </TextLine>
               <TextLine ID="region_1643819086582_4048l38"
                         BASELINE="2732,3696 2758,3696 2784,3696 2811,3696 2837,3696 2864,3694 2890,3694 2916,3693 2943,3692 2969,3692 2996,3691 3022,3690 3048,3690 3075,3690 3101,3691 3128,3692"
                         HEIGHT="115"
                         WIDTH="429"
                         VPOS="3615"
                         HPOS="2716">
                  <String ID="string_region_1643819086582_4048l38"
                          HEIGHT="115"
                          WIDTH="429"
                          VPOS="3615"
                          HPOS="2716"
                          CONTENT="„ 105:12:"/>
               </TextLine>
               <TextLine ID="region_1643819086582_4048l39"
                         BASELINE="990,3730 1020,3727 1050,3726 1080,3724 1110,3722 1140,3722 1170,3722 1200,3722 1230,3722 1260,3724 1290,3724 1320,3725 1350,3727 1380,3728 1410,3728 1440,3728 1470,3728 1500,3728 1530,3726 1560,3725 1590,3722"
                         HEIGHT="125"
                         WIDTH="635"
                         VPOS="3647"
                         HPOS="972">
                  <String ID="string_region_1643819086582_4048l39"
                          HEIGHT="125"
                          WIDTH="635"
                          VPOS="3647"
                          HPOS="972"
                          CONTENT="1 ditto„ 36"/>
               </TextLine>
               <TextLine ID="region_1643819086582_4048l40"
                         BASELINE="2676,3802 2702,3799 2728,3797 2754,3794 2780,3791 2807,3788 2833,3786 2859,3784 2885,3783 2912,3780 2938,3778 2964,3778 2990,3776 3017,3774 3043,3774 3069,3772 3095,3771 3122,3770"
                         HEIGHT="140"
                         WIDTH="484"
                         VPOS="3681"
                         HPOS="2655">
                  <String ID="string_region_1643819086582_4048l40"
                          HEIGHT="140"
                          WIDTH="484"
                          VPOS="3681"
                          HPOS="2655"
                          CONTENT=". 105:14:"/>
               </TextLine>
               <TextLine ID="region_1643819086582_4048l41"
                         BASELINE="998,3818 1058,3820 1118,3820 1178,3820 1238,3820 1298,3820 1358,3820 1418,3820 1478,3820 1538,3820 1599,3819 1659,3818 1719,3816 1779,3816 1839,3814 1899,3810 1959,3808 2019,3804 2079,3802 2139,3797 2200,3792"
                         HEIGHT="177"
                         WIDTH="1238"
                         VPOS="3694"
                         HPOS="980">
                  <String ID="string_region_1643819086582_4048l41"
                          HEIGHT="177"
                          WIDTH="1238"
                          VPOS="3694"
                          HPOS="980"
                          CONTENT="1 ditto .„ 37 niet geordonneert"/>
               </TextLine>
               <TextLine ID="region_1643819086582_4048l42"
                         BASELINE="998,3908 1106,3908 1215,3908 1324,3908 1433,3908 1542,3904 1651,3902 1760,3898 1869,3894 1978,3889 2087,3885 2195,3879 2304,3873 2413,3867 2522,3861 2631,3854 2740,3847 2849,3840 2958,3833 3067,3826 3176,3820"
                         HEIGHT="201"
                         WIDTH="2212"
                         VPOS="3768"
                         HPOS="980">
                  <String ID="string_region_1643819086582_4048l42"
                          HEIGHT="201"
                          WIDTH="2212"
                          VPOS="3768"
                          HPOS="980"
                          CONTENT="voorde ½ assurante va 5 psa £559:1232:5"/>
               </TextLine>
               <TextLine ID="region_1643819086582_4048l43"
                         BASELINE="2218,3918 2265,3918 2313,3916 2361,3915 2409,3914 2457,3914 2504,3916 2552,3916 2600,3916 2648,3916 2696,3916 2743,3916 2791,3916 2839,3916 2887,3914 2935,3913 2982,3911 3030,3906 3078,3902 3126,3897 3174,3890"
                         HEIGHT="156"
                         WIDTH="990"
                         VPOS="3839"
                         HPOS="2201">
                  <String ID="string_region_1643819086582_4048l43"
                          HEIGHT="156"
                          WIDTH="990"
                          VPOS="3839"
                          HPOS="2201"
                          CONTENT="Jane s £ 682:8:5"/>
               </TextLine>
               <TextLine ID="region_1643819086582_4048l44"
                         BASELINE="646,4042 770,4036 895,4032 1020,4030 1145,4028 1270,4026 1394,4026 1519,4026 1644,4026 1769,4026 1894,4026 2018,4026 2143,4026 2268,4026 2393,4026 2518,4024 2642,4022 2767,4019 2892,4015 3017,4009 3142,4002"
                         HEIGHT="119"
                         WIDTH="2529"
                         VPOS="3952"
                         HPOS="629">
                  <String ID="string_region_1643819086582_4048l44"
                          HEIGHT="119"
                          WIDTH="2529"
                          VPOS="3952"
                          HPOS="629"
                          CONTENT="dat soo mede gelieve te noteren om op onte rek. geen abvijsen te"/>
               </TextLine>
               <TextLine ID="region_1643819086582_4048l45"
                         BASELINE="702,4134 826,4132 950,4130 1074,4130 1198,4130 1322,4130 1446,4130 1570,4132 1694,4132 1818,4132 1942,4132 2066,4132 2190,4132 2314,4132 2438,4130 2562,4128 2686,4126 2810,4122 2934,4116 3058,4111 3182,4104"
                         HEIGHT="179"
                         WIDTH="2513"
                         VPOS="4024"
                         HPOS="687">
                  <String ID="string_region_1643819086582_4048l45"
                          HEIGHT="179"
                          WIDTH="2513"
                          VPOS="4024"
                          HPOS="687"
                          CONTENT="begaen, voorders preparcert twee bales sacqes voyales 24 get ider bale"/>
               </TextLine>
               <TextLine ID="region_1643819086582_4048l46"
                         BASELINE="702,4242 825,4240 949,4238 1072,4238 1196,4236 1320,4236 1443,4236 1567,4238 1690,4238 1814,4238 1938,4238 2061,4237 2185,4236 2308,4235 2432,4233 2556,4230 2679,4226 2803,4223 2926,4216 3050,4210 3174,4202"
                         HEIGHT="151"
                         WIDTH="2506"
                         VPOS="4158"
                         HPOS="685">
                  <String ID="string_region_1643819086582_4048l46"
                          HEIGHT="151"
                          WIDTH="2506"
                          VPOS="4158"
                          HPOS="685"
                          CONTENT="met 60 ps. naer de steln van 12 deser geast tert als aen den voet"/>
               </TextLine>
               <TextLine ID="region_1643819086582_4048l47"
                         BASELINE="706,4346 827,4342 948,4340 1070,4340 1191,4340 1313,4340 1434,4340 1555,4342 1677,4344 1798,4344 1920,4346 2041,4346 2162,4346 2284,4346 2405,4344 2527,4342 2648,4338 2769,4333 2891,4326 3012,4319 3134,4308"
                         HEIGHT="178"
                         WIDTH="2462"
                         VPOS="4228"
                         HPOS="688">
                  <String ID="string_region_1643819086582_4048l47"
                          HEIGHT="178"
                          WIDTH="2462"
                          VPOS="4228"
                          HPOS="688"
                          CONTENT="deser ingesloten remittere £20:- ten laste 8 aul voillant"/>
               </TextLine>
            </TextBlock>
            <TextBlock ID="region_1643819089862_4051"
                       HEIGHT="4285"
                       WIDTH="2824"
                       VPOS="127"
                       HPOS="3267">
               <Shape>
                  <Polygon POINTS="3267,127 6091,127 6091,4412 3267,4412"/>
               </Shape>
               <TextLine ID="region_1643819089862_4051l1"
                         BASELINE="3516,234 3641,236 3767,238 3892,242 4018,244 4144,246 4269,250 4395,252 4520,254 4646,258 4772,260 4897,262 5023,264 5148,266 5274,268 5400,268 5525,270 5651,270 5776,270 5902,268 6028,266"
                         HEIGHT="154"
                         WIDTH="2546"
                         VPOS="190"
                         HPOS="3498">
                  <String ID="string_region_1643819089862_4051l1"
                          HEIGHT="154"
                          WIDTH="2546"
                          VPOS="190"
                          HPOS="3498"
                          CONTENT="in london waer vooren het noodigh gelieve te besorem, &amp; den ontfang"/>
               </TextLine>
               <TextLine ID="region_1643819089862_4051l2"
                         BASELINE="3498,320 3523,322 3548,322 3573,321 3598,320 3623,320 3648,320 3673,320 3698,320 3723,318 3748,318 3774,316"
                         HEIGHT="135"
                         WIDTH="310"
                         VPOS="255"
                         HPOS="3481">
                  <String ID="string_region_1643819089862_4051l2"
                          HEIGHT="135"
                          WIDTH="310"
                          VPOS="255"
                          HPOS="3481"
                          CONTENT="adviseren"/>
               </TextLine>
               <TextLine ID="region_1643819089862_4051l3"
                         BASELINE="4012,372 4081,372 4150,373 4219,374 4288,374 4358,376 4427,376 4496,377 4565,378 4634,378 4704,380 4773,380 4842,380 4911,380 4980,382 5050,382 5119,382 5188,382 5257,382 5326,382 5396,380"
                         HEIGHT="160"
                         WIDTH="1418"
                         VPOS="279"
                         HPOS="3995">
                  <String ID="string_region_1643819089862_4051l3"
                          HEIGHT="160"
                          WIDTH="1418"
                          VPOS="279"
                          HPOS="3995"
                          CONTENT="voor 2 balen sacqes royales 24 grt"/>
               </TextLine>
               <TextLine ID="region_1643819089862_4051l4"
                         BASELINE="3814,468 3913,468 4012,468 4111,468 4210,468 4309,470 4408,470 4507,472 4606,474 4705,474 4804,476 4903,478 5002,478 5101,480 5200,482 5299,482 5398,484 5497,484 5596,484 5695,484 5794,484"
                         HEIGHT="173"
                         WIDTH="2015"
                         VPOS="384"
                         HPOS="3796">
                  <String ID="string_region_1643819089862_4051l4"
                          HEIGHT="173"
                          WIDTH="2015"
                          VPOS="384"
                          HPOS="3796"
                          CONTENT="4 ps bruyn coste naer N. 15:16 van ider stael 2 ps"/>
               </TextLine>
               <TextLine ID="region_1643819089862_4051l5"
                         BASELINE="3806,562 3836,562 3866,562 3897,562 3927,562 3958,562 3988,562 4018,562 4049,562 4079,562 4110,562 4140,562 4170,562 4201,562 4231,562 4262,562 4292,562 4322,561 4353,560 4383,560 4414,560"
                         HEIGHT="145"
                         WIDTH="642"
                         VPOS="473"
                         HPOS="3789">
                  <String ID="string_region_1643819089862_4051l5"
                          HEIGHT="145"
                          WIDTH="642"
                          VPOS="473"
                          HPOS="3789"
                          CONTENT="4 d. draps naer"/>
               </TextLine>
               <TextLine ID="region_1643819089862_4051l6"
                         BASELINE="4698,564 4724,566 4750,568 4776,569 4802,570 4828,570 4854,570 4880,570 4906,570 4932,570 4958,570 4984,570 5010,570 5036,570 5062,570 5088,570 5114,570 5140,570 5166,570 5192,571 5218,572"
                         HEIGHT="152"
                         WIDTH="552"
                         VPOS="486"
                         HPOS="4683">
                  <String ID="string_region_1643819089862_4051l6"
                          HEIGHT="152"
                          WIDTH="552"
                          VPOS="486"
                          HPOS="4683"
                          CONTENT="ƒ 9:10:12:13"/>
               </TextLine>
               <TextLine ID="region_1643819089862_4051l7"
                         BASELINE="3432,604 3459,597 3486,590 3514,584 3541,579 3568,575 3596,572 3623,569 3650,568 3678,566"
                         HEIGHT="225"
                         WIDTH="301"
                         VPOS="431"
                         HPOS="3398">
                  <String ID="string_region_1643819089862_4051l7"
                          HEIGHT="225"
                          WIDTH="301"
                          VPOS="431"
                          HPOS="3398"
                          CONTENT="Dbey"/>
               </TextLine>
               <TextLine ID="region_1643819089862_4051l8"
                         BASELINE="4712,654 4740,652 4768,653 4796,654 4824,656 4852,656 4880,652"
                         HEIGHT="102"
                         WIDTH="201"
                         VPOS="587"
                         HPOS="4696">
                  <String ID="string_region_1643819089862_4051l8"
                          HEIGHT="102"
                          WIDTH="201"
                          VPOS="587"
                          HPOS="4696"
                          CONTENT="„8:"/>
               </TextLine>
               <TextLine ID="region_1643819089862_4051l9"
                         BASELINE="3824,662 3850,659 3876,657 3902,656 3928,656 3955,654 3981,654 4007,654 4033,654 4060,656 4086,656 4112,656 4138,656 4165,656 4191,656 4217,654 4243,652 4270,650"
                         HEIGHT="129"
                         WIDTH="481"
                         VPOS="569"
                         HPOS="3807">
                  <String ID="string_region_1643819089862_4051l9"
                          HEIGHT="129"
                          WIDTH="481"
                          VPOS="569"
                          HPOS="3807"
                          CONTENT="4 d. olires"/>
               </TextLine>
               <TextLine ID="region_1643819089862_4051l10"
                         BASELINE="4696,744 4723,746 4750,746 4777,744 4804,742 4831,742 4858,740 4885,740 4912,740"
                         HEIGHT="132"
                         WIDTH="252"
                         VPOS="661"
                         HPOS="4677">
                  <String ID="string_region_1643819089862_4051l10"
                          HEIGHT="132"
                          WIDTH="252"
                          VPOS="661"
                          HPOS="4677"
                          CONTENT="„ 6:"/>
               </TextLine>
               <TextLine ID="region_1643819089862_4051l11"
                         BASELINE="3822,758 3848,755 3874,752 3900,751 3926,750 3953,750 3979,750 4005,750 4031,750 4058,750"
                         HEIGHT="110"
                         WIDTH="269"
                         VPOS="667"
                         HPOS="3804">
                  <String ID="string_region_1643819089862_4051l11"
                          HEIGHT="110"
                          WIDTH="269"
                          VPOS="667"
                          HPOS="3804"
                          CONTENT="3 ditto"/>
               </TextLine>
               <TextLine ID="region_1643819089862_4051l12"
                         BASELINE="3818,852 3925,849 4033,846 4140,844 4248,842 4356,840 4463,838 4571,838 4678,836 4786,836 4894,836 5001,836 5109,834 5216,834 5324,836 5432,836 5539,836 5647,836 5754,838 5862,838 5970,840"
                         HEIGHT="120"
                         WIDTH="2184"
                         VPOS="776"
                         HPOS="3802">
                  <String ID="string_region_1643819089862_4051l12"
                          HEIGHT="120"
                          WIDTH="2184"
                          VPOS="776"
                          HPOS="3802"
                          CONTENT="15 ps in one sett &amp; 4 setts in one bale alle close mux sure"/>
               </TextLine>
               <TextLine ID="region_1643819089862_4051l13"
                         BASELINE="3846,936 3951,934 4057,932 4162,932 4268,931 4374,930 4479,930 4585,930 4690,930 4796,932 4902,932 5007,932 5113,934 5218,934 5324,934 5430,935 5535,936 5641,936 5746,936 5852,936 5958,934"
                         HEIGHT="160"
                         WIDTH="2142"
                         VPOS="850"
                         HPOS="3831">
                  <String ID="string_region_1643819089862_4051l13"
                          HEIGHT="160"
                          WIDTH="2142"
                          VPOS="850"
                          HPOS="3831"
                          CONTENT="&amp; levendige couleuren, precves gelijck dese stalen &amp; geen"/>
               </TextLine>
               <TextLine ID="region_1643819089862_4051l14"
                         BASELINE="3884,1028 3915,1027 3947,1026 3979,1026 4011,1025 4043,1024 4074,1024 4106,1024 4138,1022 4170,1022 4202,1022 4233,1022 4265,1022 4297,1020 4329,1020 4361,1020 4392,1020 4424,1019 4456,1018 4488,1018 4520,1018"
                         HEIGHT="132"
                         WIDTH="667"
                         VPOS="945"
                         HPOS="3868">
                  <String ID="string_region_1643819089862_4051l14"
                          HEIGHT="132"
                          WIDTH="667"
                          VPOS="945"
                          HPOS="3868"
                          CONTENT="andere bijte doen"/>
               </TextLine>
               <TextLine ID="region_1643819089862_4051l15"
                         BASELINE="5226,1094 5263,1096 5300,1096 5337,1096 5374,1096 5411,1096 5448,1096 5485,1096 5522,1094 5559,1094 5596,1093 5633,1092 5670,1090 5707,1090 5744,1088 5781,1088 5818,1088 5855,1086 5892,1086 5929,1088 5966,1088"
                         HEIGHT="203"
                         WIDTH="772"
                         VPOS="954"
                         HPOS="5209">
                  <String ID="string_region_1643819089862_4051l15"
                          HEIGHT="203"
                          WIDTH="772"
                          VPOS="954"
                          HPOS="5209"
                          CONTENT="Adij 21 mey 1712"/>
               </TextLine>
               <TextLine ID="region_1643819089862_4051l16"
                         BASELINE="3350,1170 3398,1167 3446,1165 3494,1164 3542,1164 3591,1164 3639,1164 3687,1164 3735,1164 3783,1166 3832,1167 3880,1168 3928,1170 3976,1170 4024,1170 4073,1172 4121,1172 4169,1170 4217,1170 4265,1168 4314,1166"
                         HEIGHT="214"
                         WIDTH="999"
                         VPOS="1030"
                         HPOS="3333">
                  <String ID="string_region_1643819089862_4051l16"
                          HEIGHT="214"
                          WIDTH="999"
                          VPOS="1030"
                          HPOS="3333"
                          CONTENT="Sivetton Bere &amp; Enchemarch"/>
               </TextLine>
               <TextLine ID="region_1643819089862_4051l17"
                         BASELINE="3478,1264 3604,1264 3731,1264 3858,1264 3985,1266 4112,1266 4238,1266 4365,1266 4492,1268 4619,1268 4746,1268 4872,1270 4999,1270 5126,1270 5253,1272 5380,1272 5506,1274 5633,1274 5760,1274 5887,1276 6014,1276"
                         HEIGHT="222"
                         WIDTH="2567"
                         VPOS="1122"
                         HPOS="3463">
                  <String ID="string_region_1643819089862_4051l17"
                          HEIGHT="222"
                          WIDTH="2567"
                          VPOS="1122"
                          HPOS="3463"
                          CONTENT="beyde ue aengename van 16 &amp; 26 pass wel ontfanghen sedert is compta"/>
               </TextLine>
               <TextLine ID="region_1643819089862_4051l18"
                         BASELINE="3496,1358 3616,1362 3736,1364 3856,1366 3976,1368 4096,1369 4216,1370 4336,1372 4456,1372 4576,1372 4697,1374 4817,1374 4937,1374 5057,1374 5177,1374 5297,1374 5417,1374 5537,1374 5657,1374 5777,1374 5898,1374"
                         HEIGHT="142"
                         WIDTH="2436"
                         VPOS="1300"
                         HPOS="3478">
                  <String ID="string_region_1643819089862_4051l18"
                          HEIGHT="142"
                          WIDTH="2436"
                          VPOS="1300"
                          HPOS="3478"
                          CONTENT="behouden tot brugge gearriveert, &amp; hebbe oock al eenige pacen"/>
               </TextLine>
               <TextLine ID="region_1643819089862_4051l19"
                         BASELINE="3490,1462 3615,1462 3740,1464 3865,1466 3991,1466 4116,1466 4241,1468 4367,1468 4492,1468 4617,1468 4743,1468 4868,1468 4993,1468 5118,1468 5244,1468 5369,1468 5494,1468 5620,1468 5745,1468 5870,1468 5996,1470"
                         HEIGHT="167"
                         WIDTH="2538"
                         VPOS="1367"
                         HPOS="3473">
                  <String ID="string_region_1643819089862_4051l19"
                          HEIGHT="167"
                          WIDTH="2538"
                          VPOS="1367"
                          HPOS="3473"
                          CONTENT="ontfangen de bale N. 37 blijft dan aghter in John broowdge goner"/>
               </TextLine>
               <TextLine ID="region_1643819089862_4051l20"
                         BASELINE="3482,1564 3604,1564 3726,1564 3848,1564 3970,1564 4092,1564 4214,1564 4336,1564 4458,1564 4580,1566 4703,1566 4825,1566 4947,1568 5069,1568 5191,1568 5313,1568 5435,1568 5557,1568 5679,1568 5801,1568 5924,1566"
                         HEIGHT="101"
                         WIDTH="2474"
                         VPOS="1485"
                         HPOS="3466">
                  <String ID="string_region_1643819089862_4051l20"
                          HEIGHT="101"
                          WIDTH="2474"
                          VPOS="1485"
                          HPOS="3466"
                          CONTENT="het is mij lief te verstaen, dat hij geen water gehadt heeft nu"/>
               </TextLine>
               <TextLine ID="region_1643819089862_4051l21"
                         BASELINE="3496,1664 3622,1664 3748,1664 3874,1664 4000,1664 4126,1664 4252,1666 4378,1666 4504,1666 4630,1666 4756,1666 4882,1666 5008,1666 5134,1666 5260,1666 5386,1666 5512,1666 5638,1666 5764,1666 5890,1666 6016,1664"
                         HEIGHT="135"
                         WIDTH="2551"
                         VPOS="1574"
                         HPOS="3481">
                  <String ID="string_region_1643819089862_4051l21"
                          HEIGHT="135"
                          WIDTH="2551"
                          VPOS="1574"
                          HPOS="3481"
                          CONTENT="wat dasseutantie aengaet sal aen n seterlijck niet meer geven"/>
               </TextLine>
               <TextLine ID="region_1643819089862_4051l22"
                         BASELINE="3482,1760 3595,1760 3708,1760 3821,1760 3934,1762 4047,1760 4160,1760 4273,1760 4386,1760 4499,1760 4612,1760 4725,1760 4838,1760 4951,1760 5064,1762 5177,1762 5290,1762 5403,1764 5516,1764 5629,1766 5742,1768"
                         HEIGHT="161"
                         WIDTH="2294"
                         VPOS="1669"
                         HPOS="3465">
                  <String ID="string_region_1643819089862_4051l22"
                          HEIGHT="161"
                          WIDTH="2294"
                          VPOS="1669"
                          HPOS="3465"
                          CONTENT="als aen andere, soo hebbe ue gecrediteert voor de helft"/>
               </TextLine>
               <TextLine ID="region_1643819089862_4051l23"
                         BASELINE="3492,1858 3610,1858 3729,1860 3848,1860 3967,1860 4086,1860 4204,1860 4323,1859 4442,1858 4561,1858 4680,1858 4798,1856 4917,1856 5036,1856 5155,1858 5274,1858 5392,1859 5511,1860 5630,1864 5749,1866 5868,1870"
                         HEIGHT="156"
                         WIDTH="2410"
                         VPOS="1780"
                         HPOS="3476">
                  <String ID="string_region_1643819089862_4051l23"
                          HEIGHT="156"
                          WIDTH="2410"
                          VPOS="1780"
                          HPOS="3476"
                          CONTENT="asseurantie van de 9 paisten gelonden, blopende l'amens"/>
               </TextLine>
               <TextLine ID="region_1643819089862_4051l24"
                         BASELINE="3474,1972 3597,1969 3721,1967 3844,1966 3968,1964 4092,1962 4215,1960 4339,1960 4462,1958 4586,1958 4710,1958 4833,1958 4957,1960 5080,1960 5204,1962 5328,1964 5451,1966 5575,1970 5698,1974 5822,1978 5946,1982"
                         HEIGHT="107"
                         WIDTH="2506"
                         VPOS="1889"
                         HPOS="3457">
                  <String ID="string_region_1643819089862_4051l24"
                          HEIGHT="107"
                          WIDTH="2506"
                          VPOS="1889"
                          HPOS="3457"
                          CONTENT="£895: 2:4. a 2½ 8½ is voor ue deel saf £11:3:9  dat"/>
               </TextLine>
               <TextLine ID="region_1643819089862_4051l25"
                         BASELINE="3482,2068 3604,2068 3727,2066 3849,2066 3972,2065 4095,2064 4217,2062 4340,2062 4462,2060 4585,2059 4708,2058 4830,2058 4953,2058 5075,2060 5198,2062 5321,2064 5443,2067 5566,2072 5688,2077 5811,2083 5934,2092"
                         HEIGHT="154"
                         WIDTH="2484"
                         VPOS="1996"
                         HPOS="3466">
                  <String ID="string_region_1643819089862_4051l25"
                          HEIGHT="154"
                          WIDTH="2484"
                          VPOS="1996"
                          HPOS="3466"
                          CONTENT="soo mede gelieve te noteren. ingesloten remitter ue f 200"/>
               </TextLine>
               <TextLine ID="region_1643819089862_4051l26"
                         BASELINE="3458,2172 3582,2172 3707,2170 3831,2170 3956,2168 4081,2166 4205,2166 4330,2164 4454,2162 4579,2162 4704,2160 4828,2160 4953,2160 5077,2162 5202,2162 5327,2164 5451,2168 5576,2172 5700,2176 5825,2182 5950,2190"
                         HEIGHT="125"
                         WIDTH="2526"
                         VPOS="2080"
                         HPOS="3441">
                  <String ID="string_region_1643819089862_4051l26"
                          HEIGHT="125"
                          WIDTH="2526"
                          VPOS="2080"
                          HPOS="3441"
                          CONTENT="ten latte Jan lick in london, waer vooren het noodigh gelive"/>
               </TextLine>
               <TextLine ID="region_1643819089862_4051l27"
                         BASELINE="3486,2278 3607,2275 3728,2272 3849,2269 3970,2266 4091,2264 4212,2262 4333,2260 4454,2260 4575,2258 4696,2258 4817,2258 4938,2258 5059,2258 5180,2260 5301,2262 5422,2264 5543,2268 5664,2272 5785,2276 5906,2282"
                         HEIGHT="129"
                         WIDTH="2451"
                         VPOS="2205"
                         HPOS="3470">
                  <String ID="string_region_1643819089862_4051l27"
                          HEIGHT="129"
                          WIDTH="2451"
                          VPOS="2205"
                          HPOS="3470"
                          CONTENT="te besorgen, sende mede den teconde brief van de £60:- o"/>
               </TextLine>
               <TextLine ID="region_1643819089862_4051l28"
                         BASELINE="3986,2322 4011,2316 4036,2314 4061,2313 4086,2310"
                         HEIGHT="82"
                         WIDTH="140"
                         VPOS="2274"
                         HPOS="3965">
                  <String ID="string_region_1643819089862_4051l28"
                          HEIGHT="82"
                          WIDTH="140"
                          VPOS="2274"
                          HPOS="3965"
                          CONTENT="me"/>
               </TextLine>
               <TextLine ID="region_1643819089862_4051l29"
                         BASELINE="3480,2378 3602,2377 3725,2376 3848,2374 3971,2372 4094,2372 4217,2370 4340,2368 4463,2366 4586,2366 4709,2364 4831,2364 4954,2364 5077,2364 5200,2364 5323,2364 5446,2366 5569,2368 5692,2371 5815,2376 5938,2380"
                         HEIGHT="125"
                         WIDTH="2490"
                         VPOS="2292"
                         HPOS="3465">
                  <String ID="string_region_1643819089862_4051l29"
                          HEIGHT="125"
                          WIDTH="2490"
                          VPOS="2292"
                          HPOS="3465"
                          CONTENT="heden dat p gemaeckt wat aen dordre vn dawel mich:"/>
               </TextLine>
               <TextLine ID="region_1643819089862_4051l30"
                         BASELINE="3482,2478 3607,2474 3733,2472 3859,2468 3985,2466 4111,2464 4237,2463 4363,2462 4489,2462 4615,2462 4741,2462 4866,2462 4992,2464 5118,2464 5244,2466 5370,2468 5496,2470 5622,2471 5748,2472 5874,2474 6000,2476"
                         HEIGHT="133"
                         WIDTH="2548"
                         VPOS="2402"
                         HPOS="3467">
                  <String ID="string_region_1643819089862_4051l30"
                          HEIGHT="133"
                          WIDTH="2548"
                          VPOS="2402"
                          HPOS="3467"
                          CONTENT="melijn, n plaets van daniel gerarde, den trecker heeft sijn"/>
               </TextLine>
               <TextLine ID="region_1643819089862_4051l31"
                         BASELINE="3502,2580 3626,2576 3750,2574 3875,2570 3999,2569 4124,2566 4248,2566 4372,2564 4497,2564 4621,2562 4746,2562 4870,2562 4994,2564 5119,2564 5243,2566 5368,2567 5492,2569 5616,2572 5741,2574 5865,2576 5990,2580"
                         HEIGHT="129"
                         WIDTH="2522"
                         VPOS="2520"
                         HPOS="3485">
                  <String ID="string_region_1643819089862_4051l31"
                          HEIGHT="129"
                          WIDTH="2522"
                          VPOS="2520"
                          HPOS="3485"
                          CONTENT="vrint geordonneert op den teconde, te betalen soo gelieve daer"/>
               </TextLine>
               <TextLine ID="region_1643819089862_4051l32"
                         BASELINE="3502,2688 3626,2685 3750,2682 3874,2680 3998,2677 4123,2674 4247,2672 4371,2670 4495,2667 4619,2665 4744,2664 4868,2662 4992,2662 5116,2660 5240,2660 5365,2662 5489,2664 5613,2666 5737,2670 5861,2673 5986,2678"
                         HEIGHT="189"
                         WIDTH="2516"
                         VPOS="2570"
                         HPOS="3485">
                  <String ID="string_region_1643819089862_4051l32"
                          HEIGHT="189"
                          WIDTH="2516"
                          VPOS="2570"
                          HPOS="3485"
                          CONTENT="vooren te sorgen, &amp; desen waer den p senden. voordert sal"/>
               </TextLine>
               <TextLine ID="region_1643819089862_4051l33"
                         BASELINE="3486,2786 3609,2784 3733,2784 3857,2782 3981,2781 4105,2780 4228,2780 4352,2778 4476,2778 4600,2778 4724,2776 4847,2776 4971,2774 5095,2774 5219,2772 5343,2770 5466,2768 5590,2766 5714,2764 5838,2762 5962,2758"
                         HEIGHT="176"
                         WIDTH="2510"
                         VPOS="2670"
                         HPOS="3470">
                  <String ID="string_region_1643819089862_4051l33"
                          HEIGHT="176"
                          WIDTH="2510"
                          VPOS="2670"
                          HPOS="3470"
                          CONTENT="in het geen geordonneert hebbe provideren die tijt is te"/>
               </TextLine>
               <TextLine ID="region_1643819089862_4051l34"
                         BASELINE="3482,2884 3603,2884 3725,2884 3847,2886 3969,2886 4091,2886 4212,2886 4334,2886 4456,2886 4578,2884 4700,2884 4821,2882 4943,2882 5065,2880 5187,2878 5309,2876 5430,2874 5552,2872 5674,2868 5796,2866 5918,2862"
                         HEIGHT="146"
                         WIDTH="2471"
                         VPOS="2773"
                         HPOS="3464">
                  <String ID="string_region_1643819089862_4051l34"
                          HEIGHT="146"
                          WIDTH="2471"
                          VPOS="2773"
                          HPOS="3464"
                          CONTENT="scort om ten largeren &amp; naeste heeft in woordere remises te"/>
               </TextLine>
               <TextLine ID="region_1643819089862_4051l35"
                         BASELINE="3504,2992 3581,2992 3659,2992 3737,2992 3814,2992 3892,2992 3970,2993 4047,2994 4125,2994 4203,2994 4281,2994 4358,2996 4436,2996 4514,2996 4591,2994 4669,2994 4747,2994 4824,2992 4902,2992 4980,2989 5058,2986"
                         HEIGHT="151"
                         WIDTH="1589"
                         VPOS="2917"
                         HPOS="3486">
                  <String ID="string_region_1643819089862_4051l35"
                          HEIGHT="151"
                          WIDTH="1589"
                          VPOS="2917"
                          HPOS="3486"
                          CONTENT="verwaghten blijve naer groetenisse"/>
               </TextLine>
               <TextLine ID="region_1643819089862_4051l36"
                         BASELINE="5350,3082 5383,3082 5416,3082 5449,3082 5482,3082 5515,3080 5548,3080 5581,3078 5614,3078 5647,3077 5680,3076 5713,3074 5746,3074 5779,3073 5812,3072 5845,3072 5878,3072 5911,3072 5944,3072 5977,3072 6010,3074"
                         HEIGHT="202"
                         WIDTH="693"
                         VPOS="2937"
                         HPOS="5333">
                  <String ID="string_region_1643819089862_4051l36"
                          HEIGHT="202"
                          WIDTH="693"
                          VPOS="2937"
                          HPOS="5333"
                          CONTENT="Adj amy 18"/>
               </TextLine>
               <TextLine ID="region_1643819089862_4051l37"
                         BASELINE="3350,3130 3407,3125 3464,3122 3521,3118 3579,3117 3636,3116 3693,3116 3751,3116 3808,3116 3865,3116 3923,3118 3980,3120 4037,3121 4094,3122 4152,3124 4209,3126 4266,3128 4324,3128 4381,3130 4438,3130 4496,3130"
                         HEIGHT="210"
                         WIDTH="1180"
                         VPOS="2969"
                         HPOS="3333">
                  <String ID="string_region_1643819089862_4051l37"
                          HEIGHT="210"
                          WIDTH="1180"
                          VPOS="2969"
                          HPOS="3333"
                          CONTENT="Brussel adrianns van dendrres"/>
               </TextLine>
               <TextLine ID="region_1643819089862_4051l38"
                         BASELINE="3498,3224 3620,3222 3742,3222 3864,3222 3987,3224 4109,3226 4231,3228 4354,3231 4476,3234 4598,3237 4721,3240 4843,3242 4965,3245 5087,3246 5210,3248 5332,3248 5454,3248 5577,3247 5699,3244 5821,3240 5944,3236"
                         HEIGHT="162"
                         WIDTH="2478"
                         VPOS="3160"
                         HPOS="3482">
                  <String ID="string_region_1643819089862_4051l38"
                          HEIGHT="162"
                          WIDTH="2478"
                          VPOS="3160"
                          HPOS="3482"
                          CONTENT="verhope de goede thuys compte van medonf ue loefste, in gevolge haer"/>
               </TextLine>
               <TextLine ID="region_1643819089862_4051l39"
                         BASELINE="3494,3320 3619,3324 3745,3326 3870,3330 3996,3332 4121,3336 4247,3340 4372,3342 4498,3346 4623,3348 4749,3351 4874,3354 5000,3356 5125,3358 5251,3358 5376,3360 5502,3360 5627,3360 5753,3360 5878,3360 6004,3358"
                         HEIGHT="150"
                         WIDTH="2541"
                         VPOS="3245"
                         HPOS="3477">
                  <String ID="string_region_1643819089862_4051l39"
                          HEIGHT="150"
                          WIDTH="2541"
                          VPOS="3245"
                          HPOS="3477"
                          CONTENT="ordre, soo sende aen ue p beurtschop in een pack gemarckt A.DD"/>
               </TextLine>
               <TextLine ID="region_1643819089862_4051l40"
                         BASELINE="3444,3420 3572,3422 3701,3426 3830,3429 3959,3432 4088,3436 4216,3439 4345,3442 4474,3446 4603,3450 4732,3453 4860,3456 4989,3460 5118,3462 5247,3466 5376,3468 5504,3470 5633,3472 5762,3474 5891,3474 6020,3474"
                         HEIGHT="166"
                         WIDTH="2608"
                         VPOS="3360"
                         HPOS="3428">
                  <String ID="string_region_1643819089862_4051l40"
                          HEIGHT="166"
                          WIDTH="2608"
                          VPOS="3360"
                          HPOS="3428"
                          CONTENT="de goederen die sij bij mij heeft uyt gesoght bedragende samen ƒ 648:10"/>
               </TextLine>
               <TextLine ID="region_1643819089862_4051l41"
                         BASELINE="3480,3534 3605,3536 3731,3539 3856,3542 3982,3544 4108,3547 4233,3550 4359,3552 4484,3555 4610,3558 4736,3560 4861,3562 4987,3564 5112,3566 5238,3568 5364,3570 5489,3570 5615,3570 5740,3570 5866,3570 5992,3570"
                         HEIGHT="166"
                         WIDTH="2546"
                         VPOS="3473"
                         HPOS="3464">
                  <String ID="string_region_1643819089862_4051l41"
                          HEIGHT="166"
                          WIDTH="2546"
                          VPOS="3473"
                          HPOS="3464"
                          CONTENT="volgens de facture haer mede gegeven twijfele niet oft ue sal den"/>
               </TextLine>
               <TextLine ID="region_1643819089862_4051l42"
                         BASELINE="3492,3638 3618,3642 3744,3646 3870,3648 3996,3652 4123,3654 4249,3656 4375,3658 4501,3660 4627,3662 4754,3664 4880,3666 5006,3668 5132,3670 5258,3672 5385,3676 5511,3678 5637,3682 5763,3687 5889,3692 6016,3698"
                         HEIGHT="144"
                         WIDTH="2554"
                         VPOS="3583"
                         HPOS="3477">
                  <String ID="string_region_1643819089862_4051l42"
                          HEIGHT="144"
                          WIDTH="2554"
                          VPOS="3583"
                          HPOS="3477"
                          CONTENT="uijtersten content sijn, &amp; iets voorders van u dsutte, gelieve lbrlij"/>
               </TextLine>
               <TextLine ID="region_1643819089862_4051l43"
                         BASELINE="3498,3732 3547,3734 3597,3736 3646,3738 3696,3740 3745,3743 3795,3744 3844,3748 3894,3750 3943,3752 3993,3753 4042,3756 4092,3757 4141,3759 4191,3762 4240,3762 4290,3764 4339,3766 4389,3767 4438,3768 4488,3770"
                         HEIGHT="184"
                         WIDTH="1023"
                         VPOS="3653"
                         HPOS="3483">
                  <String ID="string_region_1643819089862_4051l43"
                          HEIGHT="184"
                          WIDTH="1023"
                          VPOS="3653"
                          HPOS="3483"
                          CONTENT="te comanderen die blijve "/>
               </TextLine>
               <TextLine ID="region_1643819089862_4051l44"
                         BASELINE="5342,3828 5375,3826 5408,3824 5441,3822 5474,3822 5507,3822 5540,3822 5573,3822 5606,3822 5639,3822 5673,3823 5706,3824 5739,3826 5772,3826 5805,3829 5838,3830 5871,3832 5904,3833 5937,3837 5970,3838 6004,3840"
                         HEIGHT="167"
                         WIDTH="695"
                         VPOS="3712"
                         HPOS="5326">
                  <String ID="string_region_1643819089862_4051l44"
                          HEIGHT="167"
                          WIDTH="695"
                          VPOS="3712"
                          HPOS="5326"
                          CONTENT="Ady 21 di 1712"/>
               </TextLine>
               <TextLine ID="region_1643819089862_4051l45"
                         BASELINE="3322,3882 3362,3876 3402,3871 3442,3866 3483,3863 3523,3860 3563,3858 3604,3858 3644,3858 3684,3858 3725,3858 3765,3859 3805,3860 3845,3861 3886,3862 3926,3864 3966,3864 4007,3866 4047,3867 4087,3868 4128,3868"
                         HEIGHT="193"
                         WIDTH="838"
                         VPOS="3735"
                         HPOS="3305">
                  <String ID="string_region_1643819089862_4051l45"
                          HEIGHT="193"
                          WIDTH="838"
                          VPOS="3735"
                          HPOS="3305"
                          CONTENT="Brussel Jan de Broe"/>
               </TextLine>
               <TextLine ID="region_1643819089862_4051l46"
                         BASELINE="3506,3956 3631,3958 3757,3962 3882,3964 4008,3966 4133,3968 4259,3970 4384,3972 4510,3974 4635,3976 4761,3978 4886,3979 5012,3980 5137,3982 5263,3984 5388,3986 5514,3990 5639,3992 5765,3994 5890,3998 6016,4002"
                         HEIGHT="221"
                         WIDTH="2548"
                         VPOS="3845"
                         HPOS="3488">
                  <String ID="string_region_1643819089862_4051l46"
                          HEIGHT="221"
                          WIDTH="2548"
                          VPOS="3845"
                          HPOS="3488"
                          CONTENT="in seer aengename van 18 deser met een wisselbriefie van ƒ 444:"/>
               </TextLine>
               <TextLine ID="region_1643819089862_4051l47"
                         BASELINE="3498,4054 3624,4056 3750,4060 3876,4062 4002,4064 4128,4067 4254,4070 4380,4072 4506,4074 4632,4076 4759,4078 4885,4081 5011,4084 5137,4086 5263,4088 5389,4092 5515,4094 5641,4097 5767,4100 5893,4104 6020,4106"
                         HEIGHT="172"
                         WIDTH="2555"
                         VPOS="3998"
                         HPOS="3481">
                  <String ID="string_region_1643819089862_4051l47"
                          HEIGHT="172"
                          WIDTH="2555"
                          VPOS="3998"
                          HPOS="3481"
                          CONTENT="ten laste dhen sacomo de cleves wel ontfangen hij heeft het selve"/>
               </TextLine>
               <TextLine ID="region_1643819089862_4051l48"
                         BASELINE="3498,4158 3624,4162 3750,4164 3876,4168 4002,4170 4128,4172 4254,4176 4380,4178 4506,4182 4632,4184 4759,4188 4885,4191 5011,4194 5137,4198 5263,4202 5389,4206 5515,4211 5641,4216 5767,4221 5893,4226 6020,4232"
                         HEIGHT="161"
                         WIDTH="2556"
                         VPOS="4106"
                         HPOS="3480">
                  <String ID="string_region_1643819089862_4051l48"
                          HEIGHT="161"
                          WIDTH="2556"
                          VPOS="4106"
                          HPOS="3480"
                          CONTENT="oock prompt voldaen, soo ue is daer vooren geonditeer, sijnde in"/>
               </TextLine>
               <TextLine ID="region_1643819089862_4051l49"
                         BASELINE="3506,4282 3629,4282 3752,4282 3875,4284 3999,4286 4122,4286 4245,4290 4369,4292 4492,4294 4615,4296 4739,4300 4862,4303 4985,4306 5108,4310 5232,4314 5355,4317 5478,4322 5602,4326 5725,4330 5848,4334 5972,4340"
                         HEIGHT="215"
                         WIDTH="2500"
                         VPOS="4170"
                         HPOS="3488">
                  <String ID="string_region_1643819089862_4051l49"
                          HEIGHT="215"
                          WIDTH="2500"
                          VPOS="4170"
                          HPOS="3488"
                          CONTENT="voldoeninge van de pentije van thin 8biy lest soo dient"/>
               </TextLine>
            </TextBlock>
         </PrintSpace>
      </Page>
   </Layout>
</alto>
