8180 4644
2829 168 503 143 Adij 27 april 1715

735 158 1082 137 Amsterdam Jranseisco Mousseau

940 251 2335 151 beyde ul seer aengehame van 21 & 24 deser wel ontfange met den laeste

939 367 2323 146 remise van f8l0 op  dato ten laste Louistolly tot brugge in ant.

933 450 2363 167 werpen te betalen a 1  avance die om acceptatie hebbe verson

826 547 2497 125 den ue twee voorgaende van samen £500:- op den selve sijn op den

933 648 2369 156 verval dage prompt voldaen, wat aengaet voor de resterende pennin

906 745 2397 135 de gelieve noch £200:- op tijdt te remitteren, binnen een dagh

931 844 2332 113 oft thien, daer is niet aengelegen, referrere mij aen ue oordeel

931 950 2313 133 het resteren de gelieve op londen af te geven dogh ben daer mede

927 1008 2317 162 noch niet seer gepresseert, maer waert, dat de rrissel op londen

937 1102 2349 152 stont meer te monteren, soude liever nu afgegeven hebben, daet

937 1235 2310 139 als voor eijgen: gestren hebbe met groot gevoelen verstaen

935 1314 2279 143 het sterven van 8 heer anthonie roussea ue vader ue verlies

927 1383 2256 170 is mij ten herten leedt te meer, om dat mede een seer groote

923 1478 2266 174 vrint aen hadde & goede corespondentie, nu ul moet patientie

927 1579 2400 166 hebben ofte vrede sijn, met den wille des heeren, verhope een grooten

930 1676 2307 141 geluck present geniet vrij moeten alle desen wegh en gaen t'sj

936 1764 2335 175 vroegh, oft laet sal iet naer laten voor sijne sule te bedden

947 1876 675 171 blijve met respes

2797 1941 496 141 Adij 29 d. 1713

729 1986 596 121 brussel de Bau

945 1991 2330 230 ie vous envoye aujoard huy p la barque manchande de bruxelles un

919 2136 2379 171 ballot marque M:H:N. 2 pour compte de monsr. nicolas hamatt

938 2254 2325 134 de mons, il vous plaira procurer le necessaire pour l'ememinement

945 2359 2316 130 le ballots contiene cincquante eing pieies de sarges ansij vre grace

945 2414 2236 226 pourra faire la declaration a ladvenant vous oblignez

939 2573 1043 165 qui suis, de tous mon caer

710 2666 1039 167 fwerton bereqcneck march

2782 2653 472 183 Adij 29 april

950 2762 2351 187 op 15 deser was aen ul mijnen laesten beantwordende den ue van

945 2884 2380 131 28 pass, waer mij gedrage, sedert hebbe ue gesondene wel geexamineert

927 2988 2360 138 naer mijn ordre bevinde, bevinde 35 ps soups minder, als geordoneert

934 3105 2363 127 habbe, ue heeft, soo veele olives, soo  genomen ick wete, op dese

922 3151 2392 204 stalen niets te seggen, sijn ten uyttersten wel, soo die aen de stucken

914 3259 2407 203 sijn, gelijck de stalen hun vertonen, sullen vergenoegen geven, dogh comen

933 3360 2382 185 hoogh en prijs, groen schade 39p & blouw ditto 38ƒ is te veel, gelveve

931 3452 2400 163 dese goedren geloove dese goedren beter, sijn. als wel voordesen hebt gesonden

937 3571 2385 153 dogh de coopers considerrerent met nu hebbe ontfange ue aengename

929 3659 2388 144 van 11 deser daer benevens het cognossement van 5 balen, als oock het

919 3758 2347 198 staelboeckie N:104, godt wil John Ewings in have brengen, terwijlen

935 3871 2326 187 den wint 2 dager goet is gewerst veehope heden, oft morgen, syn

925 3971 2392 167 arrivement te vernemen den vrede is godidanc geteeckent, tegistun

930 4085 2374 166 is hier bekent gemaeckt, dat men in alle veyligheyt, sonder pas poort

946 4185 2364 138 magh rijsen weeke deser vrede, voor dit lant niet favorabel sal

929 4293 2411 123 mede brengen, terwijlen het lant, door den heyser geabandoneerd

3561 193 2482 125 tront qnaer apparentie van hare hoogmogende sullen geregeert worden

3552 260 2447 103 men can tot noch toe niets voor sekerhyt aeterhalen het succes, moet den

3530 348 2503 121 tijdt leegen het is scher, dat die costra hooge wissel onse negotie veracht

3535 457 2504 125 ent, een ider stelt, al uyt, om te remitteren, op hope de wisselvallen sal

3551 529 2469 91 maer vreese daer voor hebbe groote somme gelts segh leggen, wrete

3538 616 2509 153 geen employ om profijt dese sarges, sullen mij hooger instaen, alse wel

3545 718 2407 135 verkoght worden, daerom hebbe soo wijinge geordoneert hebbe sedert

3539 779 2489 156 Jannarij 1715 noch geen 300 ps verkoght soo laet ue considereren hoede nag

3522 918 2491 113 ofie gistelt is. ingeslote remittere ue st£ 151:18:4 et ten leste frouwe

3543 965 2426 174 in Londen waer voore het noodigh gelieve te besorgen &den ontfangh

3521 1080 2504 129 deser mij t'adviseren, p naest, hebt ul voordere remises de rieft verwachte

3513 1192 2473 129 de wissel is present a 35:10 et. John bearidge, stont naett in ladinge

3522 1252 2528 147 te come, ick weete, tot nochtoe niet wat mij manqueren soude, ten wae

3527 1362 2466 158 enige olves, naerde te stalen als oock noch houps, soo laet eene

3525 1448 2487 132 bale van 60 ps loaps gereet macken geenige vlives, naer dese stalen

3532 1549 2441 164 een stuck 30, oft 4o, tot ue governo oock eenige draps &ehet mits wae

3524 1664 2475 122 N 6:7:8:9 van 30 april 171 & blouw schades naer 1n:17, gelieve

3531 1770 2435 113 te laten weten, oft ue die stalen noch bij hebt, om vervolgens mesures

3541 1839 1685 169 te nemen & bljve naer ordiale groeterisse

3359 2316 845 196 fwerton Henrij Blaydon

5565 2361 434 164 Adj 29d. 1713

3529 2435 2385 191 beyde ue seer aengename van 25 & 8 passo wel ontfange met den laeste

3530 2557 2444 134 facturen & stalen van 8 clijne baeltiens N 195 a 202 in twee groote bale

3523 2660 2470 112 N198:199: geladen in John Ewinge Janior beloopende t £202:3:3 en

3527 2742 2422 117 hebbe soo veel van de bruynste niet geordoneert bevinde wijnige van soo

3527 2812 2494 140 vinge coleur, als mijn stael van 18 pass, & die alderrooee comender oock

3524 2903 2497 134 niet te passe boven dien verwondere mij dat ue de bala 199 met ts aser

3523 3009 2422 154 meer belast hebt als de voordese, ue heeft mij genoteert dat alle het

3505 3060 2512 176 gene, met John bwings ordonere, voor den ouder prijs noch sout senden

3513 3175 2491 145 daerom hebbe de freede bale noch geordoneert hebbe present noch wel

3519 3260 2434 165 30 aps van ue coffees bij, & worden soo niet meer getroeken, als wel

3508 3353 2489 180 gedaen hebben, ick can ue cofie drapeen niet quayt worden voor

3503 3425 2503 206 soo hoge prijs. Ewings stont op sijn vertreck vermits den wint ne

3509 3567 2488 164 twee dagen goet is geweest, soo verhope, sijn arrivement heden, aft

3503 3650 2482 167 morgen te verstaen ingeslote remittere ue ff £100:- ten laste

3512 3767 2507 145 Eward frouwd in londen waer vooren, het noodigh gelieve te besorgen

3504 3846 2479 189 &den ontfange deser mij tadviseren, & het cograssement toe te senden

3482 3965 2517 141 p naeste, heeft ue voordre remises te verwachte ue goedren blijven leggen

3515 4090 2486 146 om dat de luyden die fabrique niet seernen, wat aen gaet d'affairen

3511 4191 2476 129 van Erdenborgh daer sijn onder allegeld geene goedren meer, syn

3498 4264 2460 148 ten meestendul verkoght ick soude, die oock niet aennemen
