7864 4637
793 198 2415 155 wat costij pasteert ontrent het lossen & wat occasie daer voor comen sal

781 308 1482 134 om de goederen adrocture te sende in afwaghtinge

1284 482 907 161 p met 45 sarges ider a 27

1047 483 2198 246 372 met 8 sarges drogetten, die aen te geven onder de ƒ 40:-

1034 674 1851 142 23 met to perpetuanen & perpetuan voor larde liere

2540 728 359 153 farduliere

1159 762 949 152 24- met 45 sarges ider a 27

1004 853 1098 144 27- met 60 sarges ider a 27

1145 936 974 120 28- met 60 sarges ider a 27

1140 1013 980 135 29 met 60 ditto ider a 27

2402 966 169 189 1d

1135 1106 1004 141 30- met 30 sarges ider a 21

1115 1191 1023 155 158- met 19 sarges ider a 30

1538 1333 133 62 L4

2141 1331 997 219 helen met 269 farges

1174 1421 712 143 8 balen 367 sarges

2367 1510 78 76 2

1106 1541 151 147 dh

2467 1679 784 208 Adij 19 Juny 1712

611 1804 1019 206 Buussel wed: Borremans

765 1904 2470 200 in seer aengenam va 12 deser wel ontfangh, siiet sijnde twee

769 2036 2383 177 pernetuene wel theyt comen wyt de groen verve & lijn preeres

771 2129 2507 172 het couleur naer u stael, soo hebbe op gisteren p beurtschip de selve

782 2270 2293 157 aen ul toegesonden met de resterende goederen in een pack

753 2405 2454 135 gemarckt . twijfele niet oft sullen ul: wel geworden

793 2465 2237 188 voorders uls sal mij gelieven te crediteren al oeh voor

2436 2542 794 185 a ƒ 25:- ƒ50:-

1145 2579 920 186 2 witte perpetu. N.8

1261 2691 1979 141 al noch voor verschote voor groenverve „10:16

1932 2802 1325 217 Sam n wissel gede ƒ 60:18

812 2915 2472 207 verhope ul ten vollen content sal wesen, & waeren voorders Caiol

797 3038 2417 190 ben, uls eenigen dinst te doen gelieve te cmanderen die blijve

2527 3151 664 174 Adij 19 juny

602 3142 1031 206 Gont Jan B. de Sadelan

781 3252 2492 194 op 5 deser wat aen iel mijn letten, waerbij versoght hadde ul mij sudde

809 3384 2385 165 gelieven de oncosten toe te senden, die op de t packen sijn geresen

809 3436 2461 197 sedert geene van al hebbe gisteren adviss becomen van hier gelly

799 3552 2482 185 vencoppenelle ve brugge, dat eij aenel toegesnden heeft voor mijn

798 3696 2482 170 ick p rapelinck ma twee packen genadt  29 & 24. die versoc

792 3769 2473 200 op den ontfangh cito e wagens te gelijck mij toe te senden, om dat

801 3877 2468 184 hmude represseert ben, dit doende sult mij ten wijt costen verobliger

782 3963 2371 220 & sal mede de oncoste van alle 6 de  en verwaghten die

802 4078 2476 200 gelieve op de vek. va mijn broeder Jan ne melij e geasseren an

783 4170 2489 180 capabel ba ul recuproquelijck dinst te doen gelieve te comandrn

817 4279 2278 155 sal altijt met groot genogen ue ordrer ontfangn & blijve

5302 173 715 173 Adij 20 Juny 17135

3343 197 1039 198 brugge Gillis van coppenolle

3552 298 2445 212 ul aengenaemen van 18 deser wel ontfangen dien volgens soo sien de bale

3547 445 2485 165 N 29   24:p rapelingman op gent & van daer tot hier op wagens te gemoet

3527 590 2486 129 als oock de 6 andere reterende packen p beurtman a drocture waer voore

3527 684 2507 173 ul hier ingesloten sende mijnen tolbrief voorders vlisal de oncost rekieninge

3538 800 2490 162 van de selve mij gelieven te senden, & het slot van onse rekenige courant

3556 896 2472 141 op mij trecken & sal ul: voorder advis van versendige van de 6 packens

3555 990 2414 178 verwachten om volgens te reguleren ul: van herte grotende blijve.

3294 1094 1294 185 brussels de wed: Cornelis Vanderborght

5245 1154 665 139 Adij 20 Junij 1711

3563 1245 2414 207 ul seer aengenaemens van 16 deser wel ontfangen sedert heeft d' heer roasseau

3563 1373 2427 170 mij geadviseert, dat ul aen hem heeft getelt een honder & eenen gulden,

3536 1461 2474 199 wissel gelde sijnde in voldoeninge van de partije van twintigh Januarie

3535 1585 2498 98 lest ledens, waer mede bekenne voldaen te sijn dat dato heden, te weten tot

3538 1668 2413 171 twintigh Junij seven thien hondert bwaelt soo diens dese voor quitantie

3532 1762 2500 183 voorders moet ul adverteren, dat de sarges gemonteert sijn in engelant van

3539 1836 2455 197 nu af 10 stuyvers p stuck & taen noch meer te monteren om dat de olie

3556 1940 2477 159 & wolle de helft is opgeslagen. ick vreese datter int hop een groote verander

3532 2055 2511 202 ringe in onse negotie sal voorcomen soo ift dat ul iets noodigh heeft souder

3545 2166 2486 139 ul raeden een goede provisie op te doen waer in capabel ben ul eenigene

3526 2229 2491 205 dinst te doen gelieve becommanderen die naer cordiale groetenisse blijve

3309 2326 936 210 Cortrijck de wed: Goet gebuer

5165 2375 790 167 Adij 21 Juny 1712

3518 2533 2501 164 hebbe in langen tijdt d'eere niet gehadt van ul: iets te venemen, doch mijn broeder

3555 2682 2493 162 Petro melijn heeft mij gesijdt dat ul. aen hem geschreven hadde van in meij gepasseert

3552 2772 2439 127 over te comen, soo hebbe tot nu toe in verlangen geweest, om ul tesien te

3546 2846 2483 154 meer, om dat de sarges raijales coaffees die ul geordonneert heeft wel sijn gearni

3528 2910 2518 147 reent soo dat ul daer van nu kan voorsien. moet mede noteren, als dat alle

3544 2999 2494 166 wolle goederen in engelane opgeslagen sijn, & konnen de sarges uyt de maecke

3550 3088 2486 157 ers handen niet brijgen onder enen gulden t& stuck meer, als ordinaeren

3590 3154 2415 181 & staen noch hooger te klimmen, om reden dat de wolle & olie de helft

3550 3236 2457 175 en prijs gemonteert is, tot u goveno, waer in Capasel ben ul: eenigen dinst

3551 3334 2051 207 te doen, gelieve te comandere die naer groetenisse blijve.

3352 3444 147 112 ath

5331 3474 640 175 Adj 21 Juny 1712

3569 3448 598 211 Jeans BiColivier

3575 3586 2462 226 lese me courant estoit a vre grace madergiere, y ioint dex assignations

3553 3734 2492 167 l'une sur mons: Jan de la croix & lautree sur mons. marhieu bransdies perant

3548 3834 2463 151 que vre grace l'aura reeu mais je suis toutjour an peind a couse que

3570 3920 2431 123 je vous ay priez. de m'adviser la reception comme je saut anedre p celle

3615 4011 2421 163 Dyez la broité de me marquer cest que est passé & quayd dire gracce

3540 4077 2108 178 auraz l'argent en caissez vous ms ferez plesier de me le sen

4374 4212 859 146 niet voortlgegven
