8132 4637
915 206 2394 129 trouppen hier int lant sijn, moet daer vooren gelt gesorneert worden, dogh

908 259 2120 132 soo den vrede gedaen sal sijn, sal seherlijck nogh hooger op loopen

937 340 2367 120 heeft ue a costij occasie, om op tijdt te remitteren op antwerpen, oft brussel

925 419 2397 138 met avance wille wel £1000:- laten touleren ue soude op light op mij Nonnee

924 519 2317 119 trecken mits staende delcredere  a ¼ p, soo gelijck ue voor mijn broeden

923 590 2343 138 petre gedaen hebt ue antwoort hier op verwachtende blijve naer cordiale

927 641 496 137 groetenisse

2707 683 524 168 Adij 15 feb: 1713

714 699 938 164 mechelen Jacobus Jaradaens

941 810 2238 122 op 3 deser was aen ue mijnen laeste, waer aen mij gedrage, sedert, van sue niets

942 882 2359 106 vernomen, soo souponeere ue de ses royales, noch handen sal, & sult ten uyttersten

930 971 2312 116 wel doen om dat die nu gecomen sijn ƒ32:- moeten costen. het convoij, met

917 1034 2375 134 sarges is godt lof over eenige dage usel tot brugge aengecomen, & mijne packen

930 1133 2297 118 sijn al van daer getrocken, soo verwachte, die op het eijnde van dese weecke hier

933 1181 2340 141 waer onder eene bale hebbe, met 30 prince sarges waer van hier ingeslote, sende

902 1263 2405 126 de stalen aen ul sijn van de supersijneste en sraeitte soorte, soo daet mede dienen

918 1357 2278 126 kan versoecke, te commanderen, ende stalen cito doenelijck weder te senden de

924 1413 2381 151 sarges beste bastardes 22g sijn al tot ƒ24 gemonteert jae connender, noch qualijs

921 1526 2353 131 voorgegeven worden, dese prince satgen, moeten ƒ 32:10 costen p ps de wissel

932 1611 2328 134 monteert, dagelijckx op londen se is 35  met aparentie van nogh hooger te

931 1677 2353 126 loopen op amsterdam in banco Willense op de brieven avonce hebbe, daer is gelt

931 1800 2316 112 genogh, tot pati soo ick laet ue eens considereren wat profijt, datter aen de goedren,

923 1885 2340 109 te doen is en daer bij sijn de sarges in englant, noch eenen schellinck: 6 en op gescage

941 1937 2362 145 hebbe goet gevonden ue sulckx te laten weten, twijfele niet, oft t sal ue aengenaem

941 2036 2359 131 sijn. sijdt versekert, dat de sarges, int cont ƒ 26: costen sullen tot ue governo ue

932 2134 2291 140 van herte groetende blijve in afwachtinge, d'eere, van ue antwoort met de

923 2215 1309 154 stalen, van de prince sarges terugge

734 2297 824 140 ath Jan Be L'olivier

2530 2311 687 159 Adij 18 fevrier 1713

1131 2421 53 44 m

946 2422 2281 94 le 10: courant ettois a vre grace, ma derniere vous advisent que j'avois

949 2475 2319 146 a mon frere Jaen michiel les ƒ1152:7 estant la reste de vre remise, aujourd

926 2603 2259 132 huy eviend d'apprendre p la my avcc qui jay negotiez vre lettre que la

922 2682 2284 113 ditto remise retourmera avec protest samedy prochain, ce qui est le subiet de

939 2776 2375 125 cette d'abord que je l'auray recu je vous le renvoyerez ou du moins vous auraj

937 2855 1998 127 pard, de ce qui est passé je vous salut et suis de tous mon coeure

701 2934 1080 150 contrijck de wed: pieter goet gebuer

2705 2930 471 150 Adij 17 feb 1713

912 3055 2328 97 ue seer aengename van 15 courant wel ontfange, daer benevers eene remise

949 3135 2338 122 van rijstelghponden vlaems ten lasten den bode duwin van gent in antwerpen

940 3227 2335 114 te betalen, waer voore, het noodigh sal besorgen, sien hoede wissel a costij

951 3320 2330 134 op antwerpen is om op rijsel te trecken men moet hier wel 5 p e verliesen

957 3398 2316 109 en dat sal niet beteren, alle walle goedren, sijn seer gemonteert, soo door de

952 3477 2347 121 wissel, als op slagh van incoop, de sarges costen presens ƒ24:- met aparen,

928 3577 2344 154 tie van nogh hooger te monteren tot ue governe, heeft ue nogh eenige

933 3670 2340 146 goedren bij, soo moght daer bij van profiteren, waer in capabel ben ue dirst

955 3771 1865 142 te doen, gelieve te commanderer die blijve, met alle respet

698 3830 963 143 twesten Berezenech marck

2524 3861 745 152 Adij 18 februrj 1713

954 3968 2356 114 op 28 a 11 pasto deser waeren aen ue mijnen laest met dien van i1 de remise

949 4010 2326 168 voor £90:- ten laste fredrick pigace in london als d'ordre, van vay

945 4104 2351 133 balen sarges dat met desen confis mere sedert become ue aengenaime

953 4187 2353 110 van 28 pasto. ditto met eenige stalen gevulde sarges, oft sarges drape

941 4271 2238 111 die mij niet dienen konnen, om dat het iesoen te verre geavanceert i

3532 180 2442 142 & ue lett gesondene sijnden noch alle, & dat is maer winter goet. sien dat ue blijft

3529 265 2425 118 persisteren op £7:1:8 et, soo sal daer door passeren, op hope ue mij in toecomende

3533 345 2472 109 beter sult be dienen als wel in dien tijde gedaen hebt, soo hebbe u daer voore gedel

3549 398 2468 99 iteert dat mede soo gelieve te noteren, wat aengaet den opslagh vande drogetten

3532 478 2479 133 ick soude geene meer ordoneren, want alle die ue sent sijn meest sonder perse de bale

3503 570 2524 98 N. 100 & 143 met drogetten staen noch gesloten, hebbe veele cossen, dat goet eerdt den

3508 643 2511 134 intrest op, doort liggen, & sijn seer subjet, aen de motten voorders ue seght de loups

3524 730 2500 157 sarges van GN.1 met name dat die binnen de 36 p 6 en 37  niet te coopen

3540 814 2480 133 sijn begeire van GB. geene van 37 p ue heeft mij genoteert, op 3 januarij lest, dat

3515 899 2489 122 de coups, van den maker 3. 37 p aen boort hosten, soo hebbe liever eenige van dat

3515 1010 2422 126 marck onder de andre tat ue governo. sent onder de geordoneerde schades eenige

3532 1064 2485 182 naer dese staeltiens, & geeft advies vrat costij passeert aen die naer cordiale groetenisse

3532 1156 231 140 blijve

4303 1177 1050 197 dict gnerder het certe is het bete

3361 1420 942 189 brugge Tillis van Coppenolle

5220 1467 636 173 Adij 18 feb. 1713

3528 1577 2418 131 ue aengename, van 10 deser met de eerste rekeninge van de 5 balatten wel ontfange

3515 1640 2479 168 & d'acloort bevonden, der alven is ue, daer voor gecrediteert adriaen herby is hier aenge

3532 1739 2497 162 comen, & heeft sijne packen alle gelost, & mijne bale N 30 89 is weder nat thuysgecomen

3534 1816 2451 178 het pack, was seer ontrampaneert sonder bardens, dat geloove a costij geschiet is

3532 1905 2477 172 op de halle, de loyen sijn aen twes baeltiens met hoorden, aen de tossen gesteren dat

3536 1995 2467 151 wel absuert gedaen is, gij lieden handelt, met de goedren, aftse van geen waerde waeren

3528 2093 2427 138 soo gij lieden niet beter sorght, dat de packer geconserveert blijven, sal wel maken

3507 2134 2505 154 datter veele sullen sijn benevens mij die niet aen a costij sullen laten comen boven

3515 2237 2502 136 dien betaelt men 9 st wisselgelt voor vraght van cocon op costij & op rabt betale

3516 2304 2484 144 maer 6 ft hollants courant soo daer moet men mede in voorsien, oftalles sal

3515 2394 2495 167 verloopen tot ue governo schipper jacob la mere is noch niet aengecomen naer

3529 2478 2351 150 van verwondert ben terwijlen, met harbij vertrocken is. ue groetende blijve

3524 2536 2486 157 t sende ul: hier ingesloten twee wssel brieven ten laste louls joly de gelieve te laten accepteren

3374 2541 1519 196 londen harles hamilton & mij cito wedersenden

5275 2661 679 136 Adij 18 februarij 1713

3527 2695 2455 178 ue aengename, van 30 past wel ontfange waer bj verstaen ue mijne gesondene rek

3518 2771 2492 177 aen d heer robent buridgh hebt doen bestelle & dat ue hem largo daer over hebt gescreven

3524 2835 2434 152 & sijn antwoort was, daer over niet meer willen scrijven & sijne gefondeerde pretentie te

3524 2930 2461 184 willen metitineren segge noch mael, dat niet gesint ben twee betalinge voor een te

3501 3005 2526 186 doen, wat aengaet de £2:10:5 en die hij op sijne ick stelt, voor de bale A.5 maet

3512 3081 2485 215 sijn voor N. 7 mij hadden hem gecrediteert voor £ ƒ 3:11:6 en voor oncosten, tot

3523 3152 1529 170 londen op N.3 & maet maer sijn £2:10:5 en

3518 3252 1541 153 soo is hij gecrediteert geweest voor erreurop, 1: 1:1 en

4172 3351 1768 208 macht, dat nietsame £ 3: 11:6 en, dat hij genoten heeft op de

3524 3456 2355 146 bale N.7 alhoewel hij ftelt N.5 & is aen hem boven dien voor de bale N.4:5

3511 3551 2466 132 £3:9: en goet gedaen, soo ick hebbe aen sijne pretentie geen schult, heeft ue myne

3525 3689 2427 131 reke belast ue hebt se maer tontlasten & impost vragen van den geene, die het

3513 3751 1894 130 genoten heeft tot ue governo. ue van hette grotende blijve

3394 3798 713 153 ath Ignace Horion

5368 3833 582 150 Adij 18 fb. 1713

3526 3928 2435 112 mons le 10m fut a vre grace ma derniere depuis je viend de recevoir vre

3528 4006 2459 131 remise de ƒ500:- courant a la charge de mons grafetrima avec protest

3499 4067 2441 178 de retour a couse que la premier indorsement n'est pas enforme chavoir

3517 4155 2456 160 quelle est a payer a lordre de mons rivest, & est indorse p theodor baivrce

3507 4236 2496 166 pourquoy il vous plaira changer mons gras & tima est pret a payer quand
