8385 4644
1105 204 2332 106 hebben in desen nieuven jaere alle heijl, hegen  voorspoet met

1114 289 972 146 noch veele navolgende

2440 352 229 206 N. 9

1201 406 172 153 N

2468 559 180 181 110

2078 678 1178 216 voor 60 bastardes 22 gdij 2 voet

1363 835 93 92 3

2003 860 1009 132 „2 ps naer. N.1„2„ 3„4„

2936 974 80 109 „

2538 956 140 118 „5

2012 967 333 121 2 ditto

1288 941 178 196 4

2189 1051 74 56 de

2509 1020 196 152 „6:

2029 1068 228 103 „28:

2958 1043 425 144 Calle Elives

2089 1139 192 116 9 d.

2535 1163 502 179 „8

2012 1210 267 161 2d

2493 1302 539 149 „ 9 bruijn roste

2010 1300 284 151 „4d

2511 1399 922 156 „10 geile, schades, oft wel naer

2004 1392 278 157 1d.

1253 1373 203 207 6

2202 1485 829 117 het ander schade staeltien

1958 1576 117 118 l

1280 1592 52 136 4

1988 1611 1416 195 „15 ps in one sett a so 4 sett. in one baele

1367 1730 103 183 8

1252 1776 104 134 S

2852 2033 556 172 Adij 10 janu 1715

929 2065 986 205 Rotterdam Dronijs Verburgh

1123 2180 2264 155 op 24 past. was aen ul mijnen laeste met versoeck van mijne rek

1118 2252 2181 159 courant toe te senden die tot nu toe noch met vernomen hebe

1120 2359 2284 140 soo come met desen u noch mael vrindelyck versoecken de selve

1108 2420 2273 189 te senden terwijlen, daer bij verlegen ben sult mij verobligeren

1123 2523 2150 197 wij alle oopuyden soude wel inglineren om mae goedre

1114 2599 2305 198 lan k Crott te laeten comen bij aldien de regeringe gelufe din

1110 2713 2202 169 rensito te venendren & het extra veyl gelt af de doen insant

1121 2791 2249 176 van d'onse heft den secrefand van dheeren geemitterde van

1095 2900 2292 212 den traet daer over gesproken die seghte dat gij lij den behoorde

1124 3013 2218 182 een reguest aen u ongestraet daer van in te geven

1086 3113 2300 172 dan sulx aen de staeten generael senden bekent mesen a et

1106 3189 2300 171 lade  dien cant lightelijck soude gennen dceederen, soo mjt vallen

1124 3308 2211 174 verschere nimant van ond een stuck lan astende soude && bon

1128 3396 2276 199 comen dat ben groet voor deel voor sa stat, soude sijn avoi

1118 3498 2282 216 groote bene icie voor de suppers, vsocke a sentiment hier op

1144 3608 2230 164 eens gelreve te laeten, weeten  afwaghtsinge, imet verlange

1134 3731 1214 153 blijve naer cordrale ƒ groetenisse

5444 172 593 164 Adiy 10 Jan 1681

3470 219 599 189 lur Jan de hinder

3589 343 2430 130 neme de libertijdt van ul: hier gesloten te senden eene quittantie ten laste

3561 416 2428 123 de stat hier van negentigh guldens courant geet toecomende mijne

3590 529 2420 126 moyen te weeten anna a catiina bouwens a terwijlen catina bouwens

3574 608 2396 131 is comen te sterven, soo is hier benevens een eestraet huyt haren

3578 690 2377 152 testamente, waer by blijckt anna p Cornelia bauwens haere universe

3565 687 2505 265 erfgenaem sijn, door wie dese quittantie is ondert aekent versocke

3559 862 2372 157 vrindelyck de selve in te voordren eben woorde hen advies te geven

3588 939 2396 195 op ontfangh deser sult mij verobligeren awaer in u reciproquelijck

3574 1042 2329 197 can dienstigh wesen versoeke mede te commanderen, die

3589 1194 1289 156 attydt met groot plaisir sal sijn

5332 1252 683 170 Adij 11 Janu. 1725

3525 1288 812 171 doel Pieter le page

3588 1340 2428 231 in langhe van niett dernomen hadde eghter in afvaghtinge

3562 1439 2484 240 geweest dat al eens na sent gecomen hebben om t'adyisteren niet

3563 1533 2495 248 soude wel van a farme begeiren voor mijne provisie bij aldien

3567 1653 2394 227 u iet goedts heeft soo begeire wel 6 laeken, dogh het sende

3554 1723 2435 229 van de beste boek tarve moeten sijn, oft geene vertrouwe mij

3558 1866 2446 207 op ue twijfele niet, oft sult willen tkoenen daer lere van te

3553 1958 2354 176 haelen, gelieve dese 6 sacken p eersten dan te senden dogh

3550 2083 2485 197 doelse maete gelijck voorlede jaer sal u de selve betaelen ten

3564 2208 2444 167 prijse, gelijck die hier op de mart naeste vrijdagh sal gellen

3540 2312 2137 200 gelieve een woordelen antw: te geven dah blijvee

5389 2400 603 223 Adij 11 d. 17157

3516 2467 1273 198 Brugge Gillis van Coppenolle

3560 2522 2396 220 ue aengename van 9 deser wel ontfanghen, daerbij vermeme dul de 13

3570 2645 2417 194 resterende packen, sonder mijn ordre geladen hebt inden orlander

3562 2728 2461 207 van Ed martens mij dunckt dat die lanck genoch ae cortij waeren om

3543 2823 2451 177 de selve p baergie te laeten comen hebbe groote preiuditie daer bj

3556 2916 2478 205 geleden, terwijlen partijen vooone daer van sonden verscoght

3554 3007 2491 176 wesen, boven dien u laeyt de geheele partije in een sup daer noch

3556 3136 2462 149 tano meer lijlanders vertrecken & hanne seepen, sijn niet al te

3556 3209 2477 213 goot wat de vraght aengaet sal niet meer betaelen als tot

3543 3318 2477 173 60 po p vat  dat a seght van eene generale tarist te maken

3546 3426 2488 169 dat is redelijck, dogh wij souden souden wel pretenderen daer over

3570 3499 2459 187 mede te temmen terwijlen sulx ons het meeste raeckt & soude

3568 3603 2412 182 met wel toe stemmen tot 60ps maer wel 30 a 80po gelijck

3549 3731 2400 150 het te vooren geweest is & dan sullen proberen dat de suppers noch

3557 3827 2461 175 meer van hun vraght maeken, als hun syp weeint is nu gij liedene

3565 3916 2456 195 cont doen na wel gevallen wij laeten ons daer wijnigh aen

3559 4049 2457 151 gelegen onse genomene resolutie blijft noch vast asien mit de

3547 4168 2445 112 selve vlandert sal worden want voor nu alle geordoneert hebbe

3555 4163 2491 196 ense goedren, op Rott te laeden onse gemoedren, sijn te seer verbittent

3549 4328 2479 141 geworden om ul uyt sporige empartinente pretentier den tijt salt aenwijsen
