8234 4665
709 180 1079 215 Brussel Aepr: Rousseau

2488 189 825 205 Adij 3 gber 176

897 363 2425 150 couleur, sijn seer sleght terwijlen, die gelijck bnijn rosse sarges seynen

891 471 2431 137 laeter mede gemaeckt worden naer mijn stael No 14 dat is een coleu

899 543 2397 178 light om maken naer N 12 esser oock niet een voorders u senter

906 647 2409 187 lighter sonder, die niet gevraeght gelijck dit ingesloten stael, & daer

936 757 2365 185 van hebbe van u vorge soo veel, dat niet weete hoe die aen den

905 861 2381 161 man te brenghen soo sent geene meer hier in gesloten eene

899 965 2375 206 not ite, waer na sult gelieve te laeten maken ageen andre

893 1073 2414 190 couleuren te senden sien dat onder dese 40 ps drya 4 sijn die

927 1182 2241 219 wat smalder vallen, als d'andre vreese, die niet light te

910 1314 2385 193 vercoopen om dat de luyden de volle breede goede willen hebbe

911 1408 2416 169 soo int toecomende daer in te voorsien & wel letten, op de breede, goede

897 1541 2360 213 & levendighe mengelinge, a wel geporst, u hebt wee gedaen van die

920 1683 2393 182 5 a 6 qus volgens het losse stael, die int stuck geverft waeren niet

879 1747 2433 251 te senden, want soude dusdanige voor u iek moeten laten & dat doen

905 1927 2343 182 ick niet gaven, hebbe noch wel too ps van u gemeyne coffies bij

909 2031 1987 222 soo dat geene, noch noodigh hebbe, u groetende blijven

1166 2151 2126 211 Rotitie om drogetten te laeten maken voor D.G. Mesijn

1175 2284 2076 211 varden besten maker alle van sijne lijne mengelinge,

1193 2408 2088 211 wel bedeckt alevendigh van couleur, naer mijne gesondene

1155 2544 1087 172 staelen van 19 Juny 1715

2014 2682 278 174 5us

1372 2651 477 219 sher A

1703 2774 520 140 „ 2„ 5

1701 2851 532 162 „5„ 5d:

1692 2959 536 150 „8.„2d

1684 3042 568 176 6:9.„ 8d

2112 3141 108 115 5d

1680 3184 396 141 „135

1997 3232 275 154 „5d

1675 3281 207 148 „14

1753 3338 558 180 Sijn 10 p:

707 3510 917 195 London C Hamitten

2651 3462 668 227 Adij 4 dsber 1715

876 3658 2390 196 op rt pass, was aen ul mijnen laetten, waer aen mij gedrage

866 3773 2432 171 sedert geene van ue desen tot couverte van d'ingelyde cognossement

874 3925 2395 135 a facture van een tweede bale met 113 ps tijsken beloopende in

888 4017 2433 138 wissel gelde ƒ 1262:11 geladen int scis van preter de wint, die de

889 4123 2437 159 naeste weele staet te vertreken, weder & wint dienende godt gelijdt

883 4212 2428 165 hem in salvo & laeten u dese goedren wel geonditioneert ter hant

887 4306 2369 123 comen voorders, soo de wissel brief, onder u beuftende niet en is

3574 232 2465 124 geaccepteert versoecke, sonder protest te doen den selven mij weder te sende

3542 298 2503 169 dogh geaccepteert sijnde cito te laeten weeten & bij u te handen mijn tijcken

3553 405 2482 199 maker, heeft mij het restant van de 200 ps thuysgesonden soo verwagh

3558 513 2482 213 u ordre, tot meerdie, om de selve mede te versenden ablijve in afwag

3537 669 1518 169 tinge u comande a groete u van herten

5407 822 615 196 Adij 4 sber 1713

3449 780 941 242 . Bereaneck mare

3540 952 2497 212 ingeslote remittere ul ft £59:- ten laste sames lock waervoren

3533 1070 2504 218 het noodigh gelieve te besorghen eden ontfangh t'adviseren p naer

3556 1211 2219 188 meerdre somme hebbe heden niets anders connen becemenn

3443 1298 965 200 dermonde Piere de Baut

5369 1335 625 214 Adij 3d. 1715

3547 1456 2489 171 ie vous envoye aujourdhuy p la barque marehande de termonde deux

3536 1600 2513 161 pacque, bien conditione l'un marque V:FL pour compte de mons nicolas

3511 1682 2532 193 francois le Lievre d'ath & lautre marque 1:B:1 poair compte de mon

3525 1802 2516 153 Jan B. l'olivier dat h le contenue de 12:5:1 est de vintsineg ps d'estost

3532 1940 2523 141 d'engleterre a lautre 1:8½ de six sarges & trois cassees, done il vous

3537 2035 2423 156 plaira de suivre son ordre pour lun a l aettre la voiture est iay

3519 2171 2457 199 payez ainsij franc de tous frais ie vous recommand le soin pour

3532 2284 2426 131 slienc heminement & la paun courte expedition vous obligerez

3550 2420 700 157 qui est de ben coeur

5306 2485 694 197 Adij 8 sber 1715

3453 2535 716 173 Londen C hanulton

3527 2610 2519 185 op 24 pass & 4 deser, was aen ue mijne laesten met den laetten facture J lognossemert

3534 2790 2513 144 van eene Caalle N2 inhaudende 113 ps beloopende in wisselgelde ƒ 1262:1

3537 2859 2510 181 voorders ieferrere mij aen den selven, sedert tecome uk: aengen van 19 pass. smet advies

3529 2958 2512 186 dat de wissel brief van  £170:- op dheer Bouroughs geacceptent was, diu u op

3511 3066 2494 148 den seconde brief met behoorlijch indorsement sult gelieven te laeten volgen

3531 3178 2510 170 voorders ordonneert u noch 100 ps tijken lijn strepius, volgens het in gelijde stael

3530 3293 2441 154 mijn maker, van het marck 3 was jult bij mij op ontfangh van u brieft,

3517 3396 2412 180 a hebbe de selve alle aen hem geordeneert, die mij gelooft heeft de selve te

3532 3475 2438 202 leteren binnen p weken, alle sonder choppen, maer seght gan lijnden

3527 3580 2516 172 trepies gemaeckt connen worden, als u stael, sijnde van hier drayen wiltemen

3510 3696 2484 202 drayen blouw, a sal de balle N.2 beter bevinden, als de cerste, & dese de nu

3521 3843 2532 172 sullen gemaeckt worden noch noch beter, om dis wil dat de tijken, die met groete

3527 3965 2501 147 hitte gemaeckt werden, de makers, met het garen geenen wegh connen, omdat

3499 4074 2501 120 door de donigheyt, de garent in een crinchelen & dat maeckt de knoppen inde

3501 4157 2454 180 stucken, soo sijt versehert, dat de tijsen, die indit te soen gemackt worden

3502 4277 2509 104 de beste sijn, bij aldien ul inclinatie heeft tot meerdre partije, soude uraeden

3526 4379 1943 93 met dit zesoen te laeten mesen u van hetten groetende blijven
