7858 4637
790 162 2454 118 wat voorders aengaet het monteren van goederen, ick magh niet meer besteden

790 228 2466 130 als voorderen men geeft de beste sarges voore£ 21½ en moeten wij 1 plmeer

790 286 2435 189 geven soo sullen ons die soo veel instaen, ick saude even wel mijne barges

802 371 2442 137 onder de f21- 10 niet verkoopen, nu om van ue goederen te hebben, moete

804 418 2426 176 6 pence op de olives meer geven patkentie, maer voor de shades altoos niet

794 507 2464 166 meer als ordinaire de geil shadest die ue sent in de bale 59 naer het staeltien

793 570 2469 202 no 21 syn niet reeie, iet die eens tegen, dan salu bevinden, dat mijn stael

802 689 2339 155 veel levender en beter is, daerom die ue noch senden moet sorght datse

813 768 2433 153 preeves naer tcomen en sent eenige lichter olives gelijck het staeltien r

822 819 2454 183 en naer dese ingeslotene sal mede p eersten de stalen van de cogales verwachte

803 915 2407 189 en laet d'eene bale op ostende geladen worden, en dandere op cotterdam

810 1008 2400 178 en soo alle de andere goederen mede, ende maeckt van ider bale een facture

806 1082 2460 158 appaeet 6: cxempel sent ne 6 groote balen maeckx 6 facturen op de selve

797 1163 2357 146 manere van de bale N39 of ½ om beter te sijn naer de bale  N37

808 1242 2338 144 dat is eene betere forme. waet aen gaet den gereotorteerden brief op

818 1328 2309 140 tourton en quigue, ue sal uyt mijnen vongen sien hoe daer mede

809 1384 2464 192 gerarcen ben, het is sekerlijck dat den trecker een suffisant man is, en van

806 1505 2465 126 goede raputatie, maer gelijck de tijden nu staen, men is van alle hanten

821 1563 2432 149 bedacht en de de negotie is van alle kanten soo getropieert, dat men niet

822 1670 2416 120 weet, wat doen ofte lasen alle de banquecouten die hoets voorgekomen

821 1720 2397 174 sijn, maeckt mede eene brouillie in de wissel. ingesloten remittere

830 1829 2383 124 ue st £ 140:- ten laste Jean kertley in london, waer vooren het

808 1896 2442 127 noodigh geleve te beorgen, denende op rekeninge van de goederen die ue

819 1964 2460 172 senden sal p eersten convoij ende soo haest voordere stalen en facturen

822 2068 2376 176 sal becomen benevens de cognoscementen sal ue voorders remitteren

1503 2164 694 169 voor lighte blijven

2076 2183 1210 183 geen lichter belijne en fijne menge

1613 2259 99 151 3

2082 2302 1179 155 lingen gelijck dese stalen leven die

2028 2380 1233 138 van couleur oft geene het syn nogh

2101 2468 1158 105 van ue eygen stalen uyt het stael

2093 2556 1164 129 soeckie to ½ de bruynste daer uyt

2082 2626 1112 142 de meeste naer het onderste staeltie

798 2696 1808 151 de helft op ostende te laden en d'ander helft op cotterdam

2648 2717 548 161 Ady 11 d 112

584 2813 917 180 Livastn thorne & blaydon

761 2899 2510 146 op 4 deser wat aen ue mijne letten met remise voors £130:- ten catte

751 3054 2506 125 John renie in london, als oock ordre voor 18 witte pepetuance, voor eene

761 3131 2455 144 preuve van prijsen als genoteert voordert referrere mij aen den selven

754 3254 2493 149 sedert become ue aengeneme van 24 pas. dien volgens sal mijn ordres

759 3349 2500 106 voor de coffies aen ue senden segge aen mons. henrij blaydon, & 'tgene

771 3457 2488 161 ue nu senden sult een part iouliere rekeninge masen & sal de remises

758 3582 2467 142 an mons: Geer: thorne, indossere van de goedera n son booridge

738 3693 2475 145 junver geladen, nu versoeck ick, dat gij lieden de rck courant tot

755 3767 2395 150 daer toe gelieve over te senden cito doenelijck, als wanner het

724 3850 2446 194 slort remitteren sal, soo haest die ontfanghen sal hebben tot u

756 3999 2493 159 gouverno. wat aengaet m. heyden, die calant is mij seer wel

761 4114 2403 166 bettent hij heeft mij mede een tous gespelt, hij is gegaen bij

758 4182 2265 201 veele van mijn beste calanten & hieft suin sijn goederen

750 4278 2538 179 gepresenteert & geseijdt, dat hij aen mij alle ieerm tusschen de 2000

5880 176 101 78 16

3487 187 2528 129 stucten sarges leverde, & dat hij hur soo goeden coop bedienen soude, als

3511 277 2467 122 mij & ick verclare, dat noyt een stuck va hem ghadt hebbe, in het

3511 391 2485 120 beginsel is hij hier bij mij gecoman & sijn dinst gepresenteert hebbe

3512 472 2519 141 hem toen ter tijde lustigh mijn sentement geleydt, & hem uyt genat

3522 604 2457 103 voor een verderver van de negotie, & niet sonder reden want

3519 665 2506 126 hij is alleen de schiedt van den onderganck der selve, & heeft het soo

3461 779 2415 121 danigh aengestelt dat de luyden de goederen nu beeter coop

3527 856 2443 164 willen hebben als sij ons hotten aen u beste soorte kan niet

3513 972 2422 154 toecomen, soo ist saken dat ue eenige moderatie don san

3519 1041 2431 172 sal mij ten uijterste aengenaem sijn daer is nimant liver

3525 1193 2465 132 in antwerpen die soo sterck in de sarges handelt als ick maer

3509 1256 2506 162 ick beginne de walligh te crijgen dat sien moete die handelinge

3523 1367 2405 167 ten onderen gaen, ick verschere dat dit jaer den intrest van

3515 1498 2459 147 mijn capital, niet renderen sal ick hadde al op hoope van

3519 1589 2440 144 vwmede geleeft, maer nu begint d bij andere soo wel als bij mij

3511 1698 2375 133 te verdwijsnen, nu, godt leeft du het al geest in v hetn

3520 1814 766 128 groetende blijve

3482 1858 2541 213 ot m ue seght dat mons geor: thorne de gemengelde sacges

3517 2009 2468 158 senden sal, soo laet mij weeten de prijse va de leste alives

3526 2116 2484 153 het claver met dennaem, de gold & bleu shades o green shades

3518 2219 1625 163 als oock van de een claver sonder naem

5357 2274 674 157 Adij 13 Juny 1712

3349 2318 984 180 London Churles Hanitton

3535 2398 2497 174 op 30 pas wat aen ue mijne letten, waer mede ul adviseerde die ontfangh va

3529 2525 2418 110 ue aengenanme van 6 ditto. desen om ue te versoecen dat ul: sende

3513 2635 2422 133 gelieve op mij te trecken voor rek. van d heer John up cott. twee a dry

3513 2713 2459 172 hondert ponden s op light om eene goeden prijs te becomen, heden

3529 2838 2484 125 hebben wij brieven van ctij, waer mede hier eenige betrocken sijn

3523 2928 2375 158 op sight a 32:6. soo twijfele niet, oft ue sal mede soo een

3541 3045 2463 140 prijs conmen becomn, & ist dat de wissel gemonteet is op 2 uso

3529 3185 2438 112 & dat op sight meer moet besteden, doedt te besten doenelijck, de

3536 3264 2494 118 provisie moet ue door mons. un cett goett gedan worden, ir twijfele

3535 3369 2326 145 niet oft ue doedt sijn affairent costij vernits hij aen ue den

3526 3474 2501 143 geprotesteerden brief op sorton & quiqie toegesinde hadde versocke

3533 3561 2438 158 van mij cito te latn weeten tgene ue sal hebb geeffcofideert

3547 3663 1518 168 dit doende sult wij verobligern & blijve

5324 3720 610 181 Adij 13 juny

3385 3765 622 157 Sivrton ncott

3534 3894 2463 106 op 11 deser wat aen ue mijne lettenn vin ottend met remise voor

3531 3986 2450 180 sp£ƒ40:- heden hebbn mij engelsche brieven becomen, dogh

3543 4145 2387 112 geene van ue, desen prineespael om ue te laten weeten

3543 4205 2428 129 dat heden ordonneere aa dheer charles hamitton om voor

3546 4311 2394 131 ue op my te trecken op sight twee a 3 hondert monden
