8392 4651
2587 210 692 150 Ady 25 mej 1714

964 223 1004 207 Jurnous Jan B. Robert

1084 288 2303 208 ue aengename van 23 deser wel ontfanghen als oock de s0o as tjcken

1034 387 2343 190 die niet naergesien hebbe verhopende eghter alles wel, sijn sal hebbe

1066 503 2290 156 ue gecrediteert soor een duysent aght  guldens & terthien

1068 569 2165 234 stuyvers, wissel gelde voor het im post van de selve volgense

1065 709 2193 148 notitie ue can jan de waerde disponeren naer ie wel gesallen

1067 788 2224 182 wat sorders noodigh sal hebben sal den tijdt beeren dogh soude

1066 884 2278 200 e raeden van enige ps te laeten maler naer mjn gesondene

1060 957 2234 208 estaek, die dan in meerdre partije wel sal aen nemen dit

1075 1099 1464 207 sijnde het nodighe deses  dat blijve

2732 1186 567 192 Adj 26 di tosf

941 1230 856 216 Aeverton Robert bandge

1076 1273 2270 254 op 16 deser, was aen ul mijnen laetten waer aen mij gedraghe seders

1053 1390 2327 246 geene dan ul: desen dient tot couterte van d'ingelyde remise van  £140:-

1078 1474 2224 199 ben latteo Edwaerd frouind in londen, waer voren het nodighe gesune

1057 1552 2296 238 & besorghen & den ontfangh mij tadviseren hebbe voor eenige daghen

1074 1673 2230 239 den alderbetten calant van Dheer Van havre saliger en perpet. hier

1059 1765 2285 258 gehat voor wie oock de perpett. iett ontboden hebbe, die dat dese

1056 1865 2165 243 gesondene, te weeten de bertte baele, soo goet met is als wel die u

1079 1957 2247 201 altijdt aen Theer van heerre gesonden heeft dat mij seer leet wal

1079 2074 2258 189 on hooren soo versoeele soo noch eenige ordoneere de selve qualitijten

1073 2138 2272 229 te senden, wilt iu, dat wij daer in connen eenigh de biet becomen

1029 2238 2301 211 de BBaele N.2 is heden hier geloff, soo berders ten reghten caen

1076 2367 1884 199 geraken sal u het restent noch remitteren die blijve

1072 2437 2315 214 Mt hebbe op de borse alnoch become ƒ66: - ten herman gholmins die u hier beneven

1087 2512 2309 146 =sende sijnde het salde van die bale N12 gelieve den ontfangh deser op onfangh faviseren

2684 2607 568 174 Ad4 ditto 1714

964 2625 1020 180 fiserton henrij Blagdon

1084 2692 2172 234 op 12 deser was aen ue mijnen laetten, sedert geene Jan ue ewings is goet

1087 2795 2307 169 danck behaeeden gearriveert hebbe die baele, met 30 ps dragets, wel ontfange

1079 2856 2257 210 dogh soo qualijck geconditioneert het pack heel lof ade goedren met de

1089 2963 2249 198 hoorden bi een gettropt somige ps dobbe tot een weele deperte

1075 3065 2297 187 af enfin dat de goedren sigh self niet gelijck sijn u packt u baelen

1097 3163 2279 201 te sos, soo recommandere in toecomende de selve beter te doen stijten

1101 3256 2232 174 & goede bardens om te doen terwijlen u mijne ordre niet hebbt

1086 3352 2205 183 connen voltrecken, soo sent nu met buridge, die nu en ladinge

1083 3430 2214 186 seght noch 60 a 80 ps, als u de couleuren goet aentrest dogh alle

1087 3505 2190 242 sijne afijne men gelinge onder de laette besende eenighe te gref

1095 3602 2248 218 van mengelinghe, & vallen met gelijck de aldereerste baele du e my

1102 3713 2211 244 gesonden hebt, sijn soo goet niet soo versoecke u uyterste desoiren

1084 3811 2228 231 te doen om het beste goet te besorghen, moeten, meest, naer de

1080 3902 2300 224 lighte couleuren sijn, soo gelijck dit ingeslote staek, dat u laette tweede

1114 4044 2155 183 baele is te weeten van die grote die blijven seggen als steenens

1100 4132 2270 222 dogh de couleuren, sijn seer goet & dandre naer N. 3:4:5:617:8:9

1129 4266 2080 166 11:13. naer mijne staelen van 5 aggustij 1713 aen u gesonden

3573 231 2447 94 Vorders soude wel 15 us superfijne drogett begeiren van 21ƒ36 e& de gaere so

3588 288 2337 135 laet mij weeten ofte u sodanige selfs fabriqueert, ofte soude connen becomen

3578 373 2441 140 sal u dan de staelen senden gelijck die souden moeten sijn hebbe sodanige

3573 447 2398 155 van andre minden gehat dogh wille dese rijse u daer in eens de

3567 540 2348 162 preferrentie geven gp hope iets goets soude senden ben maer gewent

3582 644 2253 140 2ƒ 3 en te betteden dogh wille wel 2ƒ:6 en geven soo die naer

3579 742 2422 116 advenant sijn soo de wissel sigh eenighsens begint te schrecken sal

3583 830 2439 143 n het rettie in meerdie somme remitteren groete u van herten blijve

3587 957 1328 149 in afwaghtinge d'eere dan a antwoort

5400 951 611 224 adij 26 my 14

3511 1082 914 178 London Charles Hamitton

3575 1184 2460 180 op 9 deser was aen ul mijnen, laeste, waer aen mij gedrage sedert beceme n aen gena

3577 1273 2403 165 me van 3 ditto met cognossement van eene staende slagh oorsogie beloop ende

3584 1372 2432 170 met alle oncosten  £10:12:9 en waer vore iu ten dancke is gecrediteert francois

3571 1488 2396 166 montack is godt sof, sedert behanden gearriveert  hebbe de nodighe ordres naer

3559 1602 2456 133 brugge gesonden tot de verclaringe, gestren, heeft mijn maker mij goops tijcken

3561 1707 2423 117 thuys gesonden Jan qualitydt als hier onder aen den doet deser sal u de

3559 1771 2436 153 selve voor mijne rek. toesenden op hope beter avance te doen als bij de

3574 1929 2441 132 porige soo u eenige voor ee eygen rek. gelieft te ontbnden sal u ordres gaeme

3588 1977 2454 173 ontfanghen & traghten te volbrengen, maer van de strepen naer n stael hebbe

3563 2080 2441 178 geene connen becomen, soude die expres, moet en doen meken & daer soude tijdt

3550 2196 2398 120 toe noorigh weeken ue can op mij trecken t' geene in de beurs is kan

3559 2301 2414 137 hier geene sijne briuffies heeemen groete a van herten qwaer in n oecipre

3572 2395 1998 160 quelijck dinstige can weesen gelieve te commanderen die blijv

3771 2532 914 137 49 groot foot smalle strepen

5903 2555 76 76 10

4758 2537 1160 182 de 11 groet soet cotten niet meer als de

5890 2623 84 100 £

4869 2654 66 84 4

3768 2613 799 151 6¼ ditto breede tropen

4769 2706 287 135 3segelt

3780 2717 743 142 19 ¼ 3 segels snalle trepenso

3812 2821 849 124 4¼ 3 segels breede streepen

3779 2891 963 130 12 ¼ groot loot smalle strepen

3815 2966 939 126 8 ¼ groot foot breede strepen

3772 3050 955 155 12 ¼ 3 segels smalle strepen

3793 3133 940 143 13 ¼ 3 segels breede streperp

3795 3228 987 158 10 ¼ groet goodt smalle trepu

3819 3336 1010 123 2 11 groot loot breede hrepen

3741 3401 311 170 100 p

3548 3527 2454 188 S become u geerde van 7 deser dien volgens sal aen mijn mater ordonene

3571 3660 2356 163 pops te maeten naer ie stael, dogh gelieft te laeten weeten hoe veel

3559 3782 2432 140 a begeirt van de 4 doij segels ghoe veel van de 93 segels an moet weeten,

3562 3875 2311 149 dat wel sesmaende aen koopen soude eer die gereet soude hebben sal

3570 3964 2381 159 eghter aen andre, daer oock ober spreken, maer desen man, is den eersten

3555 4083 2460 114 gden betten maser ie seght die ¼ en ¼ groet met sult connen dercopen

3559 4201 2445 122 soo gelieve te laeten weeten, oft het alle 3 segels moeten sijn om mij

3563 4285 2457 122 volgens te reguleren soude noch wel een partije van die soorte conne

3567 4395 2293 91 becomen dogh alle 1p tl hooger in prijs als de andre gesondene
