8385 4651
2647 214 624 121 Adij 11 april 1714

887 224 1110 165 Buserton Robert Bieridge

1030 286 2262 150 ue aen aengena. van 13 pas wel ontfanghen in antwoort, segge

1019 416 2283 132 dat gelieve 60 ps perpett. te prepareren voor Jan Cwings Sunier & nmet

1019 452 2292 211 84 ps. moeten van prijsen sijn, als ale den voet deser is genoteet

1029 539 2231 202 recommandere, schoon goet te senden, wel bedechtn sijn & dich

1004 641 2271 188 & breede naer gewoonte, geloove dat ewinssen 3 maenden sal

1001 739 2302 234 connen affcomen om datter niets, oft wijnigh van dese quaeit n

1012 853 2255 212 sal geordineert worden, den is seer sleght &wort van dagh

1036 939 2218 227 tot dagh noch erger int miute geende het nochte profijt

1054 1011 2251 228 aen de goedren te doen gbij allen dat isser geen geldt onder de

1026 1106 2257 206 mentchen & den borgh, is lanck durende godt wilens, met den

1038 1241 1721 157 vrede beternije verlienen groete u Jan hetten

1520 1349 1308 185 loor eene bale met 60 witte perpet

1559 1444 985 199 10 ps.. N.60 van 55

1557 1485 1126 205 20 d 70 van 60 a 61 p

1560 1641 1011 187 15d.„ 80 Jan 70 g

1581 1737 979 177 10d.„ 90 van 80

1564 1840 1011 179 53 ...„ 100 van 100 p

1527 1949 379 205 20 u

1052 2030 1926 211 de 24 gesendene stucken, hebbe noch niet ontfanghen

2767 2169 531 190 Adij 118:1714

898 2200 1455 249 Brugge Gelles Jan Coppenole

1052 2334 2263 235 den ue van 31 past. wel ontfanghen sedert, heeft den schipper

1022 2451 2278 199 pauwels poppe sijne poeken gelost frans bloef is noch niet

1026 2556 2281 203 voorden dagh gecomen ben wel verwondert, dat u mijne

1024 2648 2270 199 packen die gerecommandent hadde p ersten cits doenelijck

1058 2743 2257 211 te verserden tot op laette opgehauden & contratie aen mijn

1041 2835 2259 241 ordre hebt gedaen sijde daer door grote presuditie can

1046 2942 2278 236 niet denesen uyt wat intentie e suchet gedaen hebt daer

1061 3045 2294 261 is noch een lander schipper met poppe aengecomen geweett

1060 3128 2258 250 waer mede ardre, meest, alle hn goet thuys hebben

1043 3268 2277 211 becemen u hadde in hem oock wel connen loden soo

1057 3360 2247 251 danige conditen sijn seherlijck niet aengenaem geleve

1013 3494 1699 269 de oneest rek. te senden aen die Blijve

1075 3671 2282 287 Brussel advianis van dendries Adj 110:114

1082 3809 2185 247 ue aengename van 8 deser wel ontfange dien volgens

1088 3922 2188 243 soo sende aen ue heden p buyt schip op brussel het

1080 4094 2224 237 packie N.10 met 15 al der bette caffus met den naem

1074 4210 2229 218 van lanrbeat sijdt verschert, dat u altijdt eer beter

1100 4287 2206 201 loop bedient, als ondre adisee lert hnneu met

3563 97 2469 227 en e de semmendende ee e asaen be e e

3549 255 2399 190 hebben aen die sorte, is ƒ 214:20 geweest soo cont wel bemere ken

3542 331 2425 198 als dat u trouwelijck bedune, & sal altijdt daer in traeghten te vol

3555 459 1394 165 herden gelieve mij te coediteren voor

3560 543 2451 193 op 11 april 1baelien 10. met i5 beste coffees 229d. a ƒ 24:10 ƒ 367:10

3549 647 2455 191 in wessel gelde het baeltien is nu gevreeckent A twijfele oft sult

3546 767 2464 179 ten uijffersten content sijn, soo nocht iets moghte noodigh hebbe

3543 876 2460 171 gelieve te commanderen hebbe seer schoone doo geelt pogs

3527 980 2425 166 soo dange gehat in qualitijt & couleuren groete e van herten

5376 1146 595 131 Adij 13 april 17138

3460 1143 1058 180 Mechelen Jacobus Paradaens

3525 1195 2483 253 op 7 desen was aen ul mijnen laeten & hebbe aen u toegesonden hier stael boen

3526 1321 2465 162 hier te weeten twee van prinse sarges a wee van royaels om in gerief

3524 1406 2405 172 daer uyt te soecken & hadde versoght van de gene ul niet aggreerden

3541 1485 2477 231 mij date weder te senden sedert & hebbe van u hiets verkomen warende

3544 1601 2390 234 en aghterdencke, van dlere van u hier te sien & hebbe daerom tot

3539 1712 2397 242 nu toe gedisagent noch mael de versoecken van de staelen, die n

3527 1824 2456 173 niet gelieft weder te senden om dat daer by verlegen ben andre

3527 1911 2470 204 vrinden vraeghen oock naer prinse sarget & hebbe maer de setwe

3537 2079 2455 128 baeltiens & ven wel is u voor alle andre gepreferreert & het eerste

3533 2170 2457 191 geseght dogh soo ie die niet aenstaen sult mij plaisir doen van de

3517 2276 2408 180 selve, p eerste weder te senden, hope even wel ul al eenige

3540 2371 2438 191 sult behauden sijnde alle dan de aberbeste suprfyntte soorte

3535 2508 2400 150 die er uyt englant compt, waer op mooght cntrouwer dit sijnde

3518 2594 2467 182 het nodige deses blijve in afwaghtinge de eue Jan u comande

3553 2750 2392 188 hebbe seer schoone drogetten geworden present stere kgevraght

3545 2869 1095 130 om de duute van de lakens

5302 3024 686 150 Adij 14 april 1714

3466 2981 1006 247 fiverton Edwaerd gatrhell

3527 3182 2429 123 ue aengename van 20 past. wel ontfange waer uyt verneme u, met

3529 3238 2479 199 mijnen iader saliger wel hebt genegatieert & hem bedient in sarges

3528 3384 2439 126 toe te senden & dat iu gaeme met mij de aue corespendentie sout

3527 3437 2431 222 derniuwen segge tot antwoort dat de sarge negotie soo slght is

3540 3536 2461 195 datter niet aen te profiteren is dat mij met animere veele goedren

3542 3686 2466 153 te ontbreden u seght dat de bette goedren a 33:6 a 34 p soude levren

3534 3802 2469 108 is dat vrij aen boont soude wel eene preuve nemen gelieve te laten

3531 3848 2369 163 weeten voor wat prijs  de sarges voij van alle incosten aen boort

3535 3967 2350 176 ede leiren & wat merck u op de goedren slaet om volgens te

5150 4087 104 61 en

3538 4091 2458 209 reguleren & gelieve en duyts te serijden, om dat veijnigh oft niet verstaen

3537 4215 1514 183 dit sijnde het nodige deses & blijve
