8385 4630
2824 180 555 127 Adij 15 xber 1714

951 178 1001 166 Brussel De wed: Borremans

1083 240 2348 183 ue mij seer aengename, van 13 deser wel ontfanghen met eene remise van

1084 338 2341 167 ƒ303:5: wissel gelde, ten laste sacomo de cleres waer voren het nodigh

1077 406 2272 188 sal besorghen & desen sal diesen tot quittantie, de baettiens, daer ue de

1079 514 2328 194 gaspeerde heeft in geteeekent, sijn nach niet verkoght greese u daer van

1086 606 2257 159 geene sal connen seynden terwijlen die gaspeerde de andre moeten,

1086 684 2337 189 doen vercoopen & dat ick die po daer uyt name & die voor ƒ23:5 versonde

1061 781 2266 166 soude daer aen verlies doen terwijlen die ƒ 23:10 incosten soo

1100 904 2242 153 een baeltien, met gaspeerde moet ƒ24:- costen, nu sijn de sages

1092 973 2241 169 in Englant sedert 11 st opgeslagen pps de drogett een st. pa nde

1090 1076 2245 158 andre goedren naer advenant hebbe groote partijen staelen become

1090 1195 2226 129 van entrent 1000 ps. die alle soo hoogh coomen, a volgens onse

1077 1284 2294 145 laette brieven stont het convoij over te comen, met den eersten goeden

1097 1363 2278 121 wint die nu twee a dry daeghen geduert heeft a twijfele niet, oft is op

1093 1462 2228 142 wegh, wij sijn in groete benautheydt om dat het gistren naght

1096 1528 2253 179 seer gestoomt  gewayt heeft, soo dat dat convoij in groet gevaeris

1079 1634 2293 185 godt wil het beste verleenen, want soo een verlus soude noyt connen

1077 1743 2233 171 gewerden het is sehelijck dat men den isies van de lie niet winnen

1094 1795 2247 180 can godt wil ons een betere negotie verlienen, waer iu dienstigh

1088 1927 2257 139 magh weesen versoecke te commanderen, die altijdt sal sijn met

1083 2039 482 167 affatie

983 2171 862 167 fiverton Bereghnech marck

2901 2147 427 177 Adij d. 1724

1091 2296 2271 153 op 8 deser, was aen ul mijnen laesten met remide voor  £160:

1102 2352 2260 157 ten laste theodor Jansen in londen vorders referrere mij aen dan

1093 2443 2284 151 selven sedert become u aengename van 27 pas met facture stalen

1091 2526 2293 151 van noch 1 baele N. 82 beloopende £102:13:6 en, als oock het

1088 2601 2303 186 cognossement van N. 76 a 81, geladen in luridge die met den ersten

1092 2696 2227 198 goeden wint stent te vertroken godt wil hem behaude reyse

1101 2813 2310 162 verleenen, hebbe alle de staelen geconfronteert & daer ontrent l

1099 2885 2303 175 bevonden & sien mijn ordre seer na voltrocken, uytgenemen noch

1092 3012 2268 143 23 ps drapeen 30 coups een eenige sehades naer het staeltien, op

1096 3094 2250 176 29 sber u toegesonden, de fijne doogetter bevinde noch mael als

1083 3182 2257 202 gesereven & die naer mijne staelen, niet sijn verschere alleenelijck

1096 3278 2290 187 geene gelijckenisse hebben, die geordoneert hadde waere alle seer schaone

1075 3358 2260 167 a goede couleuren & dese veer van daer u hadde die voor rek van

1058 3438 2319 190 den fabriquateur a costij moeten laeten  terwijlen die ingescept

1098 3572 2297 166 sijn sal die baele voor u rek. laeten tot brugge bij mr. Coppentte

1086 3646 2298 169 ten waere in ordoneerde die hier te laeten comen em tot u maste

1100 3744 2245 168 voordeel aen den mante brengen gelieve daer ontfent te doen naer

1101 3808 2260 186 ie wel gevallen heb u gecrediteert voor ½ assurantie Jan de baelen

1123 3911 2253 184 £26„ 77: 18:80: 81:82: de baele 19 sijn de drogetten voor u res

1100 4036 884 180 soo blijft de heft als volght

1447 4116 725 139 a 76: 77. st £ 213:1:-

1815 4197 361 92 „ 73:14:-

1497 4218 700 134 56:81„ 214:11:-

1891 4280 332 106 102:13:6

1456 4335 221 81 „ 82

1816 4300 1503 147 £603:14:6 is de helft £301:19:9 a 2pt voor

3593 177 2456 133 assurantie sijn £6- 0- 10 et dat benevens, mij geluve te noteren op niuue

3594 274 2447 119 iek. gelieve geene mentie te maken van de £3:15:8 en terwijlen met mijn

3567 367 2478 149 gemoet de selve in geenderlye maniere ue sijn toecomende hebbe ue voordes en

3552 448 2373 138 daer van genogh oversuyght, in gesloten remittere ue al noch 120:

3573 522 2417 152 ten laste daniel & John arthier in london waer voren het nodigh gelieve

3570 608 2437 158 te besorghen aden ontfangh mij tadviseren, sal met den cersten oversien,

3590 712 2445 157 wat oorders noodigh sal hebben, cont bij provisie de drapeen die ketterens

3581 819 2456 150 besorghen als oock de pines & noch cnige royales 24gd naer mijne vorig

3583 920 1440 166 inttuetie groete ue van herten & blijve

3572 1021 2476 183 so soo haett Buridge arriveert heeft u de rest vant geene schuldighe

3572 1142 815 165 val sijn te verwaghten

5431 1329 585 151 Adij 15 xber 1714

3498 1291 688 189 ath Andre Lison

3573 1407 2441 165 ie viend de recevoir la chere vre du 13me courd ensuite j'ay envoye ende craen vue

3563 1521 2478 161 des cheveux pour seavoir si mons. advian flaman estoit en ville & on a donne

3571 1605 2465 182 pour reponce, qu'il ettoit partie quatre jours passé & quil ne reviendra qu'en

3573 1731 2465 144 six semaines d'uy ce pour quoy ie vous renvoye vre pettitte lettre a luy

3578 1827 2429 132 il me sera tres aggreables l'honneur de vos remises car ie vous assure

3569 1929 2368 148 que j'ay besoing une bonne somme d'argent pour satisfaire mes

3570 2006 2435 193 amis d'engleterre c'ert le jubiet de cette & croyez que ie suis de bon

3558 2142 285 126 coure

5433 2163 505 196 Adij 17 d. 1714

3511 2265 625 176 Genot T: Willork

3565 2337 2422 160 ie seer aengename van 13 deser wel ontfanghen waer bij versoecht te

3565 2427 2450 154 weeten, oft niet een congman soude willen aen nemen om de negotie

3552 2514 2411 166 te leeren, als oock oft nimant weete, segge tot antw: dat sulcke voor

3562 2573 2481 235 mijn deel niet doen, maer hebbe een van mijne vrinden een winselier

3570 2688 2473 157 in laekens u gesproken die mede het droogh scheiren doet them sulckx

3565 2790 2484 152 voor gehanden die daer toe sende, inclineeren, bij aldien satisfactie antrent

3531 2898 2430 145 desen jogmans afcomspte econduite koste hebben hij is gewent altijdt

3558 2936 2469 216 een a tuee vremde te hebben, is een treffeljez man den prijs van de

3550 3074 2498 162 tasel is een hondert pattacons in spetie vorders, soude desen gengman

3557 3177 2426 163 sigh moeten verbinden voor den tijt van twee garen tot u maight

3549 3272 2458 183 bij aldien de anders daer toe inclineren connon hun addresseeren by

3547 3383 2487 193 dheer sebreckx oft aen mij, gelieve den oock den naem te comuniceren

3546 3467 2444 225 om daer naen t'inquittaren & waer in u verders dinghtigh magh

3555 3626 2437 169 weesen gelieve te commanderen die blijve naer cordiale groet misse

5326 3708 627 130 Ady 20 xbre 1714

3462 3730 749 135 dermade Piere debaut

3551 3774 2355 152 ie vous envoye ce jourdhuy p la barque marchande de termonde

3533 3911 2398 100 un pacque marque P.1H. contenant siyitante & deux pieces des

3544 3984 2416 91 sarqet d'engletterre, pour compte de mons. ignace horion d'ath, estant

3542 4069 2382 98 ben conditione, & la voiture icy payez  chily francs des tout frons,

3517 4167 2299 120 juqua chez vous, il vous plaira suire sen ordre & suis de

3536 4239 634 149 tout mon coeur
