8228 4658
753 175 792 165 London C: Hamilton

2675 185 652 147 Adij 25 gber

891 246 2305 176 beyde u seer aengen van 26 pasto 29 deser wel ontfanghen & hebbe

873 394 2416 148 vervolgens de 300ps geordoneerde ps. int werck gestelt, maer can niet

885 495 2388 130 een stuyver kabat becomen, & seggen, dat dese strepies noch niet gaeren

882 601 2454 119 maken, wat aengaet, de clijne roode strepius, wilt die niet maken als tot

891 668 2442 150 een gulden p pr hooger als de blouw soo hebbe, dat laeten steken tot

884 741 2455 218 ue voordre ordre, twijfele niet, oft sal linnen 3 weken ue een pack van 100

864 870 2474 186 us connen toesenden soo die weirde daer voor betaele sal volgend ie snj

823 1004 2455 190 de selve apay trecken de wissel is hier aent climmen alhoewel

856 1123 2461 186 die vancolty afcompt 31:4en gevallen, willen de treekers, hier met doer

887 1251 2410 159 onder de 37 p soo dat niet twijfele, oft sal eenen goeden prjs becomen

881 1340 2410 207 eghter, sal uen intrest alseygen behategen waer in capolel ben

890 1455 2435 181 ue eenige voorderen dienst te doen, gelieve te commanderen iealtyt sal

869 1592 657 189 sijn met affatien

677 1743 1153 180 brugge gilus van Comperolle

2774 1685 520 209 Adij d:1713

870 1877 2426 108 bege ulsaraengen van 3 & 19 deser op hun tijdt wel ontfangen den eerstenis

857 1964 2445 167 door onvergetenhey in beantw gelleven, eghter idue gecreditert voor de

869 2063 2454 139 insetten, pde baele tijken N2 met 113 ps, ie noteert met cens, oft preter de

890 2130 2445 187 wint, met het selve pack vertrocken is. hebbe grooten laghten van mijne

2403 2261 54 66 26

860 2264 2451 166 minder uyt sonden over de overgroote van cans. u ge pack sij noteren

876 2361 2461 160 mij, voordesen niet meer gegeven te hebben als 70 8 s s gepack & het

869 2447 2449 208 hooghtten dat sij noch oyt gegeven hebben was 14p, dogh dat is noch te

857 2622 2448 107 veel, sal geeersten, ue noch 2 staelen toesenden, waer over met de

857 2689 1349 143 seippers sult veraccorderen nae beheeren

877 2798 2454 188 seipper gillis de ljser is voor gistren avont hier aen gecomen heeft

844 2923 2492 143 sijne packen gittren geloet & hebbe de mijne met seer bedruelde hooge

861 3034 2442 128 thays become, terwejlen de packen van het marck & seer serick lijck

883 3158 2439 146 ontrampa nert waeren thusy quamen, daer eghter vergoedenisse van

865 3248 2451 177 begeire, ick hebbe den sapper sijne waght gewejgnt, soo ue moet

852 3360 2472 155 weeten, oft die paeken op soodanige maniere, hem aenboert hett gelevert

853 3460 2482 147 sijn dese geacken uyt scip van lan bieridge gecemen, soo sal iu hem

879 3525 2457 202 refacte, daer over vragen wille wel segge, noyt diergelijcke packe

868 3708 2447 119 thuys ontfange hebbe sonder bardens, hier a daer een stock hoor en,

847 3812 2445 180 die clijne laettiens uyt malhanderen, & de goederen met de coorden

821 3943 2483 168 dobbel tot een getrocken, het seijnt, dat het engeluck mij altijt op mij wilt

859 4039 2391 177 vallen vermits, alle andre hunne packen meest wel geconditioneert

876 4113 2461 209 ontfangen hellen, het is een groete godeloosheydt, de goederen van winde

877 4274 2420 139 huyden op soo eene maniere te traeteren, een ider moet, voor het sijn, syn

3552 197 2516 157 daerom hebt maer t ondersoecken bij wil refactie te hebben, ick taser s

3567 292 2515 181 ider pack op 2 patt seade a noch soude hever twee patt opleggen om meijn

3542 402 2541 182 goederen, in goeden staet thuys te hebben, ben verwendert dat het depacken

3551 534 2518 142 van het voors marck sijn, om dat die gewent sijn de goederen het beste

3535 584 2514 207 te conditioneren, is seipper de hijser daer niet aen seuldigh sult hem

3546 738 2473 170 gelieve sijne craght te betaelen ue antw: hier op verwaghtende

3538 835 1198 169 blijve naer Cordiale groetenisse

3507 936 950 157 London John tatnall

5410 949 663 225 Adij 25 sber 1715

3529 1083 2537 196 beyde ue seer aengen van 15 pas 25 deser wel ontfanghen met den laesten

3531 1212 2514 146 remise voor st £96: 13:7 e7 a 37:6 en, ten laste henrij indogne tot

3555 1319 2488 171 mechelen in antwerpen te betaelen die om acceptoitie hebbe versonden

3533 1410 2508 186 voorders uns ordeneert eene tweede bale voor roopd: tijsen, die met den

3537 1547 2502 162 urtten besorghen sal hebbe mijn maker daer over al gescreven, we

3541 1638 2518 189 moet weeten, als dat ick de tijken, soo haest die ontfange contant betale

3521 1769 2552 186 moete  voor 2 te procitie & can een eerlijck coop man in genrvertee

3514 1873 2565 184 sijn, daer om als u de goederen, soo spoedigh gelieft te hebben soo

3515 2000 2540 168 behoorde op cort te remitteren, oft wel, gelijck andre vrinden mij

3528 2118 2486 170 erdonnere, de waerde op u te trecken, want anders resenen voor

3528 2261 2558 170 mijn ne fert t ul p mais tot e naright, sal intrent het lywact

3529 2364 2525 162 ue ordre precius traghten na te comen looch van minderen pujs

3523 2514 2556 184 vemen dogh ue moet weeten, dat het soo sijn met sijn & sal hebbe aen

3518 2606 2445 178 mijn wint tot brugge gefereren, dat hij met de scippers voor de

3509 2742 2516 144 vraght beter accorderen, moet gelieve mij te laeten weeten, oft het

3525 2805 2557 199 import van de voors baele, op u trecken sende, oft dat u op lat

3516 2999 2552 136 mij sal remitteren, in afwaghtinge ue  anted blijve na minsame

3511 3120 572 166 groetentsl

5557 3256 521 193 Adj 25 1pbr

3436 3236 913 236 Be Gullis van Coppenolle

3527 3451 2562 133 hebbe aen giulis de uijsen brenger deser sijne vraght van mijne lf packen

3538 3560 2435 180 niet betaelt, oan reden ue gescreven bij aldien hij geen sult pheeft

3503 3664 2524 178 sult geleve aen hem te betaelen de somme van eer griertigh gaedens

3511 3774 1144 180 af wee stuyvers ceurant get
