8365 4637
1092 184 2327 116 jonard a ette chez moy & qu'il aveit dit quil competoit a somvoiuge

1066 230 2220 163 prochain de l'argent peur vre comptej ainsj ie l'attendray avec

1080 298 2324 176 inpatience vre grace, dit pour trois cent florins ce qui n'est pas oncor

1083 391 2305 148 pour salder la partie du 12m mars 1714 un an passé, je vous assure

1066 471 2237 166 mons., quiil nous est imposible de pouvoir negotier a si long

1058 552 2317 185 credit j'ay l'honneur de servir plusers de vre ville mais ie me

1078 634 2333 183 payent au plustait a sil mois le credit est toujours bien a vre

1071 745 2346 176 service, mais l'ordinaire est de payer les vient & crediter le nouveurx

1086 862 2217 124 le pour quoy ie vous priie de me remettre jus que la partie

1068 886 2303 225 du 28 sullet 1714 inclusive puis que cette partie vous est vendu

1064 1004 2215 196 huit mois passe & le peu du profit ne peut souffut un si leng

1061 1098 2203 220 credit en attendant je vous salue & suis avec offres de mes

1070 1268 332 158 service

877 1339 854 198 bergen A. gallopin

2810 1350 557 179 Adij 11 mart 17715

1082 1441 2107 195 j'ay zeeu l'honneur de la chere vre du 8m courant y junt le s

1061 1555 2345 159 eschanttillions de drogetts de retour ou que vre grace, m'at marque

1062 1642 2294 174 Cps qui sont bien a vre service, mais ie vois que vous n'est

1067 1734 2254 148 pas intentiene de les aschatter ou du moins que vous n'est pas

1077 1821 2228 201 informe du prix, puis que vre grace m'offre 13½ patter

1049 1988 2276 139 de dennerez moy mesme 14 pattars pour les peuvoir choisur

1048 2019 2235 207 jamais marchandise n'a ette si chere que apresent ditt

1050 2133 2223 125 mont en cor toules jours ie dois envoyer plusieurs du mes me

1074 2210 2331 176 ballots a dautres amis de vre ville & ils sont vendu 14½ pattais

1011 2316 2222 179 de change p aune, ie vous assure que le profit quon at

1084 2444 2264 154 a cette marchandise & si peu que cett un pitie ie vous dit

1051 2528 2228 212 dencor mons, quil est remposible de les peuvoir donneed in

1062 2651 2239 193 ligon mans si vous les souhaitte au prix preditte ayez la

1058 2730 2199 171 tonte de donneur vre ordre, si non pationce, cependant

1050 2867 1508 160 croyez que ie serez en tous occasions

2724 2952 644 164 Adij 12 d 1715

896 2996 1060 180 Gendt Jan Ba De sadelaere

1070 3066 2271 193 bevinde mij tereert met ul seer aengename van Janjaue lestals

1067 3148 2286 209 oock 10 deser in gevolge d'eest kent mijn kan michiel ul gecrediteeen

1062 3281 2282 158 voor £-:10:7 en voor d'oncosten op het packie 58 met den laette

1048 3362 2197 181 sien de selve op de baele op de haele & 33 met perpet. beloop ende

1068 3418 2306 198 in wisselgelde £-:13:4et dat mede in ue rek. bij mijn broeder

1071 3565 2285 139 sal passeren hebbe dese baele gistren, wel ontfanghen bedanckende

1074 3632 2202 205 ue hertelijck voor de goede serght daer ontrent gedrage & waer

1069 3735 2056 184 en 14: en tegendeel dinttigh magh weesen versoeke te

1058 3867 1219 177 commanderen die altijdt sal sijn

5916 178 143 116 215

3518 204 1080 176 Brussel de wed: Borremans

5487 215 572 157 Adij 12 meir 1715

3586 345 2465 129 sedert dat d'eere gehat hebbe ue mondelinx te spreken thuys comende, vonde

3585 448 2484 101 advies, dat mijne baele met 30 witte perpet. tot ostende wel waeren gearrivart

3566 490 2497 155 die met de waegens hebbe geordoneert af te senden  hebbe, die gistren naer

3603 593 2434 143 middagh alhier ontfanghen, soo can niet nalaeten ue advies daer van

3562 683 2449 155 te geven de prijsen sijn hier, aen den voet deser genotteert, soo ul

3525 786 2501 171 daer mede dienst can doen versoecke, u ordre in afwaghtinge blijve

3561 908 2032 164 met offres van mijnen dienst a naercordiale groot iessen

3848 1046 1264 169 ƒ10 gas witte perpet. N.1 van ƒ32:

4623 1151 482 128 42 „ 281

3541 1147 559 206 ƒ833:10

6040 1260 61 73 5

4612 1243 578 161 13 „ 26:10

3867 1278 217 114 10„d

3845 1370 313 189 30 ƒp8:

5492 1454 595 211 Adij 136: 1715

3491 1474 896 210 twerton Berefenick marck

3568 1545 2479 231 op 9 deser was aen ul mijnen laetten, waer aen mij gedrage en confirmere

3570 1685 2481 186 noch de ordre voor 15 loups, 9 draps 6 prince couleuren, benevens 60 ps ressie

3548 1756 2540 183 haer N. 26.: 27. 28.29 4 30 desen principael tot couverte van dingelijde. remise

3552 1860 2396 214 van st £100:- ten laste dward fromd in london waer voren het

3550 1867 2543 272 noodigh gelieve te besorghen aden ontfangh deser cito t'adviseren, p naest, dit

3549 2086 2490 184 heft ul de rest te verwaghten, de brieven, op londen, sijn hier seerschaert, blij

3556 2176 2479 191 nige treekers, van satiffactie, soo dat men niet remitteren can als men wilt

3530 2326 1073 168 groete ue van herten blijve

5292 2369 696 152 Adij d. 1715

3488 2433 841 181 berghen C: Albert Largle

3536 2532 2404 185 le 11m fuut a vre grace ma derniere, depuis sans vre celle ne servira

3534 2544 2481 263 que pour vous donneer advis que j'ay envoye aujourdhuy p la barque marc

3538 2686 2494 181 a bruxeb. un pettit paque marque C4 & addresse a S. belle rose a la

3527 2798 2513 130 frompette, mairne contenant suz sarge doogett selon vos eschantillions que

3553 2922 2239 122 ie vous envoye cy joint, il vous plaira me crediter comme ensuite

3533 2980 2357 155 le 13 me mars 1715„ 8 sarges sarges battardes a2 gdy. a ƒ24:10 ƒ144:-

4176 3107 852 143 1 drogetts 9d„ 43 a 57½

4567 3192 440 120 „ 46-„ 61 ¼

4157 3196 184 123 1 d

4551 3272 447 114 „ 48-„ 61¼

4190 3271 148 116 1d

4536 3260 1436 239 „ 46-„ 61 ¼  a 360¼.:14 ½„ 261:10

4172 3360 158 142 1d.

4542 3448 467 135 „ 45 ½„ 60 ½

4170 3434 187 148 1d

4991 3406 981 247 onsemle en argarde ƒ 405:10

4183 3527 133 112 g

4524 3534 470 138 „ 44 ½59¼

3539 3576 2446 172 paijable dans la ville d'anvers ie ne doubte pas, que cette merchandise vous

3532 3689 2337 157 donnera un grand contentement, puis, quelle est tous de la premiere

3552 3763 2462 173 qualité qui viend d'engeleterre tans pour les sarge, que pour les drogetts

3533 3843 2478 215 quils sont assurement sans pareille en couleur qu'en qualite, siyl y a

3515 3953 2497 176 6d'autre chose eu ie vous puis rendre service commendez lilrement qui

3534 4104 500 133 est touyens
