8166 4678
783 216 2499 119 het baeltden & 252, dan sal ue sigh selfs moeten overtuygen, ontrent de

777 310 2498 103 couleuray & om de winste die miy hebbel aen de largel mogen wel toetke

789 364 2479 103 voor quade couleure want ons capitael in voddee hadde blijve  a

776 440 1718 106 & sal trachten dat te verhoeden, tot te naeright

789 516 2501 138 hebbe de bale & 93 geopent, & bevinde het clijn baeltien & 335 met de

762 639 2531 108 star  sonder naem op de stucken geslagen oock vallen die smalde

768 688 2509 141 soo dat die minder in quatotijt sijn, &ue stelt die, gelijck de andere

774 807 2431 138 a 38 p, sal dat voor e rck laeten staen want ick kan die

766 882 2520 132 voor de beste soorte niet versoopen, often in dandere balen noch bij n

772 978 1794 127 kan niet weeten vermits die niet geopent sjn

768 1033 2473 191 hebbe voor desen van de saken tusschen uk pl van winger niets

778 1143 2504 149 vernomen, eenideels, om dat in een maendt bijdis de bosse noet gefrequenteert

774 1250 2424 116 hadde, hebbende seer doodelijck cranck geweelt dat oock de reda was

786 1315 2294 174 warom niet geschreve hebbe, eghten door de gratie godts 3 ben nu

796 1401 2468 158 tainelijck wel erstelt & ben van die sake nu wel onderright m willens

3105 1456 151 100 berge

775 1516 2536 128 heeft mij het gepasseert gecominiceert als oock het ervaren van is willent

773 1605 2445 152 ick oedt mede bekennen dat s van wingen sijn selven nadeel gedaen

780 1707 2387 133 heeft met sijn schrijven, & waert dat mij sulx overquan, soiude het

774 1759 2509 220 selve gedaen hebbe s van winge is bekent voor een eerlijck vaughen

788 1891 2433 153 hier wel ter naem t saeen dogh van wat capaertijdt kan nimant

785 1993 2444 129 weeten terwijlen can vwem delinck is, dat sight niet weet hoe can,

776 2071 2469 141 de negotie sal volgen wille wel gelooveen want daer geen avance bij

784 2172 2496 166 te halen is & e van wingen heeft altijt de goederen bete coop gegeven

771 2252 2525 176 als ick, oft m. willenten & mij dencken dat mij den beste coop houden doeh

780 2335 2471 158 enfin mij henden geen rek. maken op wat manvere het geschoeden

765 2441 2509 177 heude, & hebbe n lange mijn calanten van dese stadt niet konen

778 2573 2463 148 gerieven, terwijlen alle bij ken ginge. als wij alles wel overleedt hadden

782 2633 2364 145 hebben gaeve considereren & dat het voor hem mogelijck was, & voor ons

784 2728 2373 149 ommogelijck, de reden daer van te geve waer te veel smijvn

776 2810 2487 126 wille voort laelte wel seggen gij lieden selfs onse newine tijdt blijv

773 2959 2512 122 soo haest voordere facture & stalen become, sal ue voordertremitten

2502 3016 658 166 Adij 3 gber 1713

626 3028 902 184 Gendt Jan B. de sadelare

795 3100 2492 190 in lange dien niet gehadt aen ue te scrijven, bij faute van occasie, hebbe

783 3247 2505 128 de libertijt genomen van aen ue gisteren p beurtschop toe te senden twel

803 3336 2473 146 packen tijken, het eene gemerckt N  3. inhoudende 103 ps. & het ander

808 3450 2313 124 D N:2 met 100 stucken ditto die versoeke not ontfangh te willen

804 3516 2405 115 versenden p rapelinck schop oft baergie op brugge, & taddvesseren aen

788 3610 2511 172 dheer gillis van Coppenolle tot brugge gelieve mede den ontfangh de

785 3703 2476 173 selve mij te adviseren & doncost ick toe te senden op het spoedightte

769 3816 2411 109 de vraght is bedoengen a 48 stuijvers & pack courant gelt ul

758 3896 2521 151 sal de rese. van mijn broeder Jan Michiel daer mede belatten & waer

779 4033 2480 148 in ul receure quelijck dienst kan doen, versoecke te comantderen

774 4122 2348 172 die in alle voorvallende occasien sal sijn met affectien

5372 186 672 157 Adij 3 gber 1715

3345 211 896 138 Brussel wedt Borremans

3546 236 2570 153 ue mijseer aengename van 29 pass wel ontfanghen met de 5 staeltoecs

3533 370 2601 109 te vrigge, waer van & 6 ps genoteert heeft uyt het baeltien & 18, hebbe

3537 469 2556 122 de bale dien geopent, & uyt het clijn baeltien, de 6 ps. uyt gesoght & die

3543 548 2537 166 gisteren  beurtschop ul toegesenden, benevent de 6 gevraeghte perpet.

3543 639 2557 120 sen een packie opgepackt, & gemerckt. P ue gelieve mij te coedrt

3553 726 780 153 als volght

3544 787 2516 156 hebbe de beste van de perpet. wijt de geheele partije uyt geloght, & op de

3538 908 2454 143 seugde wel gelet, met ende 31.3a 5 4p stuck voort mlutte a 29 ¾

3553 1004 2493 170 sijn oock sier wel geconditioneert, & geperst soo dat niet twijfele

3564 1085 2460 146 oft ue sal volle genoegen in den goderen hebben die van ƒ:100

3546 1200 2525 118 schijven oock uytstekende, idt dat ue van deen oft dander noch

3560 1307 2287 141 meer gelieft geddent te sijn, gelieve te comanderen ba wel

3551 1366 2544 157 versekert dat iuk soude content sijn, dese stucken sullent wijtwijlen,

3570 1472 2328 169 ue va heta groetende blijv met presentatie van dienst

5310 1601 594 180 Adij 7ghr 1715

3373 1609 1086 180 Brrugge gillis van Coppenolle

5708 1703 365 112 eeue van

3569 1776 2553 139 op 5 pass. was aen ue mijnen laetten waer aen mij gedrage sedert &come ul

3560 1826 2493 170 hebbe gittren van Londen advies become dat voor mij geladen is int scrys

3546 1941 2516 151 van henrij bradsordt een pack gemarckt N.9 in handende 60 ps sarges

3561 2025 2558 251 geloove, dato &duridge segge bradfort voort nu is geerriveert, dat gaerne van ul

3580 2178 2518 175 sal vernemen gelieve die baele te verclare benevens t baeltiens sarger

3557 2222 2596 248 duto, synde £ 93:94:109:115: gemarckt, die dheer goos de meule naer van costij

3559 2379 2597 256 sal overleveren aen wie desen ingesloten gelieve te behandigen den

3590 2554 2544 201 n hant van dese baeltiens, sijn, als aen den voet deser ul antw: sal

3585 2630 2173 248 gaerne te gemoet sien &blijve naer cordiaele groet enissen

5060 2758 1013 172 inhant van de baelen tijlen

3815 2863 801 140 93 met 17 sarges

4888 2891 945 192 afo 12 ½2 100 ps tijken

3868 2946 691 154 „ 94„ 17 ditto

3850 3025 727 177 „109„ 17 ditto

4924 3012 872 150 2 A:3.„103 p ditto

3858 3115 741 175 „ 115„ 15 ditto

4913 3119 1214 179 het niu wel on die vraght teerderen op

4909 3232 1170 168 dat mijne vrinden met meer & clagen

3813 3264 766 202 8 N.9 .„ 60 ditto

4214 3370 318 168 12 dttt

3587 3462 936 180 in gesloten mijnen tolbrief

3587 3574 2494 169 hebbe op 2 deser twee paeken tijken p beurtscip op gent versonden die ul

3585 3679 2483 173 ue van PB. de fadelaere sullen aen uls geaddresseert worden, die gelieve ge

3581 3774 2507 222 eerste aen eggende sup na london te versenden addressere de baele

3562 3903 2554 190 N2 aen dheer John tatnall & de bale MHS. aen dheer charles hamilten

3570 4043 1514 179 & sent mij d'oncost rek op het spoedighste
