8330 4665
993 203 2272 141 waeren gearriveert sijnde maer verloren briefpoorten, terwjlen ue

986 286 2290 126 wel weet, dat geene goedren van sonder te verwaghten hebbe

956 360 2328 129 desen principael, tot couverte van den ingelijde  wissel brief

956 417 2324 187 die versoecke te doen accepteren quto terugge te senden, sult mij

977 505 2257 186 verobligeren, voorders verweghte met den eerster goeden wint

994 581 2285 178 te verstaen het arrivement van John Ewings penior, wat ul

972 684 2301 208 des wegens kont vernemen, sal mij lief te verstaen blijve

989 828 1112 139 taer Cordiele groetonisse

2843 893 490 183 Adij 21 sber 1713

808 914 840 168 Leverton Henrij Blaydon

989 1017 2216 201 op 30 pas was aen ue mijnen laeste met remise voor st £100:- ten

986 1112 2319 177 laste devons hier & comp voorders referrere mij aen den selven nu hebbe

976 1188 2271 182 becomen ul seer aengename van 23 pass ditto, met facture &staelen

986 1290 2344 187 van N.° 210. a 243 monterende st £187:13:1 en yt cognossement, voor

975 1382 2336 176 4 balen te weten P204: 205:210. 213 in N°216. sijn de drogeben

973 1460 2317 190 die naer mijne staelen geconfronteert hebbe g& bevonden gelijck ue seght

994 1567 2311 202 niet al te wel, naer de staelen daer sijn oock veele van een couleur

989 1645 2278 208 kan daer niet veel van seggen, moete die aen stucken sien, het stuck

920 1741 2342 193 drogeel voor fardeluer nosprest can mij niet dienen terwijlen, daer

1000 1868 2212 189 niet sal konnen afgeraken als ue fardeluren gebrucken wilt

1001 1939 2214 248 soo doeten altijdt een gemijne perpetuane om te packen verhope

993 2038 2318 210 bEwinges ent seert oven terwijlen present den wint goet is godt gelijde

976 2107 2356 271 hem in salvo, ue kan het restant van mijn ordre veerdigh maken

980 2228 2319 194 tegens het eerste convoij, & sal sien wat noch voorders noodigh sal

999 2300 2269 246 hebben geloove eghter noch dit jaer mach een convoij hebben

996 2407 2329 250 sullen sien ue noch een brief van I C8:81 gehadt heeft, die noch

1016 2504 2298 224 soleuteerde voor de coffie sarges, met schoone belaste van merdre

1012 2625 2259 235 regotie, geloove niet ue sijne comissien ontfangen sal, want dan

1014 2722 2241 222 ware de mijne uyt, g hij is niet capabel ue soo groete comissie te

1000 2827 2341 224 geven als ue van mij tot noch toe gehadt heft wete de reden wann

1018 2931 2305 204 hij de coffees, van ue gevraeght heeft is maer alleenelijck, om een van

1016 3023 2311 235 mijne calanten beter coap, daer in te bedienen als ick wel doen wel

1016 3110 2333 245 gworde van hem veel ander cropen is mede een grooten cladder alhae

1015 3204 2292 220 wel, op den persoon niet int minste tegens repaitatie iets te seggen is

1017 3298 2247 233 laet hem maer begaen van u marck op andre goedren te slaen

1008 3395 2315 277 sijn maer rodden & dat sal ue noch mij geene indernisse doen

1012 3521 2300 221 om dat geene coffees van costij comen gelijck de ue sijn geomen

1026 3599 2315 245 oock soo hoogh in prijs niet de beste die andre senden sijn van 34 p

1015 3721 2320 240 & sijn oock soo larck niet als de ue gdoor de leingde gmijne conduite

1017 3840 2318 213 blijve de goedren in goede reputatie, soo moet ue daer particulierelijck

1020 3911 2221 259 opletten, sal wel aght nemen dat hij de syne goedden, met ue

1012 4017 2316 185 marck niet beslaen sal, ue sal wel doen hem eens hertelijck te

1020 4140 2333 188 schrijven aver sijne drijgementen recommandere noch van naer

1036 4204 2133 195 hem niet te luytteren om geene prejuditie te lijden tot ue governe

1055 4301 2229 180 ingeslote remittere ue stl £140:- ter laste daer Jaques cent

3534 104 2448 218 aerden veer dee bet oederse an te gelrgen gmen ansane leane

3557 212 1602 207 tadviberen blijve naer cerdiele groetenisse

5485 381 514 143 Adij 21 xber 1713

3394 375 982 184 twerten Pere gnech marck

3550 488 2432 166 op 30 pasto & 7 deser, waeren aen ue mijne laeste met den eerste remise

3557 565 2421 172 voor  £130:- ten laste geremie saeyele in londer, voorders, geferrete

3543 601 2459 164 mij aen den selven sedert becomen us seer aengename van van 19 pasto

3495 680 2493 235 ditto met facture 2 stalen van 4.63. 64 beloepende st £222:15:7 ½

3530 786 2410 212 geladen, beneven 3.67:62. in John Cwings siunior terwylen den wint

3543 852 2489 237 goredent goet is soo verhope int kont sijn goet arrivement te vernemen

3525 958 2467 207 hebbe nu alle ul gesondene staelen naer mijn ordre geconfronteent de

3528 1050 2513 183 loups sijn wel de 60 sighte alives wordender oock gevonden maer niet

3537 1129 2461 200 al te wel naer mijn stael de mengelinge schijnt te grot, de bruyn

3545 1236 2481 213 rosse sijn oock wel, als oock de price couleuren, hadde geordon

3545 1348 2439 206 1o schades, naer N18. van 30 april 1711, be vinde maer ips, dat bij

3536 1445 2465 168 hagh comen 10 schode ditto, naer het staeltien van 1y ay bevinde 22

3543 1509 2467 245 ps de andre niet gevraeght oock niet een naer het staelt er van

3545 1553 2549 288 6 sber nochte naer dat van 30d nu die brief was ue noch niet

3548 1698 2419 235 geworden, even wel, ber daer het meert me verleger 10 graer schades

3532 1792 2407 254 ofte geee naer het staeltien van 114 juny lest bevinde naer 7

3537 1907 2420 194 soo dat ue mijn ordre ontrent de schades niet wel geobserveert

3545 2007 2380 212 hebt & die couleuren moeten d'andre doen vercoopen prepareert

3547 2085 2452 233 enige naer de staeltuns van 6 a 30 pass voorde eerste aenstande

3553 2235 2419 164 overcomste van Baredge &30 rayales, als aen den vaet deser

3549 2294 2410 236 ingeslote remittere ul £100:- ten laste Edward froawd in

3541 2413 2477 180 londen, waer vore het nodigh geluve te besorgen & den ontfongh

3548 2484 2399 236 p naitte adviseren p nacitte sebt ue meerdre somme ge

3545 2663 816 171 verwaghten blijve

3543 2685 2415 280 P. sal sorgen, voor het clyn packie & met iat p droget volgens

3555 2862 1919 205 het staeltien schijnt het wat sleght naer den prijs

4312 2956 1133 183 voor 30 sargen Rouaeles 249dr

5048 2979 837 189 dogh soo levendigh wel

4145 3061 690 173 Ops. naer die stael

4959 3073 1002 175 dit & date niet gestrept vallen

4296 3147 593 156 gemen gelt als

4147 3200 1735 229 2ps. prince couleur naesr N.6.7 van 30 april 1711

4158 3368 1025 141 2 ps mooren, met groen lestiens

4135 3395 1616 193 3ps olives naer . N.2:4:5 van 30 ditto

3927 3546 2091 176 dese 15 pes. moeten soo te samen sijn, om dat imant van mij ne

4346 3645 1314 184 beste colanten die soo gevroeght heeft

4150 3785 1015 138 3 crouren met groen lestiens

4165 3766 1806 268 brijn, roste noett het swert met een gloyen drayteen door

4169 3958 1066 166 d prince couleuren als voren

4160 3987 1757 203 4 bruyn blijven soo gelijck die int baeltier 3 199.

3853 4111 2118 222 debe 15 ps. oock in eene bale biyde te semen op gepackt
