8344 4644
939 218 816 167 Dorninck simon donne

2674 220 717 173 Adij ce 13 april 1713

1052 329 2328 211 le 8m du passe fat a vre grace ma derniere y joint une remise

1000 452 2332 170 de ƒ350:- courant sur guilliame daon avec protest de retout

1051 574 2309 173 ne doubtant point, quelle vous est perveaue & que vous aurez disarge

1062 665 2247 187 mon compte depuis ie suis honore p la chery vre du 1me court

1043 760 2200 184 avec une remise de trois cent florins argent de change a la

1060 876 2270 177 charge de mons: antoine hellin, qui est accepte & a son essance

1046 971 2192 183 vous serez credité le nouveau convoij avec des sarges, est bien

1062 1088 2246 185 arrive grace a dieu & j'ay deja recue tous mes ballots icy ainsij ie

1044 1153 2286 193 suis pourvue d'un assortement sans pareille j'aij de doogetts les

1042 1323 2301 156 plus a la mode qu'on puisse voire a vre service j'ay aussij de

1052 1407 2303 167 sarges battardes en abondance de tous couleurs esperant bien tot

1046 1495 2298 189 l'honneur de vous voire icy pour faire une bonne emplaitte

1054 1616 2276 178 & ie me recommand toujours a vre bonne inclination vou ie

1070 1700 2304 183 serez capable a vous rendre service croye que ie serez toujour

1079 1860 481 126 avec plaisirs

2719 1894 525 198 Adij ƒ. 1715

870 1945 1259 212 Certoijck de wed: Pieter goet gebaer

1063 2044 2304 183 in gevolge d'ordre van mijn heer groentgresser hebbe heden p wagens

1042 2145 2271 218 op gendt gesonden een packie gemarckt W:2:C0 a geaddresseert aen

1049 2241 2187 202 heer michiel Bogaerts, om u ordre te volgen, hant in 4

1060 2308 2292 255 engelsche sarges drapeen die voors heere ten mijne huyse heeft

1054 2411 2295 295 uytgesoght  oock twee lakens bij mijn broeder Pedro melijn ul

1050 2600 1477 205 gelieve mij te crediteren als volghte

1047 2654 2276 246 op 12 april 14 sarges beste drapeen 22gd a ƒ 24:- ƒ336:-

1065 2814 2298 213 in wissel gelde in antwerpen te betaelen alle engelsche goedren,

1039 2894 2248 257 sijn wederom seer gemonteert, & dat niet waere, om d'eere van

1066 3018 2215 195 ue calandisie can de drapeen niet minder gesen als ƒ24:10

1067 3078 2289 219 het is noydt gehoort dat sarges drapeen meerder costen, als de

1060 3217 2299 258 sarges, als nu den op slagh in engelsche goedren is ongemeyn

1048 3307 2293 243 groot a unt minste gune hope van beter nisse tot u naight

1063 3462 2242 168 waer in capabel ben u voordren dienst te doen gelieve te

1047 3572 1755 196 commanderen, die altijdt sal sijn met asseitien

5916 190 121 120 120

5326 219 622 147 Adij 14 april 1715

3515 220 738 180 bergen de wed: Candry

3583 252 2418 204 ie viend de recevoir l'honneur de la chere vre du 13 courant, pour reponce soye

3568 401 2411 165 persuadie, que la perpett est de la mesme qualite & prix, que j'ay eu l'honneur

3576 495 2392 168 de vous rendre voire estant icy outre ensuite vre demande ie vous envoye

3571 583 2413 177 cy ioint une cante de drogetts de 15 ps tous marchandise nouvellement

3566 704 2454 190 arrive de tous, ce quil a de plus beau, vre grace peut marquer ceux

3573 824 2467 172 qui vous aggreent & ie vous prie de me renvojer la carte a la reception

3556 899 2495 188 de cette, car ie dois envoyer encor a d'autre, cependant ie vous donne

3574 1024 2451 185 la preferrence au pied de cette vous avez deux eschantillions de drogetts

3563 1127 2475 243 que ie donne a 13½ pattars un sols moins que les autres, ce sont aussy

3560 1268 2466 207 les deux derniere que j'ay en attendant avec impatience l'honneur dde

3564 1362 2332 221 vre ordre & les eschantillions de retour ie me dit tres cinceremente

5395 1506 612 191 Adij d. 1715-

3466 1537 797 216 Bergen CA: Laigle

3565 1669 2484 156 ie viend de recevoir a l'uistant l'honneur de la vre du 11 courant, pour

3575 1780 2380 175 repence j'ay nouvellement arrive des drogetts mais ie ne puis pas

3547 1871 2406 159 vous envoyer les eschantillions a cause, quils sont envoye a lieur

3553 1970 2394 201 cependant ie les attend demain ou apres demain de retoargie les

3555 2060 2428 221 vous envoyerez alors enfin que vous puissie chosir a vre grait

3542 2156 2491 240 pour la charge 22gds, jey n'aij point des ces couleurs, le perpett.

3546 2218 2519 311 que vous avez demande est prest, a tres bien blanchie ainsij j'attendre

3543 2405 2506 211 vre ordre, aussij ie vous dois dire monsr si vous voulez que ie puise

3539 2529 2495 209 contunuer de vous servire, quil faut payer le vien car pour ce leng

3543 2584 2456 231 temp de credit, il mest imposivle, ainsij j'attendre au premier

3545 2752 2455 153 voiage du messagier jonard le salde du compte de l'anne 1714 & ie

3572 2872 891 147 medit en tous occasionse

5442 2935 584 229 Adij 16 april 1715

3502 2991 786 181 ath Joseph Daul mery

3569 3083 2460 203 j'ay recue l'honneur de la tres chere vre du 13me courant p la quelle vre

3536 3232 2515 155 grace medemand des eschantillions de sarges drapee espines veritable 229d de sarges

3548 3305 2480 196 bastardes 2yd viratable comme aussij de veritable jasples superfines 22 gdy & pour

3544 3324 2528 241 vous satisfaire en tous ie vous envoye cy joint trois cartes drapie ou vrus,

3547 3484 2476 226 trouveres en fous 11 sarges drapie espines que vous pouvez choisir or du ballots

3544 3574 2491 183 outre vous avez un carte & 299. avec 15 sarges jas pinnes fres seirtable 229

3559 3661 2509 241 les plus belles a nes, qui vienent d'engleterre estant de la marque a letoil

3567 3820 2416 171 enson vous trouverez une parte  N avec ouze sarges jaspies superfines

3535 3912 2356 213 &I olives taus de la premiere qualite pour les prix les sarges & toustes

3535 4063 2439 171 autre marchandise est ensor teriblement monte & ils montent encor tous

3515 4137 2518 239 les jour les sarges le vendant presentement ƒ24:10 cependant, si vre

3533 4274 2452 196 grace veut avoir les ballot jaspe entiere ie vour e donnere comme les
