8351 4630
2664 196 645 189 Adij 75 dbbre 1713

912 200 1158 229 Brussel Cornelus Le fays

987 338 2278 185 ul seer aengename van gistren soo aenttons ontfange met de drij

968 475 2328 119 staelboechief van de couleure sarges terugge vorders ie versoeckt,

989 536 2225 149 een ander, te hebben, dat volgens ie schrijven, dit ingeslote

979 605 2246 159 sije moet qu heeft oock geen ander gehadt, soo dat niet

964 728 2305 158 twijfel, oft sal den, nagel, op het hooft geslagen hebben

972 836 2248 179 haer benevens heeft iu oock het staelbockie van de lighte

979 963 2276 150 geele drapeen nu twijfele niet, oft u sal sijn volle gehet

982 1073 2250 115 hebben, versoeekende van die ul aggeeeren te neteren &de

984 1143 2251 155 stalen mij cito weder te senden, ue heeft u selve alle dese

977 1252 2322 166 moyte aengedaen, want sijdt verse hert waert dat eenigh sents

967 1353 2337 153 de goedren te laten waren, dat ujt u huys niet soude gegaede

982 1454 2282 154 hebbe ue antwoert benevens a ordre verwaghtende blijve

979 1570 1249 172 naer Ccordiele groetenisse

2683 1693 539 190 Adij 15d 1713

821 1687 1337 200 meehelen Pieter vander peeck

974 1844 2293 151 sedert, dat de laette rijse het geluck gehat hebbe ue met

1014 1945 2214 167 eenige van mijne sarges te bedienen is het engles convoy

983 2094 2260 106 met sarges behanden gearriveert  hebbe oock alle mijne

974 2138 2351 196 paeken t'huys ontfanghen & terwijlen ie mij gerecommendere

1009 2292 2235 122 haddie ul te adviseren het arrivement, soo can niet

991 2356 2254 146 manqueren van sulcket te doen hebbe pretent een

996 2481 2216 134 assortement van alle couleuren soo van battardes

994 2586 2264 140 royaeles drapee diogetten, als perpet tot u dienste soo

1005 2668 2208 193 het sal mij ten uijffersten aengenaem sijn d'eenen

1009 2775 2314 199 van u hier te sien niet twijfelende, oft sal ue konnen

996 2882 2329 197 voersien van een seer schoone partije & van t'asderbeste

973 3027 2334 175 goet dat uyt Englent compt waer op maght staet massen

997 3105 1869 188 betrouwen op die blijve naer greetenisse

2585 3209 629 223 Adij 16d 1712

784 3235 1403 228 Fverten Sobert Buridge

987 3386 2344 202 ue seer aengenamen van 25 pos wel ontfange daer benevers

969 3486 2251 193 sien de natitie van de prijsen van de perpete, die

975 3613 2300 156 daeer van hoore gewent was terdoneren te N 55:61:

1001 3694 2320 207 70180:102 s p stuck nu wille wel van ue eene prents

1008 3824 2276 185 nemen g hope ue voor de eerste rijse goede sorgy sal

997 3891 2315 201 hebben, om Crieus, goet te sendeen, waer op my sal verlaten

1025 4038 2226 169 a twijfele niet, oft sal in toecemende groate partijen

1007 4146 2267 160 ordoneren, nu sal u gelieve mij toe tesenden een pacq

1013 4267 2314 172 met 24us van prijsen als aen den voet deser genetent

3570 202 2451 103 recommandere noch mael op alles, wel te letten, dat te wel 15

3536 275 2498 132 bedecht sijn, valt ghan breede hebben f soo haest u die gereet i

3532 349 2396 124 heeft, gelieve facture g& stalen toe te senden in afwaghtengen

3525 432 1412 182 Blijve naer Cordiale groetenissee

3539 559 1031 151 voor 24 witte perpetuaenen

3619 601 2386 179 5 ps van „ 55 s & ue sal dese stacken teeckenen, te weten die van

3606 720 1271 168 5d„ 61  55 ƒ N60.

3610 823 1251 166 5d.. „ 70  661 p „30

3613 908 1272 187 55  „ 80 p 170 „ 80

3614 1009 210 137 4d

4009 1007 898 182 „102 p 1 80 p „ 98

4105 1127 794 154 die van 102 p„ 100

3580 1086 332 184 24 ƒt:

3510 1205 2481 171 de sarges drap een groyaeles, sijn hier, soo inde niet laegh, datter niet

3543 1351 2429 164 een strijven, aen te avanceren is, soo can niet te solveren om

3542 1444 1284 188 annge, te laten in Ccopen

5186 1567 794 164 Adij 17 xbe 113

3422 1574 646 174 Idrussel segers

3528 1678 2457 167 uj gevolge ue ordre van 15 deser soo hebbe op oansteren un toegesen

3529 1810 2497 124 de dry geteesterde gettrepte flanillen, in en pakie genantt

3511 1914 2368 142 EG:B. waer un de wee port costy vn ons. mschau

3543 2034 2441 117 is ingepackt dese flannellen tij de drij fijnste van alle de

3528 2112 1893 143 pin sal mij gelieve te creditere als volght

3571 2199 1230 177 1 getrept flanell N. 31 a 41 ¾

4199 2198 1776 216 „31 ½„ 42 „ a 124 ½ a 12¼ st ƒ 36:9

3562 2307 194 123 4d

4232 2370 589 146 „31 -„ 41¾

3564 2405 143 114 18

3511 2431 2414 182 wissel gelde, twijfele niet oft sullen in contentement geven

3526 2560 2459 178 urae in capabel ben ul: voorderen tienst te doch gelieve

3529 2662 1985 178 ta comarderes die nae cordiale groetensa bljv

5186 2889 663 170 Adij 18 xbre 1713

3429 2889 1418 233 rotterdam Drouys verburgh

3505 3016 2481 190 u seer aengename, van 15 deser, wel ontfangen waer bij verneme

3464 3155 2450 147 6 den vrint behanden, was gearriveert twijfele niet af u heeft

3465 3219 2478 171 de geneteerde stacken van de goedren oreet bevonden, nu

3512 3346 2399 154 sal u wederom gebroght worden eenige, als aen den voet

3454 3458 2453 181 deser & specificeent intoecemende, sal geene vordre mentie

3529 3476 2477 266 maken, als, met N.A.B. C.D.C. j volgens, dit ingelydt catfken

3510 3631 2369 203 waer naer, sult gelievee te reguleren men kan de goedren,

3506 3763 2455 201 present, soo gemaekelijck niet becomen, om de schaerheyt wille

3513 3882 2415 200 even wel, hope metter tijdt een goet affertement te becomen

3501 4011 2487 160 sien de prijse noch in den voigen toet sijn, denelle

3507 4121 2485 176 het beteren sal recommardere de saeke te beherttige oll

3546 4253 108 68 mijtn

3505 4237 2500 185 & tmeette voordeel te soecken hebbe, geen int rest in solept
