8378 4644
1096 265 2303 77 aures toujours a vre service jaij ausiij des nouve aus drogetts

1106 310 2241 105 arrivele le plus jollie & fines, que jay jamais vue ceux que

1081 400 2244 141 j'ay eu l'honneur a vous envoyer, sont belle &bonnes, mais ie

1095 471 2183 171 vous assure que ceux, que j'ay presentement, est un besion

1099 587 2165 147 mais il me content un sols p anne plus, que les autres

1075 701 2269 124 precedantes, si vous en avez besoing commandez librement

1069 770 2266 162 croye monsr. que vous auriez du plaisir de les voire, tant

1090 861 2253 154 pour les coulleurs, que pour la bonte ie sont mieux que

1093 960 2212 136 le draps a ladvenant du priix s'il y a quelque chose a

1085 1048 1852 142 vre service commandez qui est se bon caeure

2683 1134 606 170 Adij 21 Janu 1715

931 1141 1174 201 Rottersam Dienijs verburgh

1099 1221 2211 210 ul mij seer aengename, van 15 desey wel ontfanghen daer

1088 1336 2272 149 benevens de 4e courant die nagesien hebbe & bevonden dat

1076 1378 2264 214 ue: tuwer preiuditie aghter gelaten heeft ƒ 6:16 voor een

1083 1480 2333 233 if thee in Lanuary 1714 my gesonden & sien dat de bressorte

1085 1602 2181 217 wat hoogh loopen, eren wel, sebte die rek gesloten & u

1090 1703 2242 220 p rest gecrediteert voor ƒ68:1 die traghte sal p eerste

1073 1823 2273 180 occasie al te remitteren, oft wel ue gelieve de selve op my

1081 1929 2282 188 te trecken als d'accasie presenteert, het is my schelijck leet

1066 2003 2247 221 datter lande costij niets te doen is geweest hope eghten dit

1067 2133 2317 212 jaer iets voorvallen sal terwijlen meest alle onse soopleyden

1102 2237 2259 171 wel genelineert sijn hunne goedren op Rost te laeten comen

1066 2337 2179 209 soude daer niet eens aen twijfele, soo de regeringe de

1082 2424 2235 196 reghten eenighsins gesiefde te ontlasten principael het

1089 2530 2323 200 xtra veyl gelt af te doen & het reght van transito de vermindee

1104 2659 2291 146 imant Jan donse, heeft den seeretais van D heere gecommist

1090 2773 2278 154 eerde van den staet over de bariere hier residerende daer van

1087 2868 2304 162 gesproken die seght, dat de coopluyden van costij behoorden

1092 2953 2275 138 dien aen gaerde een regeert aen hunne magistraet in te

1087 3043 2319 177 geven ij dan sulx aen de staeten generael souden bekent

1097 3152 2109 143 maken a dat het lans die cant lightelijck soude connen

1096 3253 2295 169 succederen & soo uyt vallende soude een groote avantagie

1097 3361 2198 190 sijn voor ue aoock voor de seippers soo gelieve daer eens

1104 3472 2316 163 speculatie, met d'andre vrinden over te maten qui sentimen

1083 3573 2237 172 soude gaerne vernemen moghte ue moyelijck vallen, van

1089 3657 2279 177 noch een ls thee van den besten groenen te versoeken soude

1097 3741 2327 214 mij seer aengenaem sijn, t' selve te laeten toecomen & amans

1079 3877 2213 155 de roy, un sodanige, oft andre occasien sal altijdt thomen

1090 4013 498 152 mede te sijn

5758 163 241 105 2

3483 220 1174 166 Brugge Gillis Jan Coppenolle

5391 219 593 157 Adij 23 Jan 1713

3559 317 2405 174 u aengename Jan 18 deser wel ontfanghen dien volgens sien ad

3571 419 2405 119 martens cappels leght met een ander seipper & hebbe sedert ternome

3550 487 2394 128 dattse met groote moyte in een kreke geraeckt sijn het is sekerlijck

3554 572 2425 188 dat het vrisent weder van godt compt & dat gij lieden alle op soo eene

3557 668 2428 189 maniere tracteert is oock tegens het getot van Godt. het vritent weder

3549 776 2392 199 blijft contunueren soo dat noch geene hope hebbe van mijne

3554 882 2392 169 goedren te becomen gadt wilte bewaren, want soude se herlijck

3550 940 2482 180 voor de malheuren die daer souden aencomen ue: over aenspreken

3538 1075 2428 168 terwijlen in alles wat gefereve hebbe direet tegens ordre gedaen

3552 1141 2421 188 hebt hadde u p baergie versonden soude de goedren t'huys gehadt

3535 1236 2497 214 hebben agroote partijen daer van verkoght soo dat in alle manier

3547 1340 2481 234 preiuditie leyde door u goede conduite & dat is den wille van godt

3554 1461 2440 221 niet sijn even minck te verdrucken, twijfele niet eens oft sult

3543 1623 1134 132 koon naer wercken crijgen

3554 1661 2463 212 soo dheer del camps a costy sal sijn soo recommandere hem te

3545 1731 2478 263 spreken ontrent het bescadight pack om afslagh Jan de reghten

3540 1841 2496 232 dat een redelijcke vrage is wat aengaet het reglement Jan de

3526 1934 2460 213 vraghten mij laeten ons daer niet aengelegen, want naer de

3528 2026 2483 234 riyte van cwings salder niets door ons meer comen sal de oek

3528 2129 2481 217 van oncosten na sien awel bevindende u vervolgens credi

3549 2255 2472 190 hebbe ordre van mep bereglnech marck om ue de staelen van

3536 2368 2443 201 tpack & 79 toe te senden derhelve, hebt de selve hier in gesloten

4719 2454 1302 112 PS. naert sluyten van den ingeleyde heeft imant van

3510 2518 2512 186 grbete ul van herten & blijve mijn vrinden versoght dese twee ingeslote wissel

3932 2578 2073 123 brieven om accoptatie te senden die versoecke tt laten acceptere peito

4053 2653 1420 123 te nigge senden sal p naest in remitteren

5382 2658 634 134 Adij d Jan 713

3469 2684 922 152 tiverton Nell & sam: lewis

3553 2782 2452 165 ue mij seer aengename van 22 past. wel ontfanghen dien volgens

3552 2883 2480 136 sal de geordoneerde goedren p jan cwings verwaghten, dese ordre

3532 2948 2413 165 is voor eene preuve & soo u goet goedt sent syt versehert voor ue

3549 3077 2483 164 avantagie dienen sal gorek intoe comende soor meerdre partij

3542 3167 2492 156 en, hebbe present geene rojaeles 2 4 gdij noodigh, maer ick ordone

3550 3222 2399 212 re, wel aen andre vinden engelsche drogetten van 17¾ p 9t9

3536 3316 2442 204 heeft s soodanige goedren, soo soude wel willen u mij eenige

3460 3428 2563 216 staelen geliefte te senden om de couleuren & quali tijet te sien

3525 3528 2507 201 soo die mij sonden aenstaen soude die dan ordoneren de po sjn

3539 3622 2501 218 soo van 40 tot 45 a 46 gd lanck, sonder wel moeten bedeckt sijn

3527 3731 2496 227 awel geperst ade couleuren, op de laekens alle clijne a fijne men gelinge

3535 3860 2422 171 tot u naright ue antwoort hier ontrent te gemoet siende

3531 3975 1378 206 blijve naer cordiale groet enisse
