8248 4651
902 207 2413 117 mij dat hij hoopt, binnen 14 daeghen ordre te geven om noch 200 po

894 275 2362 122 te laeten maken & daer na mischien noch meerder, soo welt us op u

906 368 2422 178 usied van nu af beginnen int werck te stellen soude mij aengenaem

885 474 2436 195 weesen, om die soo veelt te eerder gereet te hebben, twijfele met eens

898 572 2414 179 oft sal sijne ordre become waer na gelieeft te reguleren u gelievne

898 678 2422 218 tant gene noch debet ben te disponeren na u wel gevallen a versoecke

904 806 2029 230 een letter ken antw: op ontfangh deses u groetende blije

2696 960 570 170 Adij 24 dug 1715

752 948 842 215 London Charles Hamitton

919 1057 2382 211 u seer aengename, dan 5 deser gistren wel ontfanghen daer benevens rek

896 1202 2320 161 van incosten op de baele N7 door  baridge u toegesenden waere

896 1287 2242 157 voren ul is gecrediteert in st  2:1:5½ en op mijne ock dat p hemmij

902 1418 2413 177 bradfort sal verwaghten, voorders sien u pack tijken N.1 wel hebt ontfanghen

907 1518 2384 164 ade selve na ie contement bevenden, hebbe oock yant selve gevoelen geweest

908 1638 2318 158 dat de tijken van d. sujverder waeren als van de V. daerom hebbe

895 1756 2318 143 het meeste deel hem laeten maken, daerstaet nu een t weed pack

899 1880 2303 133 al opgepackt van 113 ps, te weeten 23 ¾ 3 segels a 90 ¾ drij segels

885 1976 2443 175 waer onder sijn 28 ps vandV. & de andre alle van d.3. maer verschere wel

872 2081 2409 180 sehoonder & suyverder, als de eerste mijn makers seggen, hoe langen dat

890 2171 2438 230 de werck luyden die soorten maken hoe vostersij daer incomen &de selve

906 2305 2350 203 verbeteren soo ick twijfele niet oft ie sal groot genoegen ndete tweede

888 2429 2407 182 baele bevinden, sij heeft al ontrent 8 daegen opgepackt geweest dogh

883 2580 2443 153 hebbe noch geene occasie gevonden om op brugge te versenden dat eghter

910 2675 2397 146 in eer dagh oft hier sal geschieden & hope ditto baelee on franc. montacl

897 2789 2412 146 die in ladinge leght tot brugge noch iiste seepe, soo dat u die int cars

901 2906 2428 193 souden connen ontfanghen ie seght kan bennen  ordre te geven, om noch

884 3023 2424 159 200 ps, oft meer te doen incoopen versoecke u ordre op het spoediguste

896 3139 2349 168 om dat dese soorten apres moeten gemackt worden & dan tijts toe

901 3255 2406 183 noodigh is gelijck u wel ondervonden heeft ick hebbe gistren evenwel

901 3354 2365 191 op u scryven mijn masser last gegeven, want soo die getouven

889 3460 2390 203 af senden sijn langen tijdt soude moeten waghten eer wederom die

899 3603 2396 160 soerten londen willen opsetten daer werden oock veele van de dese

890 3672 2371 217 sijne tre pus gemaccht van voot quit gelijck de blouw met witt

877 3794 2432 203 oft ue daer sijn in hadde sende mede van dese eenigh laet en mohtn

894 3931 2401 153 ick sal p u naeste u advies te gemoet sien& hope mede te vernevem

900 4061 2396 196 dat de wissel van £150:- op capitijn beurroughs sal sijn geeccept eert

907 4180 2412 175 hebbe an het pack u 2 wederem een stucke hijnwaet gedaen van 31 a

911 4313 2406 143 a 10 ¼ st delle, seer curieus maicht u qeune speculat ie om eenige

3611 153 2469 162 stwken lijnwerten de ontouden ick hebbe heer schvone ocaste om partijene

3596 284 2488 117 in te coopen soo van vlaemte soorten van 6t tot 16ft: dielle, ende tocktamhantse

3583 362 2429 107 om hemden te maken van 20 st: tot 30 a 40 a 50 jaetot 60 ft. delle 2 dese

3579 439 2416 192 qualitijten worden in groote menighte na englant gesonden soo dat nmet,

3580 532 2464 197 twijf ete oftt ue soude daer goede rek bij vinden gelieve daer ontrent eens

3583 658 2489 167 ie speculatie be maken a my ie sentiment t'adviseren & nafwaghtinge

3565 808 1950 191 blijve naer Cordiale groetenisse & offres van mijnen dienste

5395 916 606 207 Adij 24 aug 1713

3466 940 782 184 London John Jadnal

3561 1111 2510 134 op 20 past. was aen ue mijnen laesten met facture & cognosement van de bale

3549 1180 2495 156 tijken N1 beloopende in wissel gelde ƒ 1368:19 waerende geladen intseisp

3544 1311 2483 195 van ad: grimbergen die volgens advies al lanck a costj is gearriveert, sedort

3571 1423 2517 192 van u mits vernomen, hadde eghter in afwaghtinge geweest den ontfangh

3551 1534 2529 186 van ditto baele van u te vernemen, als mede dat de tijken na ue contentement

3546 1669 2457 150 sout hebben bevonden, eghter sal dere van u mesire peersten te gemoet sun

3547 1765 2548 151 averhope dese goedren soo wel sult hebben bevonden dat die tot meerdre partj

3561 1880 2542 172 sullen arimeren u remise van stl £100:- a 32:6 en ten laste gerardus

3554 1988 2482 173 de witte ul voldaen waer voren ue gecredit eert hebbe voor ƒ 1125: wissel

3543 2126 2393 165 quie groete u van herten blijve met presentatie van mijnen dienst

3422 2259 902 178 Firerten wille Sam. Lewis

5421 2229 614 218 Adij 24 pug 1713

3553 2340 2451 200 op 7 deser was aen ue mijnen laesten waer aen mij gedrage sedert become ue

3526 2512 2510 137 aerg van 20 pass met staelen van eene bale met to drapeen waer van de

3527 2590 2503 193 facture niet hebt uyt gesproken derhalve gelieve de selve te senden als

3534 2720 2532 147 mede de facture & staelen vant gene resteert, heden ist hier leest dagh, soo

3549 2804 2538 187 dat geene borse gehanden wert soude anders hier benevens gereinteert

3541 2960 2475 171 hebben eghter p mijn eerste heeft u remise te verwaghten waer op

3539 3095 680 154 mooght verlaeten

3521 3141 2561 237 de ceuleuren van dese baele sty beginnen bij te comen, dogh sige

3543 3309 2539 165 sijn te doets met te wijnigh root gemengelt a daer by seynen somige

3530 3424 2558 136 soo lancke aerigh oft se van peerts aer gemaekt waeren, soo rou

3542 3528 2526 174 van wolll, daer s moet in voorsien, sal de bale sargis van 34

3508 3664 2491 173 p mede p buridge verwaghten terwijlen noch gene aparent ie

3509 3795 2510 143 sien wan neer hij staet e vertrecken recommandere noch mae

3521 3908 2532 178 voor alles goede sorghe te dragen ageeft advies vant geene laet

3544 4051 2058 133 effatieren, aende gene die blijve naer cordiale groetenessen
