8358 4651
1140 175 2242 83 in alles sententement geven, want verloope, om seade te dn

1096 238 2300 147 is voor e nochte mij niet geraetsaem, wat aengaet den rijs u

1102 338 2299 102 het witten ƒ31- hebbe op mijne notetie negesien dat soo veel

1104 405 2234 137 betaelt hebbe dogh bevinde dat het maer courant geet is soo

1106 530 2266 137 hebbe u gedebiteert in plaets van ƒ9:- ƒ 7:14 wisselgelde in

1099 601 2255 206 geslote, sende aen ue een staelboelie van 10 sarges drapeen

1105 699 2289 187 rngdy vande star naer u stael, die sonder een woort te maken

1078 828 2327 197 ƒ 23:10 moeten costen, andre betaele de selve ƒ24:- eenige van

1114 951 2292 187 de selve a aenstaende gelieve die te teeckenen a mij u'ordre

1083 1062 2178 188 toe te senden sijn oock niet een stuyver minder tot u naright

1093 1169 2304 182 maen in u verders dinstigh magh weesen gelieve de command

1098 1293 1749 187 die blijve en afwaghtinge deere van u antw

2705 1409 702 183 Adj  april 1713

972 1419 841 227 Geel Cornelis Willems

1105 1537 2302 180 u aengename van 3 deer wel ontfanghen benevens den saek gelt

1027 1657 2339 178 die naer getelt hebbe & bevonden an hondert guldens wissel

1083 1732 2177 225 gelde, waevvorenu is gecreditart vorders, soo sende aen u

1074 1861 2332 185 p voerman de versoghte sargis die op het naeste op u staelen

1099 1955 2303 186 hebbe gevonden, waervore mij gelieve te crediteren alsvolgh

1085 2099 1097 181 op 5 april 1 large bett a 2g

1900 2115 1397 206 drape 9 sarges a ƒ a3:10 ƒ471-

1549 2208 166 120 1d

1543 2235 1812 205 1d bett royael 24 gd. „ 31:„ 31:-

2664 2333 713 177 samen ƒ 78:-

1510 2424 205 156 3 ps

1074 2497 2264 165 in wissel gedde u geleve te noteren dat de larges beste

1060 2607 2227 176 battardes gelijck, die u toegesonden hebbe niet mind

1065 2687 2340 195 te geven sijn us tot ƒ24:-, om dat de goedren soo, reder

1016 2838 2348 179 de laette reyse gemonteert sijn ghebbe heden goedren

1064 2956 2225 173 becomen van dien logen prijs. soo in toecomende

1077 3058 2137 172 als u noch iets gelieft te ordonerenn sult die mijs

1075 3172 2182 145 moeten besteden tot ue ragelt awaer in uverders,

1055 3284 2210 163 dinttigh magh weesen geleve te commandere die

1061 3417 1429 191 heve naer Cordiale groetenissen

2767 3514 590 192 Adij 6 april 1715

929 3544 902 207 dermonde Piure de baut

1093 3652 2125 191 ie vous envoye aujourd huy p la barque marchande un

1068 3730 2318 172 ballot marque IF:zo bien condione estant pour compte de mad

1068 3883 2286 177 la veure lison contenant trentasineg ps de sarges d'engleterre

1073 3982 2279 195 il vous plaire de suivre son ordre la voiture, ett icy payez

1074 4119 2156 172 ansy franc de tous frais ie vous salue & suis de tous mon

1066 4219 218 161 Jean

5385 195 677 161 Adij 6 april 1715

3474 179 1238 185 Cortrjck de wed: Pieter Geet gebuee

3485 288 2505 151 uf mij seer aengeneme, van 4 deser, soo aenstons ontfanghen, waer bij s

3592 405 2436 165 vraeght staelen, van sarges drap een cossij couleuren als andre, waer op

3573 491 2443 159 tot antwi segge, dat geene drapeen coffees bij hebbe, waer wel noch ben

3569 599 2386 144 baelt ien beste van Claverblat Coffies ugdy waer van hur ingesloten het

3572 717 2477 132 stael tockie hebbe mede een baeltien van 15 ps roijaeles 24 gd te weeten

3596 792 2455 156 10ps coffees, soo gelijck dat ingesloten stael a5 bruijn roste, oock van

3576 920 2504 142 het laverblat sijnde soo gelijck heb lesten baeltien dat u de leste niese by mij

3560 1046 2491 138 gekoght heeft alle goedren, sijn noch mael seer gemonteert  tewijlen

3559 1134 2467 119 dit battan & de rojaeles voor de laeste partijen geemen sijn, soo u

3555 1214 2506 179 die noch gesen te weeten de bastardes 21yd a ƒ23:10 die nu ƒ24: moet

3563 1350 2388 142 Cotten ade royaeles a ƒ31: nu ƒ32:-, de staelen van de royaeles sijn

3563 1450 1410 167 verlooren anders sende die hier benevent

3569 1536 2366 183 u met deen, oft ander dienst connende doen gelieve te commanderen

3577 1630 2430 160 versoesende soo dese staelen van de battarderng u niet aenstaen

3563 1731 2408 202 de selve cote weder te senden terwijle de selve sonder de staelen, niet

3559 1821 2442 195 versoepen can, hebbe gistren een groote partije vers goet becomen, dogh

3565 1921 2544 191 seer duer & moete noch seer groote somme remiteren naer englant aben te

3554 2027 2528 199 benoodight van gelt soo soude mij seer groot plaisir sijn lij adien

3558 2128 2541 196 mij iets onde remitteren eghter sonder u eenigh deplaitire daer aen te doen

3549 2274 2435 170 groete u van herten blijve in afwaghtinge d'eere van u antr

3541 2387 1168 172 aerdre, oft de staelen te ugge

5511 2478 518 198 Adij 6 d 1715

3460 2503 935 214 Brussel wed: Bornemans

3564 2557 2461 235 in gevolge u ordre van 3 deser, soo hebbe heden aenu gesonden p beurtscip

3568 2670 2545 210 een packie gemarckt:1P inhaudende de 4 sarges gevraeghde drapeu de

3567 2830 1758 189 waer vore, mij gelieve te rediteren te weeten

3543 2909 2424 193 op 6 aprily 4 sarges berre drapeen aegdy a ƒ23:10 . ƒ94:-

3544 3020 2383 183 in wisselgelde te betaelen, hadde al gewaght, tot op laeste dat

3535 3119 2485 175 jeuffr keino sende gesonden hebben om mede te packen, dogh met

3521 3209 2510 200 vernomen & hebbe noch mijn knecht daer naer toegesonden om 't selve

3530 3331 2471 166 te vraghen & heeft voor antw: gegeven dat sij niet hadde tgene

3526 3419 2476 222 ue waeghde & dat sij u daer over gesereve hadde tot umanght, maen

3534 3557 2499 194 in capabll ben ue voorderen diest de doen versoecke, van te commardere

3529 3668 1317 181 die altijdt sal sijn met assutieen

5379 3722 584 145 Adij 7 d. 1713

3474 3788 606 151 Ath de wed: Lisen

3532 3887 2496 146 j'espere vre bon retout chez vous, celle pour vous advise que toutte ma

3527 3987 2452 189 nouvelle marchandise est bien arrive, & en suite vre ordre, j'aj vous aj

3525 4061 2461 186 envoyez hier p la barque marchande a termende a l'adresse

3527 4163 2460 183 du livre de bant les 35 sacqet, que vre grace cevoit choisie

3533 4278 2300 151 chez moy sur les eschant illions ie vous plaira m
