8303 4658
1075 223 75 69 316

2755 201 565 135 Ady 14: sber 1713

815 225 930 126 Amst Franciscs rousseau

1000 295 2322 176 op 21 pass. & 11 deser, was aen ue mijnen laeste gmet dien van 11 courant hebbe

988 387 2271 138 il geremitteert £570:12:6 en in £1100: - 124½ in twee brieven ben

979 462 2248 189 laste D: Jacob   raphael mendes de costen die verhope ue wel sal

976 571 2197 180 sijn geworden verwaghte op morgen den ontfangh te verstaen

993 611 2346 226 voorders referrere mij aen den selve, hadde gedaght heden noch merdre

982 738 2324 186 somme te remittere, maer konde niet ten reghte geraken omdat de

986 826 2312 179 treekers onder ¼  arance, niet wilden comen, men seght datter a

988 941 2319 174 30 gelt was dogh heden, isser op de borte met gedaen, nochte op

974 1020 2093 204 d'een oft d'andre plaetts, soo dat alle negotien ser verloopen

1001 1161 2305 159 voorders terwijlen mijn vrint Jan B Tolwier van all, welgewaen

1001 1225 2263 215 wort dat het briefie van ƒ 2169:- ten laste peyrere niet sonder

1011 1331 2274 187 moyte sal betaelt wordet, soo versoeckt, vant selre, met het protelte

996 1428 2291 218 benevens den ingelyden te versenden aen monsr. Jan vanden bos

993 1574 2297 128 solicteur  in den hage, dat mede van herte recommandere

995 1631 2250 184 twijfele, oft sal den trecker, oft acceptant, tot betaelinge dininge

1004 1687 2263 204 godt terseene hem een goedt tucces blijve naer cordiale groeteisse

2795 1816 439 173 Adij 16 dito

860 1862 922 160 a mll Franciseo Rousseau

1006 1890 2188 216 ue seer aengerame van 15 deser wel ontfangen adviserende den

1017 2000 2262 166 ontfangh van mijne teree remises ten late sc: mendes da costa

1018 2120 2276 134 & dat de selve betaelt waeren, voorders sien, dat de wissel op londen

1009 2200 2264 170 wat aent monteree was, dat hier eghter geene afteratie gemaeck

994 2293 2256 162 heeft heden, isser op londen hier gedaen a 35: 8 et & veele brieven

1012 2369 2222 199 over, op costy, in Banco a  , op laest, van de borse a

996 2475 2288 207 de brieven op tijdt a costij bleven schaers jden intrest medioere, soo

1007 2578 2204 149 sal het wat aensien, tot dat bitere avantagie voorcome dat met

1014 2690 2156 195 occasie, gelieve, te laeten weeten om volgens te regaleren

1014 2779 2260 173 voorders wat aengaet het brievin, op peraraij, soo ue eenige obstee

1012 2882 2173 194 helen vindt van het selve te indorseren aen si vanden bos,

987 2974 2223 191 soo gelieve het selve met het protest benevens den ingesloten

1021 3109 2245 169 van 14 courant mij kito weder te senden, daer sal niet aen

1010 3171 2241 191 gelegen sijn & mij dunckt mede, dat het wel het securrte is ter

1018 3305 2286 158 wijlen daer geen waerde van geniete in afwaghtenge d'eene van

1035 3386 1969 186 in antwoort blijve naer cordiale groettenisse

2651 3474 658 172 Ady 20 gber 1713

883 3484 986 188 Londen Charles hamillon

1034 3535 2305 202 ue mij seer aengename van 20 marte lest  op sijn behoolycken

1022 3683 2282 153 tijdt wel ontfange, is tot nu boe on be antwoort gebleven by faute

1017 3766 2307 172 van materie ue is vevolgens gecrediteert geweest voor st £3111:6 en

1029 3845 2222 172 oncosten, op de bole, N.X van m buridge, & tervrijle de issel op

1025 3937 2290 216 sigh niet heeft willen schicken, om enege aveentagie, ste behalen

1026 4037 2299 176 hebbe uyt meerdere somme met connen rambisseren, na mache

1026 4135 2269 217 eenge speculatie om ue eenige canten toe te senden op hespe van

1047 4245 2287 186 een intrestie te behalen, vermits niet diete, wat sortementen

3560 198 2455 106 a costy geraght worden soo versoecke, van eens te insonmere bij de winckele

3535 276 2418 94 audes wat qualitijde van canten het meeste gevraeght worden oft met

3556 343 2443 168 duyssche slaegen, dat men hier mausche noemt oft sonder duytsche slagen

3544 413 2365 140 moeten wesen oock wat hoogdens de selve, moeten sijn ende prijsen

3537 508 2379 163 van de minste tot de hooghste wan wat seangde, met een woorte

3488 627 2434 131 die a costy het vercoopbaerste sijn voorders, op wat maniere die n

3530 709 2379 172 Englant gebroght worden oft het clyne packier moeten wesen, om de

3536 771 2433 174 te beter in te brengen, want weten wel dat den in stilte maeten

3558 893 2450 156 encomen om dat de reghten, daer op geshelt te swaer sijn versoeke

3552 964 2363 197 nogh mach van nouseunige informatie te nemen om des te beter

3534 1059 2381 182 te konnen reguleren & wilt ue eenige comissie, voor ue eygen rek

3544 1171 2365 187 geren, sal alle mogelijcke devoiren doen, om te animeren hebbe

3533 1211 2464 219 occasie, om goeden coop in te copen ue antwoort hier op verwaghtende

3534 1403 1294 172 Blijve naer Cordiale graettenisse

5403 1447 542 192 Adij 20 sber 1713

3412 1542 880 178 termonde Piere de Baut

3537 1598 2420 173 sende aen ue heden p beuntschip een packie gemarckt I:B:X om

3544 1694 2459 167 te volgens d'ordre van monsr Joseph daulmery van ath sijnde droogh

3537 1769 2370 194 wel geconditioneert aen boort gelevert & de waght al her betaelt

3548 1856 2402 207 soo franoo van alles, naer soo danigen ontfange, gelieve voor de

3554 1975 2044 194 versendinge te sorgen & blijve naer Cordiale groetenisse

5450 2067 541 170 Adij 21 sber 1723

3414 2122 861 161 Amdt Francises rousseau

3525 2181 2473 171 op 18 deser, was aen ue mijnen laeste waer aen mij gedrage dedent become

3530 2345 2476 131 ue aengerame van selven dato met een wisselbrieffe op 6 dato van

3531 2381 2452 178 £600:- ten laste gras & rima tot Brussel in antwerpen te betaelen a

3533 2483 2420 175 q schade voorden brief, in antwoort, sal voor d'acceptatie sorgen  op

3538 2581 2383 212 sijn tijdt depenninge in oordre, dogh kan dit briefie voor mijne rek

3534 2655 2417 221 niet aennemen terwijlen daer geen avance, uyttalen kan & in eenige

3507 2752 2485 213 dage, soo de wissel op londen sigh schieekt brieven, op die colaets noodigh

3515 2895 2469 156 sal hebben nu saude ue wel andre penninge remittere voort geneg

3519 2959 2499 212 vorder soude manqueren waert dat op ue remise ½ p mais te hele was

3499 3042 2530 205 dat veer van daen is voorders, sien de antwoort goekoften van de messr. perera

3528 3143 2465 157 vervolgens morgen van ue de verstaen het succes oft het brieftie met

3523 3233 2387 221 protest & & terragge, of wel aen sr. vanden bos gesonden lijve naer

3528 3335 2459 246 cordiele groettenisse met vesoeck van den in gelijden voortganck ten

3544 3510 549 161 geven

5407 3527 519 195 Adij ditto 1713

3430 3600 1037 191 binemen herdrick lange

3531 3667 2453 211 ue seer aengename, van 6 deser wel ontfange, maer uyt verstaen dat

3542 3781 2474 228 ue geene peyen dese rijs senden sult dat mij groet genoegen daet

3520 3856 2491 193 temeen, om dat men tot sullo vier uren van hier de schepen eer restent

3502 3961 2464 175 die met eenige coepman schappen van ue corteeren geladen sijn om

3513 4042 2468 189 de gerughte van de suchtens verhope toecomende gaeve beteren sal als

3538 4145 2431 149 wanneer mijn ordre ue woegh int voor jaer toesenden sel het is

3545 4285 2398 151 mij leedt, dat ue dese rijse met soo veele moytens gemportineert
