<?xml version="1.0" encoding="UTF-8"?>
<alto xmlns:xsi="http://www.w3.org/2001/XMLSchema-instance"
      xmlns="http://www.loc.gov/standards/alto/ns-v4#"
      xmlns:page="http://schema.primaresearch.org/PAGE/gts/pagecontent/2013-07-15"
      xsi:schemaLocation="http://www.loc.gov/standards/alto/ns-v4# https://www.loc.gov/standards/alto/v4/alto.xsd">
   <Description>
      <MeasurementUnit>pixel</MeasurementUnit>
      <OCRProcessing ID="IdOcr">
         <ocrProcessingStep>
            <processingDateTime>2022-02-11T21:38:29.555+01:00</processingDateTime>
            <processingSoftware>
               <softwareCreator>READ COOP</softwareCreator>
               <softwareName>Transkribus</softwareName>
            </processingSoftware>
         </ocrProcessingStep>
      </OCRProcessing>
   </Description>
   <Layout>
      <Page ID="Page1" PHYSICAL_IMG_NR="1" HEIGHT="4658" WIDTH="7981">
         <TopMargin HEIGHT="0" WIDTH="7981" VPOS="0" HPOS="0"/>
         <LeftMargin HEIGHT="4658" WIDTH="0" VPOS="0" HPOS="0"/>
         <RightMargin HEIGHT="4658" WIDTH="0" VPOS="0" HPOS="7981"/>
         <BottomMargin HEIGHT="0" WIDTH="7981" VPOS="4658" HPOS="0"/>
         <PrintSpace HEIGHT="4658" WIDTH="7981" VPOS="0" HPOS="0">
            <TextBlock ID="region_1643820047382_4673"
                       HEIGHT="4292"
                       WIDTH="2689"
                       VPOS="119"
                       HPOS="582">
               <Shape>
                  <Polygon POINTS="582,119 3271,119 3271,4411 582,4411"/>
               </Shape>
               <TextLine ID="region_1643820047382_4673l1"
                         BASELINE="658,258 693,256 729,253 765,251 800,248 836,246 872,244 907,242 943,240 979,239 1015,238 1050,236 1086,236 1122,234 1157,234 1193,234 1229,234 1264,234 1300,234 1336,236 1372,236"
                         HEIGHT="122"
                         WIDTH="750"
                         VPOS="165"
                         HPOS="639">
                  <String ID="string_region_1643820047382_4673l1"
                          HEIGHT="122"
                          WIDTH="750"
                          VPOS="165"
                          HPOS="639"
                          CONTENT="mons mons. Masson"/>
               </TextLine>
               <TextLine ID="region_1643820047382_4673l2"
                         BASELINE="2740,252 2766,252 2792,252 2818,252 2844,252 2870,252 2896,252 2922,252 2948,250 2974,250 3001,250 3027,250 3053,250 3079,250 3105,250 3131,250 3157,250 3183,250 3209,250 3235,250 3262,250"
                         HEIGHT="126"
                         WIDTH="554"
                         VPOS="174"
                         HPOS="2725">
                  <String ID="string_region_1643820047382_4673l2"
                          HEIGHT="126"
                          WIDTH="554"
                          VPOS="174"
                          HPOS="2725"
                          CONTENT="Adij 26 aug d112"/>
               </TextLine>
               <TextLine ID="region_1643820047382_4673l3"
                         BASELINE="860,318 980,320 1100,320 1220,322 1340,324 1460,324 1580,326 1700,326 1820,328 1940,330 2061,330 2181,332 2301,332 2421,334 2541,334 2661,334 2781,336 2901,338 3021,338 3141,340 3262,340"
                         HEIGHT="147"
                         WIDTH="2435"
                         VPOS="247"
                         HPOS="844">
                  <String ID="string_region_1643820047382_4673l3"
                          HEIGHT="147"
                          WIDTH="2435"
                          VPOS="247"
                          HPOS="844"
                          CONTENT="je vous envoye cj joint une petite facture d'une piece de perpetuan que jay eu LK"/>
               </TextLine>
               <TextLine ID="region_1643820047382_4673l4"
                         BASELINE="864,392 983,397 1102,402 1222,407 1341,410 1461,414 1580,418 1699,421 1819,424 1938,426 2058,428 2177,428 2296,428 2416,430 2535,430 2655,428 2774,428 2893,426 3013,424 3132,422 3252,420"
                         HEIGHT="142"
                         WIDTH="2418"
                         VPOS="348"
                         HPOS="849">
                  <String ID="string_region_1643820047382_4673l4"
                          HEIGHT="142"
                          WIDTH="2418"
                          VPOS="348"
                          HPOS="849"
                          CONTENT="heir de vendre a madi vre maire a son derniere voyagey depuis, jay appris avec"/>
               </TextLine>
               <TextLine ID="region_1643820047382_4673l5"
                         BASELINE="860,474 980,479 1100,484 1221,489 1341,494 1462,498 1582,502 1702,504 1823,508 1943,510 2064,514 2184,514 2304,516 2425,516 2545,516 2666,514 2786,514 2906,510 3027,508 3147,504 3268,498"
                         HEIGHT="150"
                         WIDTH="2441"
                         VPOS="417"
                         HPOS="844">
                  <String ID="string_region_1643820047382_4673l5"
                          HEIGHT="150"
                          WIDTH="2441"
                          VPOS="417"
                          HPOS="844"
                          CONTENT="bien regrait, que les bon dieu l'est venu prendre hors de ce monde pour posseder"/>
               </TextLine>
               <TextLine ID="region_1643820047382_4673l6"
                         BASELINE="864,560 984,564 1104,570 1225,574 1345,579 1466,584 1586,588 1706,592 1827,596 1947,598 2068,600 2188,602 2308,604 2429,604 2549,604 2670,603 2790,602 2910,599 3031,596 3151,591 3272,586"
                         HEIGHT="98"
                         WIDTH="2441"
                         VPOS="517"
                         HPOS="848">
                  <String ID="string_region_1643820047382_4673l6"
                          HEIGHT="98"
                          WIDTH="2441"
                          VPOS="517"
                          HPOS="848"
                          CONTENT="une autre bien plus heuraisep ainsij je vous fait p celle mes compliment des con"/>
               </TextLine>
               <TextLine ID="region_1643820047382_4673l7"
                         BASELINE="848,640 968,644 1088,648 1209,653 1329,658 1450,662 1570,665 1690,670 1811,673 1931,676 2052,680 2172,682 2292,684 2413,684 2533,684 2654,684 2774,681 2894,678 3015,674 3135,668 3256,660"
                         HEIGHT="140"
                         WIDTH="2441"
                         VPOS="600"
                         HPOS="832">
                  <String ID="string_region_1643820047382_4673l7"
                          HEIGHT="140"
                          WIDTH="2441"
                          VPOS="600"
                          HPOS="832"
                          CONTENT="sodoleance, &amp; je ne man quray pas de prier deu pour son ame jespere que vre grace"/>
               </TextLine>
               <TextLine ID="region_1643820047382_4673l8"
                         BASELINE="820,730 942,731 1064,732 1186,736 1308,738 1431,741 1553,744 1675,748 1797,752 1919,756 2042,758 2164,762 2286,765 2408,768 2530,770 2653,770 2775,772 2897,772 3019,770 3141,768 3264,766"
                         HEIGHT="131"
                         WIDTH="2476"
                         VPOS="696"
                         HPOS="804">
                  <String ID="string_region_1643820047382_4673l8"
                          HEIGHT="131"
                          WIDTH="2476"
                          VPOS="696"
                          HPOS="804"
                          CONTENT="continuera dans la negoce, &amp; ou je suis capabele a vous rendre service commen"/>
               </TextLine>
               <TextLine ID="region_1643820047382_4673l9"
                         BASELINE="856,810 925,810 994,812 1063,814 1132,816 1201,820 1270,823 1339,826 1408,831 1477,835 1546,839 1615,843 1684,846 1753,850 1822,854 1891,856 1960,858 2029,858 2098,860 2167,858 2236,858"
                         HEIGHT="126"
                         WIDTH="1413"
                         VPOS="745"
                         HPOS="839">
                  <String ID="string_region_1643820047382_4673l9"
                          HEIGHT="126"
                          WIDTH="1413"
                          VPOS="745"
                          HPOS="839"
                          CONTENT="dep librement celuy qui a l'honneur d'estree"/>
               </TextLine>
               <TextLine ID="region_1643820047382_4673l10"
                         BASELINE="676,924 722,920 769,918 816,916 863,914 910,914 956,912 1003,912 1050,912 1097,912 1144,912 1190,912 1237,912 1284,912 1331,914 1378,914 1424,916 1471,916 1518,918 1565,918 1612,920"
                         HEIGHT="166"
                         WIDTH="966"
                         VPOS="809"
                         HPOS="662">
                  <String ID="string_region_1643820047382_4673l10"
                          HEIGHT="166"
                          WIDTH="966"
                          VPOS="809"
                          HPOS="662"
                          CONTENT="brugge gillis van Coppenolle"/>
               </TextLine>
               <TextLine ID="region_1643820047382_4673l11"
                         BASELINE="2646,956 2673,956 2700,954 2727,956 2754,956 2781,956 2808,956 2835,956 2862,958 2889,958 2916,958 2943,958 2970,960 2997,960 3024,960 3051,960 3078,958 3105,958 3132,958 3159,956 3186,954"
                         HEIGHT="155"
                         WIDTH="571"
                         VPOS="844"
                         HPOS="2630">
                  <String ID="string_region_1643820047382_4673l11"
                          HEIGHT="155"
                          WIDTH="571"
                          VPOS="844"
                          HPOS="2630"
                          CONTENT="Adij 26 aug 1172"/>
               </TextLine>
               <TextLine ID="region_1643820047382_4673l12"
                         BASELINE="844,996 961,998 1079,999 1197,1000 1315,1002 1433,1002 1551,1004 1669,1004 1787,1004 1905,1006 2023,1006 2140,1006 2258,1008 2376,1010 2494,1011 2612,1014 2730,1016 2848,1020 2966,1023 3084,1028 3202,1034"
                         HEIGHT="130"
                         WIDTH="2390"
                         VPOS="912"
                         HPOS="828">
                  <String ID="string_region_1643820047382_4673l12"
                          HEIGHT="130"
                          WIDTH="2390"
                          VPOS="912"
                          HPOS="828"
                          CONTENT="den ue van 18 courant op sijn tijdt wel ontfangen &amp; den in hout wel verstaen"/>
               </TextLine>
               <TextLine ID="region_1643820047382_4673l13"
                         BASELINE="852,1076 969,1078 1087,1082 1204,1084 1322,1086 1439,1086 1557,1088 1674,1089 1792,1090 1909,1090 2027,1092 2144,1092 2262,1092 2379,1092 2497,1094 2614,1094 2732,1096 2849,1097 2967,1098 3084,1101 3202,1104"
                         HEIGHT="88"
                         WIDTH="2381"
                         VPOS="1018"
                         HPOS="837">
                  <String ID="string_region_1643820047382_4673l13"
                          HEIGHT="88"
                          WIDTH="2381"
                          VPOS="1018"
                          HPOS="837"
                          CONTENT="oft de mess. van alle segge dat de goedren die in het baeltie &amp;s 3 waren"/>
               </TextLine>
               <TextLine ID="region_1643820047382_4673l14"
                         BASELINE="852,1154 970,1156 1089,1158 1207,1160 1326,1162 1445,1166 1563,1168 1682,1170 1800,1172 1919,1174 2038,1178 2156,1180 2275,1180 2393,1182 2512,1184 2631,1184 2749,1186 2868,1186 2986,1186 3105,1184 3224,1184"
                         HEIGHT="130"
                         WIDTH="2403"
                         VPOS="1102"
                         HPOS="836">
                  <String ID="string_region_1643820047382_4673l14"
                          HEIGHT="130"
                          WIDTH="2403"
                          VPOS="1102"
                          HPOS="836"
                          CONTENT="drogetten sijn, daer is het niet mede genogh, wel dat men eenige norte ofte dosijn"/>
               </TextLine>
               <TextLine ID="region_1643820047382_4673l15"
                         BASELINE="1210,1216 1252,1216 1295,1216 1337,1216 1380,1217 1423,1218 1465,1218 1508,1219 1550,1220 1593,1220 1636,1222 1678,1222 1721,1222 1763,1224 1806,1224 1849,1226 1891,1226 1934,1226 1976,1226 2019,1228 2062,1228"
                         HEIGHT="81"
                         WIDTH="885"
                         VPOS="1164"
                         HPOS="1193">
                  <String ID="string_region_1643820047382_4673l15"
                          HEIGHT="81"
                          WIDTH="885"
                          VPOS="1164"
                          HPOS="1193"
                          CONTENT="decqud le tijdtp en dat t den dats"/>
               </TextLine>
               <TextLine ID="region_1643820047382_4673l16"
                         BASELINE="840,1230 954,1234 1069,1238 1183,1242 1298,1246 1413,1250 1527,1254 1642,1258 1756,1262 1871,1264 1986,1268 2100,1270 2215,1272 2329,1274 2444,1275 2559,1276 2673,1276 2788,1276 2902,1276 3017,1276 3132,1274"
                         HEIGHT="133"
                         WIDTH="2325"
                         VPOS="1183"
                         HPOS="824">
                  <String ID="string_region_1643820047382_4673l16"
                          HEIGHT="133"
                          WIDTH="2325"
                          VPOS="1183"
                          HPOS="824"
                          CONTENT="lakens doop woorden soude dot soo volgen voor sipersijne spaense la kens"/>
               </TextLine>
               <TextLine ID="region_1643820047382_4673l17"
                         BASELINE="828,1318 946,1320 1064,1322 1182,1324 1300,1328 1418,1330 1536,1334 1654,1338 1772,1342 1890,1346 2008,1350 2126,1352 2244,1356 2362,1358 2480,1360 2598,1362 2716,1364 2834,1364 2952,1364 3070,1364 3188,1362"
                         HEIGHT="125"
                         WIDTH="2394"
                         VPOS="1282"
                         HPOS="811">
                  <String ID="string_region_1643820047382_4673l17"
                          HEIGHT="125"
                          WIDTH="2394"
                          VPOS="1282"
                          HPOS="811"
                          CONTENT="moesten aengegeven worden, soude ue dat soo volgen het is waer dat ue op"/>
               </TextLine>
               <TextLine ID="region_1643820047382_4673l18"
                         BASELINE="844,1398 963,1402 1082,1405 1201,1410 1320,1414 1439,1418 1558,1424 1677,1428 1796,1432 1915,1436 2035,1440 2154,1444 2273,1446 2392,1448 2511,1451 2630,1452 2749,1452 2868,1452 2987,1452 3106,1450 3226,1448"
                         HEIGHT="161"
                         WIDTH="2416"
                         VPOS="1331"
                         HPOS="827">
                  <String ID="string_region_1643820047382_4673l18"
                          HEIGHT="161"
                          WIDTH="2416"
                          VPOS="1331"
                          HPOS="827"
                          CONTENT="mijn gesondene notitie geschreven heeft dat ue saeede sien hoe daer mede"/>
               </TextLine>
               <TextLine ID="region_1643820047382_4673l19"
                         BASELINE="844,1486 963,1490 1083,1495 1203,1500 1323,1505 1443,1510 1562,1514 1682,1518 1802,1521 1922,1525 2042,1528 2161,1530 2281,1533 2401,1536 2521,1536 2641,1538 2760,1538 2880,1538 3000,1538 3120,1538 3240,1536"
                         HEIGHT="137"
                         WIDTH="2429"
                         VPOS="1449"
                         HPOS="829">
                  <String ID="string_region_1643820047382_4673l19"
                          HEIGHT="137"
                          WIDTH="2429"
                          VPOS="1449"
                          HPOS="829"
                          CONTENT="varen soude dagh ue heeft niet genoteert dat sij die goederen voor drogetten"/>
               </TextLine>
               <TextLine ID="region_1643820047382_4673l20"
                         BASELINE="828,1568 943,1574 1058,1578 1173,1584 1288,1588 1403,1593 1518,1596 1633,1602 1748,1605 1863,1608 1978,1612 2093,1615 2208,1618 2323,1620 2438,1622 2553,1624 2668,1626 2783,1627 2898,1628 3013,1628 3128,1628"
                         HEIGHT="178"
                         WIDTH="2336"
                         VPOS="1505"
                         HPOS="810">
                  <String ID="string_region_1643820047382_4673l20"
                          HEIGHT="178"
                          WIDTH="2336"
                          VPOS="1505"
                          HPOS="810"
                          CONTENT="considereerden heeft ue die goederen gesien, &amp; hebdj eenige kennisse soo"/>
               </TextLine>
               <TextLine ID="region_1643820047382_4673l21"
                         BASELINE="846,1656 962,1660 1079,1664 1196,1668 1313,1674 1430,1678 1547,1683 1664,1688 1781,1692 1898,1697 2015,1700 2131,1704 2248,1707 2365,1709 2482,1711 2599,1712 2716,1712 2833,1710 2950,1710 3067,1706 3184,1702"
                         HEIGHT="153"
                         WIDTH="2373"
                         VPOS="1611"
                         HPOS="828">
                  <String ID="string_region_1643820047382_4673l21"
                          HEIGHT="153"
                          WIDTH="2373"
                          VPOS="1611"
                          HPOS="828"
                          CONTENT="vweet ul wel dat het geene drogetten sijn, maer wel gelijck genoteert hebbe"/>
               </TextLine>
               <TextLine ID="region_1643820047382_4673l22"
                         BASELINE="830,1744 946,1748 1062,1752 1178,1757 1294,1762 1410,1766 1526,1771 1642,1776 1758,1781 1874,1786 1991,1790 2107,1794 2223,1796 2339,1800 2455,1802 2571,1802 2687,1802 2803,1802 2919,1800 3035,1796 3152,1792"
                         HEIGHT="158"
                         WIDTH="2357"
                         VPOS="1691"
                         HPOS="814">
                  <String ID="string_region_1643820047382_4673l22"
                          HEIGHT="158"
                          WIDTH="2357"
                          VPOS="1691"
                          HPOS="814"
                          CONTENT="de 5 eerste stucken sijn drogetten, &amp; die worde bij de weerde aengegeven dan die "/>
               </TextLine>
               <TextLine ID="region_1643820047382_4673l23"
                         BASELINE="852,1834 971,1838 1090,1843 1210,1848 1329,1854 1449,1860 1568,1865 1687,1870 1807,1876 1926,1880 2046,1885 2165,1888 2284,1892 2404,1894 2523,1894 2643,1894 2762,1892 2881,1890 3001,1885 3120,1879 3240,1872"
                         HEIGHT="142"
                         WIDTH="2421"
                         VPOS="1789"
                         HPOS="836">
                  <String ID="string_region_1643820047382_4673l23"
                          HEIGHT="142"
                          WIDTH="2421"
                          VPOS="1789"
                          HPOS="836"
                          CONTENT="geene gelijckenisse van drogett, &amp; alle die goederen worden volgens den tares"/>
               </TextLine>
               <TextLine ID="region_1643820047382_4673l24"
                         BASELINE="848,1924 964,1931 1080,1937 1197,1944 1313,1950 1430,1956 1546,1960 1662,1966 1779,1970 1895,1974 2012,1978 2128,1981 2244,1984 2361,1986 2477,1986 2594,1986 2710,1986 2826,1984 2943,1981 3059,1978 3176,1972"
                         HEIGHT="158"
                         WIDTH="2361"
                         VPOS="1878"
                         HPOS="832">
                  <String ID="string_region_1643820047382_4673l24"
                          HEIGHT="158"
                          WIDTH="2361"
                          VPOS="1878"
                          HPOS="832"
                          CONTENT="ap de weirde aengegeven, &amp; hebbe die noch hooger in weirde gestelt als"/>
               </TextLine>
               <TextLine ID="region_1643820047382_4673l25"
                         BASELINE="836,2016 955,2022 1074,2029 1194,2036 1313,2042 1433,2049 1552,2054 1671,2060 1791,2065 1910,2069 2030,2073 2149,2076 2268,2078 2388,2080 2507,2080 2627,2080 2746,2078 2865,2076 2985,2074 3104,2069 3224,2062"
                         HEIGHT="141"
                         WIDTH="2421"
                         VPOS="1947"
                         HPOS="819">
                  <String ID="string_region_1643820047382_4673l25"
                          HEIGHT="141"
                          WIDTH="2421"
                          VPOS="1947"
                          HPOS="819"
                          CONTENT="de selve inder daet bedragen derhalven moet ue daer satisfactie van geven"/>
               </TextLine>
               <TextLine ID="region_1643820047382_4673l26"
                         BASELINE="828,2106 949,2110 1070,2114 1191,2119 1312,2125 1434,2130 1555,2135 1676,2140 1797,2146 1918,2150 2040,2154 2161,2158 2282,2160 2403,2163 2524,2164 2646,2166 2767,2164 2888,2164 3009,2160 3130,2156 3252,2150"
                         HEIGHT="193"
                         WIDTH="2458"
                         VPOS="2029"
                         HPOS="811">
                  <String ID="string_region_1643820047382_4673l26"
                          HEIGHT="193"
                          WIDTH="2458"
                          VPOS="2029"
                          HPOS="811"
                          CONTENT="de comisen hebben geen povoir van de goederen meer te belasten als wel syne"/>
               </TextLine>
               <TextLine ID="region_1643820047382_4673l27"
                         BASELINE="824,2208 943,2210 1062,2212 1181,2214 1300,2218 1420,2221 1539,2226 1658,2229 1777,2234 1896,2239 2016,2243 2135,2247 2254,2250 2373,2253 2492,2254 2612,2256 2731,2256 2850,2254 2969,2252 3088,2248 3208,2242"
                         HEIGHT="125"
                         WIDTH="2415"
                         VPOS="2156"
                         HPOS="808">
                  <String ID="string_region_1643820047382_4673l27"
                          HEIGHT="125"
                          WIDTH="2415"
                          VPOS="2156"
                          HPOS="808"
                          CONTENT="koninelycke magestijdt die heeft gelieve te taeseeren soo ben niet gesint"/>
               </TextLine>
               <TextLine ID="region_1643820047382_4673l28"
                         BASELINE="840,2296 955,2298 1070,2302 1185,2306 1300,2310 1416,2315 1531,2320 1646,2324 1761,2330 1876,2334 1992,2338 2107,2342 2222,2346 2337,2349 2452,2352 2568,2354 2683,2354 2798,2354 2913,2352 3028,2350 3144,2346"
                         HEIGHT="160"
                         WIDTH="2339"
                         VPOS="2250"
                         HPOS="823">
                  <String ID="string_region_1643820047382_4673l28"
                          HEIGHT="160"
                          WIDTH="2339"
                          VPOS="2250"
                          HPOS="823"
                          CONTENT="meer voor lasten te betalen als wel belijck is tot u governo hebbe ue"/>
               </TextLine>
               <TextLine ID="region_1643820047382_4673l29"
                         BASELINE="842,2390 949,2394 1056,2398 1163,2403 1270,2410 1377,2416 1484,2421 1591,2428 1698,2434 1805,2440 1912,2445 2019,2450 2126,2455 2233,2458 2340,2462 2447,2462 2554,2464 2661,2462 2768,2460 2875,2455 2982,2450"
                         HEIGHT="177"
                         WIDTH="2175"
                         VPOS="2352"
                         HPOS="825">
                  <String ID="string_region_1643820047382_4673l29"
                          HEIGHT="177"
                          WIDTH="2175"
                          VPOS="2352"
                          HPOS="825"
                          CONTENT="voor ƒ950 promptvereert ue van herte groetende blijve"/>
               </TextLine>
               <TextLine ID="region_1643820047382_4673l30"
                         BASELINE="634,2552 687,2546 740,2539 793,2535 846,2531 899,2528 952,2527 1005,2526 1058,2526 1111,2526 1164,2526 1217,2526 1270,2528 1323,2528 1376,2530 1429,2530 1482,2532 1535,2532 1588,2532 1641,2532 1694,2532"
                         HEIGHT="153"
                         WIDTH="1093"
                         VPOS="2445"
                         HPOS="617">
                  <String ID="string_region_1643820047382_4673l30"
                          HEIGHT="153"
                          WIDTH="1093"
                          VPOS="2445"
                          HPOS="617"
                          CONTENT="Cortrijck de vred: pieter goet gebaer"/>
               </TextLine>
               <TextLine ID="region_1643820047382_4673l31"
                         BASELINE="2640,2604 2666,2604 2692,2603 2718,2602 2744,2602 2770,2600 2796,2600 2822,2598 2848,2596 2874,2595 2900,2593 2926,2592 2952,2590 2978,2590 3004,2589 3030,2588 3056,2588 3082,2588 3108,2590 3134,2590 3160,2592"
                         HEIGHT="134"
                         WIDTH="554"
                         VPOS="2501"
                         HPOS="2622">
                  <String ID="string_region_1643820047382_4673l31"
                          HEIGHT="134"
                          WIDTH="554"
                          VPOS="2501"
                          HPOS="2622"
                          CONTENT="Adij 30 aug 1712"/>
               </TextLine>
               <TextLine ID="region_1643820047382_4673l32"
                         BASELINE="834,2620 955,2620 1077,2622 1198,2624 1320,2626 1442,2628 1563,2631 1685,2634 1806,2637 1928,2640 2050,2644 2171,2646 2293,2650 2414,2652 2536,2655 2658,2658 2779,2660 2901,2662 3022,2664 3144,2666 3266,2666"
                         HEIGHT="158"
                         WIDTH="2466"
                         VPOS="2525"
                         HPOS="817">
                  <String ID="string_region_1643820047382_4673l32"
                          HEIGHT="158"
                          WIDTH="2466"
                          VPOS="2525"
                          HPOS="817"
                          CONTENT="op 29 pasto was aen ue mijnen leste, dienende tot antwoort op ue seer aengename"/>
               </TextLine>
               <TextLine ID="region_1643820047382_4673l33"
                         BASELINE="844,2694 962,2698 1080,2702 1198,2706 1316,2710 1434,2714 1552,2718 1670,2720 1788,2724 1906,2726 2024,2728 2142,2731 2260,2733 2378,2734 2496,2736 2614,2738 2732,2738 2850,2740 2968,2740 3086,2740 3204,2740"
                         HEIGHT="136"
                         WIDTH="2395"
                         VPOS="2653"
                         HPOS="827">
                  <String ID="string_region_1643820047382_4673l33"
                          HEIGHT="136"
                          WIDTH="2395"
                          VPOS="2653"
                          HPOS="827"
                          CONTENT="van 23 ditto, sedert hebbe niets van ue vernomen, &amp; hadde midde ltertijdt het stuck"/>
               </TextLine>
               <TextLine ID="region_1643820047382_4673l34"
                         BASELINE="844,2784 964,2786 1084,2788 1205,2790 1325,2794 1446,2796 1566,2800 1686,2802 1807,2806 1927,2809 2048,2812 2168,2815 2288,2818 2409,2820 2529,2820 2650,2822 2770,2822 2890,2822 3011,2820 3131,2818 3252,2816"
                         HEIGHT="132"
                         WIDTH="2442"
                         VPOS="2735"
                         HPOS="827">
                  <String ID="string_region_1643820047382_4673l34"
                          HEIGHT="132"
                          WIDTH="2442"
                          VPOS="2735"
                          HPOS="827"
                          CONTENT="ammelaken al verwacht vermits ue noteerde dat het op den blijck was soo verhope"/>
               </TextLine>
               <TextLine ID="region_1643820047382_4673l35"
                         BASELINE="862,2868 979,2868 1097,2870 1214,2871 1332,2874 1449,2877 1567,2880 1684,2885 1802,2889 1919,2892 2037,2896 2154,2900 2272,2902 2389,2904 2507,2906 2624,2906 2742,2904 2859,2902 2977,2898 3094,2892 3212,2886"
                         HEIGHT="116"
                         WIDTH="2385"
                         VPOS="2801"
                         HPOS="844">
                  <String ID="string_region_1643820047382_4673l35"
                          HEIGHT="116"
                          WIDTH="2385"
                          VPOS="2801"
                          HPOS="844"
                          CONTENT="ue het selve int kort senden sal, soock dat wij sullen met presentatie vercent sijn"/>
               </TextLine>
               <TextLine ID="region_1643820047382_4673l36"
                         BASELINE="838,2948 955,2950 1073,2952 1191,2955 1308,2958 1426,2962 1544,2966 1661,2971 1779,2974 1897,2979 2015,2984 2132,2986 2250,2990 2368,2993 2485,2994 2603,2996 2721,2996 2838,2996 2956,2994 3074,2990 3192,2986"
                         HEIGHT="132"
                         WIDTH="2388"
                         VPOS="2910"
                         HPOS="821">
                  <String ID="string_region_1643820047382_4673l36"
                          HEIGHT="132"
                          WIDTH="2388"
                          VPOS="2910"
                          HPOS="821"
                          CONTENT="om dat ul geadviseert heeft ten lanste in beginsel van sber over te comen de "/>
               </TextLine>
               <TextLine ID="region_1643820047382_4673l37"
                         BASELINE="840,3032 961,3032 1082,3034 1203,3037 1324,3040 1446,3044 1567,3048 1688,3053 1809,3058 1930,3062 2052,3066 2173,3070 2294,3074 2415,3076 2536,3078 2658,3080 2779,3080 2900,3080 3021,3078 3142,3075 3264,3070"
                         HEIGHT="107"
                         WIDTH="2457"
                         VPOS="2989"
                         HPOS="823">
                  <String ID="string_region_1643820047382_4673l37"
                          HEIGHT="107"
                          WIDTH="2457"
                          VPOS="2989"
                          HPOS="823"
                          CONTENT="swolle manifacture sijn nu generaleter opgestagen, &amp;ick kan desarges voor den"/>
               </TextLine>
               <TextLine ID="region_1643820047382_4673l38"
                         BASELINE="846,3128 966,3127 1086,3128 1206,3130 1327,3132 1447,3134 1567,3138 1688,3141 1808,3145 1928,3148 2049,3152 2169,3154 2289,3156 2409,3158 2530,3160 2650,3160 2770,3160 2891,3160 3011,3157 3131,3153 3252,3148"
                         HEIGHT="101"
                         WIDTH="2438"
                         VPOS="3080"
                         HPOS="830">
                  <String ID="string_region_1643820047382_4673l38"
                          HEIGHT="101"
                          WIDTH="2438"
                          VPOS="3080"
                          HPOS="830"
                          CONTENT="voorgaende prijs niet meer becomen nu godt lost hebbe een seer schone partije"/>
               </TextLine>
               <TextLine ID="region_1643820047382_4673l39"
                         BASELINE="848,3208 968,3210 1088,3212 1208,3214 1328,3218 1449,3221 1569,3224 1689,3228 1809,3231 1929,3234 2050,3238 2170,3240 2290,3242 2410,3244 2530,3244 2651,3244 2771,3244 2891,3242 3011,3239 3131,3234 3252,3228"
                         HEIGHT="147"
                         WIDTH="2435"
                         VPOS="3152"
                         HPOS="832">
                  <String ID="string_region_1643820047382_4673l39"
                          HEIGHT="147"
                          WIDTH="2435"
                          VPOS="3152"
                          HPOS="832"
                          CONTENT="bij tot up dinste met dat soo grooten in koop gedaen hebbe ben wat benoodt"/>
               </TextLine>
               <TextLine ID="region_1643820047382_4673l40"
                         BASELINE="868,3288 986,3292 1104,3294 1223,3298 1341,3302 1460,3306 1578,3310 1696,3313 1815,3317 1933,3320 2052,3324 2170,3326 2288,3328 2407,3330 2525,3330 2644,3330 2762,3328 2880,3326 2999,3324 3117,3320 3236,3314"
                         HEIGHT="123"
                         WIDTH="2401"
                         VPOS="3254"
                         HPOS="851">
                  <String ID="string_region_1643820047382_4673l40"
                          HEIGHT="123"
                          WIDTH="2401"
                          VPOS="3254"
                          HPOS="851"
                          CONTENT="van geldt soo soude het mij seer lief sijn, soo ue mij eenige remises houde toe"/>
               </TextLine>
               <TextLine ID="region_1643820047382_4673l41"
                         BASELINE="860,3374 979,3378 1098,3382 1217,3386 1336,3391 1455,3394 1574,3398 1693,3401 1812,3404 1931,3406 2050,3408 2169,3410 2288,3412 2407,3412 2526,3414 2645,3414 2764,3414 2883,3412 3002,3410 3121,3408 3240,3406"
                         HEIGHT="86"
                         WIDTH="2412"
                         VPOS="3335"
                         HPOS="843">
                  <String ID="string_region_1643820047382_4673l41"
                          HEIGHT="86"
                          WIDTH="2412"
                          VPOS="3335"
                          HPOS="843"
                          CONTENT="sende, &amp; waer in capabel ben in eenigen dinst te doen versoecke van mij te "/>
               </TextLine>
               <TextLine ID="region_1643820047382_4673l42"
                         BASELINE="852,3480 934,3480 1017,3478 1100,3480 1182,3480 1265,3482 1348,3484 1430,3486 1513,3490 1596,3492 1679,3494 1761,3498 1844,3500 1927,3502 2009,3504 2092,3506 2175,3506 2257,3506 2340,3506 2423,3504 2506,3500"
                         HEIGHT="154"
                         WIDTH="1687"
                         VPOS="3416"
                         HPOS="837">
                  <String ID="string_region_1643820047382_4673l42"
                          HEIGHT="154"
                          WIDTH="1687"
                          VPOS="3416"
                          HPOS="837"
                          CONTENT="commanderen en blijve naer pordiale groetenisse"/>
               </TextLine>
               <TextLine ID="region_1643820047382_4673l43"
                         BASELINE="606,3628 652,3624 699,3620 746,3616 793,3612 840,3609 887,3606 934,3605 981,3602 1028,3600 1075,3598 1121,3598 1168,3596 1215,3596 1262,3596 1309,3596 1356,3596 1403,3596 1450,3598 1497,3598 1544,3600"
                         HEIGHT="168"
                         WIDTH="971"
                         VPOS="3497"
                         HPOS="588">
                  <String ID="string_region_1643820047382_4673l43"
                          HEIGHT="168"
                          WIDTH="971"
                          VPOS="3497"
                          HPOS="588"
                          CONTENT="Swerton Thorne &amp; blagdon"/>
               </TextLine>
               <TextLine ID="region_1643820047382_4673l44"
                         BASELINE="2590,3626 2620,3625 2650,3624 2680,3624 2710,3624 2741,3622 2771,3622 2801,3622 2831,3620 2861,3620 2892,3619 2922,3618 2952,3618 2982,3617 3012,3616 3043,3616 3073,3616 3103,3616 3133,3616 3163,3618 3194,3618"
                         HEIGHT="156"
                         WIDTH="638"
                         VPOS="3526"
                         HPOS="2574">
                  <String ID="string_region_1643820047382_4673l44"
                          HEIGHT="156"
                          WIDTH="638"
                          VPOS="3526"
                          HPOS="2574"
                          CONTENT="Adij 31aug 1112"/>
               </TextLine>
               <TextLine ID="region_1643820047382_4673l45"
                         BASELINE="868,3692 987,3690 1106,3690 1226,3690 1345,3690 1465,3692 1584,3694 1703,3695 1823,3696 1942,3698 2062,3700 2181,3703 2300,3706 2420,3708 2539,3710 2659,3712 2778,3714 2897,3714 3017,3716 3136,3716 3256,3716"
                         HEIGHT="130"
                         WIDTH="2418"
                         VPOS="3609"
                         HPOS="853">
                  <String ID="string_region_1643820047382_4673l45"
                          HEIGHT="130"
                          WIDTH="2418"
                          VPOS="3609"
                          HPOS="853"
                          CONTENT="op 17 deser waren aen ue mijne laeste, dienende tot antwordt op ue misswe"/>
               </TextLine>
               <TextLine ID="region_1643820047382_4673l46"
                         BASELINE="830,3772 949,3770 1069,3770 1189,3770 1309,3770 1429,3772 1548,3773 1668,3774 1788,3776 1908,3778 2028,3780 2147,3782 2267,3784 2387,3786 2507,3788 2627,3788 2746,3790 2866,3792 2986,3792 3106,3792 3226,3792"
                         HEIGHT="115"
                         WIDTH="2429"
                         VPOS="3719"
                         HPOS="815">
                  <String ID="string_region_1643820047382_4673l46"
                          HEIGHT="115"
                          WIDTH="2429"
                          VPOS="3719"
                          HPOS="815"
                          CONTENT="van 14 &amp; 31 passo sedert become den aengename van mons. blagdon van C"/>
               </TextLine>
               <TextLine ID="region_1643820047382_4673l47"
                         BASELINE="832,3850 953,3852 1074,3854 1195,3856 1316,3858 1437,3860 1558,3862 1679,3863 1800,3864 1921,3866 2042,3868 2163,3870 2284,3872 2405,3872 2526,3874 2647,3876 2768,3878 2889,3880 3010,3882 3131,3884 3252,3886"
                         HEIGHT="152"
                         WIDTH="2451"
                         VPOS="3784"
                         HPOS="817">
                  <String ID="string_region_1643820047382_4673l47"
                          HEIGHT="152"
                          WIDTH="2451"
                          VPOS="3784"
                          HPOS="817"
                          CONTENT="deser met facture, &amp; stalen van de bale met 60 ordinaire cassees beloopende "/>
               </TextLine>
               <TextLine ID="region_1643820047382_4673l48"
                         BASELINE="832,3940 953,3942 1074,3944 1195,3946 1316,3946 1438,3948 1559,3950 1680,3952 1801,3952 1922,3954 2044,3956 2165,3957 2286,3958 2407,3960 2528,3961 2650,3962 2771,3964 2892,3964 3013,3966 3134,3966 3256,3966"
                         HEIGHT="153"
                         WIDTH="2457"
                         VPOS="3860"
                         HPOS="815">
                  <String ID="string_region_1643820047382_4673l48"
                          HEIGHT="153"
                          WIDTH="2457"
                          VPOS="3860"
                          HPOS="815"
                          CONTENT="st£94:16:- voorders sien de freede bale te gemoet als oock de stale"/>
               </TextLine>
               <TextLine ID="region_1643820047382_4673l49"
                         BASELINE="846,4040 966,4038 1086,4036 1206,4036 1326,4036 1447,4036 1567,4038 1687,4038 1807,4040 1927,4041 2048,4042 2168,4044 2288,4046 2408,4046 2528,4048 2649,4048 2769,4048 2889,4048 3009,4048 3129,4046 3250,4044"
                         HEIGHT="80"
                         WIDTH="2437"
                         VPOS="3980"
                         HPOS="829">
                  <String ID="string_region_1643820047382_4673l49"
                          HEIGHT="80"
                          WIDTH="2437"
                          VPOS="3980"
                          HPOS="829"
                          CONTENT="van de geordonerde bale aen mons. Thorne, wij hebben heden hier door de"/>
               </TextLine>
               <TextLine ID="region_1643820047382_4673l50"
                         BASELINE="850,4124 971,4122 1092,4122 1213,4122 1334,4122 1455,4124 1576,4126 1697,4128 1818,4130 1939,4133 2060,4136 2181,4138 2302,4140 2423,4142 2544,4142 2665,4142 2786,4140 2907,4138 3028,4134 3149,4129 3270,4122"
                         HEIGHT="145"
                         WIDTH="2450"
                         VPOS="4056"
                         HPOS="836">
                  <String ID="string_region_1643820047382_4673l50"
                          HEIGHT="145"
                          WIDTH="2450"
                          VPOS="4056"
                          HPOS="836"
                          CONTENT="gesetten dat men in englant den stil stant van wapenen afgehondight heeft"/>
               </TextLine>
               <TextLine ID="region_1643820047382_4673l51"
                         BASELINE="858,4206 976,4206 1095,4206 1214,4208 1332,4210 1451,4212 1570,4216 1688,4218 1807,4222 1926,4225 2045,4228 2163,4230 2282,4232 2401,4234 2519,4234 2638,4234 2757,4232 2875,4230 2994,4226 3113,4221 3232,4214"
                         HEIGHT="96"
                         WIDTH="2407"
                         VPOS="4160"
                         HPOS="841">
                  <String ID="string_region_1643820047382_4673l51"
                          HEIGHT="96"
                          WIDTH="2407"
                          VPOS="4160"
                          HPOS="841"
                          CONTENT="met vraneserijck, soo te water als te lande, soo geloove dat de schepen"/>
               </TextLine>
               <TextLine ID="region_1643820047382_4673l52"
                         BASELINE="848,4294 968,4294 1088,4296 1209,4298 1329,4300 1450,4302 1570,4306 1690,4309 1811,4313 1931,4316 2052,4320 2172,4322 2292,4324 2413,4326 2533,4326 2654,4326 2774,4326 2894,4322 3015,4318 3135,4313 3256,4304"
                         HEIGHT="130"
                         WIDTH="2442"
                         VPOS="4245"
                         HPOS="831">
                  <String ID="string_region_1643820047382_4673l52"
                          HEIGHT="130"
                          WIDTH="2442"
                          VPOS="4245"
                          HPOS="831"
                          CONTENT="sonder convoij wel souden seylen, soo sijnde soeede van alles den risccs wel"/>
               </TextLine>
            </TextBlock>
            <TextBlock ID="region_1643820067574_4676"
                       HEIGHT="4272"
                       WIDTH="2677"
                       VPOS="139"
                       HPOS="3337">
               <Shape>
                  <Polygon POINTS="3337,139 6014,139 6014,4411 3337,4411"/>
               </Shape>
               <TextLine ID="region_1643820067574_4676l1"
                         BASELINE="3550,252 3672,246 3794,242 3916,240 4038,240 4161,240 4283,240 4405,242 4527,245 4649,248 4772,250 4894,254 5016,256 5138,258 5260,258 5383,259 5505,258 5627,256 5749,252 5871,246 5994,238"
                         HEIGHT="114"
                         WIDTH="2475"
                         VPOS="189"
                         HPOS="3535">
                  <String ID="string_region_1643820067574_4676l1"
                          HEIGHT="114"
                          WIDTH="2475"
                          VPOS="189"
                          HPOS="3535"
                          CONTENT="self loopen, &amp; dan soude soude ue de sarges caffas minder in prijs moeten "/>
               </TextLine>
               <TextLine ID="region_1643820067574_4676l2"
                         BASELINE="3558,332 3678,328 3798,325 3918,324 4039,322 4159,324 4279,324 4400,326 4520,328 4640,330 4761,332 4881,336 5001,338 5121,340 5242,342 5362,344 5482,344 5603,344 5723,344 5843,342 5964,338"
                         HEIGHT="129"
                         WIDTH="2438"
                         VPOS="269"
                         HPOS="3542">
                  <String ID="string_region_1643820067574_4676l2"
                          HEIGHT="129"
                          WIDTH="2438"
                          VPOS="269"
                          HPOS="3542"
                          CONTENT="stellen, wat daer van is gelieve te laten weten ingeslote remitteren st 140"/>
               </TextLine>
               <TextLine ID="region_1643820067574_4676l3"
                         BASELINE="3556,410 3671,408 3787,406 3903,406 4018,406 4134,406 4250,408 4365,408 4481,410 4597,413 4713,415 4828,418 4944,420 5060,422 5175,424 5291,428 5407,428 5522,430 5638,430 5754,432 5870,430"
                         HEIGHT="123"
                         WIDTH="2347"
                         VPOS="353"
                         HPOS="3540">
                  <String ID="string_region_1643820067574_4676l3"
                          HEIGHT="123"
                          WIDTH="2347"
                          VPOS="353"
                          HPOS="3540"
                          CONTENT="ten laste thomas meuxx in londen, in seconda brief, waer van den prima"/>
               </TextLine>
               <TextLine ID="region_1643820067574_4676l4"
                         BASELINE="3564,494 3684,494 3804,494 3924,496 4045,496 4165,497 4285,498 4406,500 4526,500 4646,502 4767,504 4887,504 5007,506 5127,506 5248,508 5368,508 5488,510 5609,510 5729,510 5849,510 5970,508"
                         HEIGHT="113"
                         WIDTH="2439"
                         VPOS="445"
                         HPOS="3547">
                  <String ID="string_region_1643820067574_4676l4"
                          HEIGHT="113"
                          WIDTH="2439"
                          VPOS="445"
                          HPOS="3547"
                          CONTENT="geaccepteert is in onden van mons: denis dutry sijnde geindorseert aen "/>
               </TextLine>
               <TextLine ID="region_1643820067574_4676l5"
                         BASELINE="3572,578 3693,578 3815,578 3936,578 4058,578 4180,580 4301,582 4423,584 4544,585 4666,587 4788,588 4909,590 5031,591 5152,592 5274,592 5396,592 5517,590 5639,588 5760,585 5882,580 6004,576"
                         HEIGHT="113"
                         WIDTH="2466"
                         VPOS="510"
                         HPOS="3555">
                  <String ID="string_region_1643820067574_4676l5"
                          HEIGHT="113"
                          WIDTH="2466"
                          VPOS="510"
                          HPOS="3555"
                          CONTENT="van mons. henrij blagdon raer uyt betale sal aen mons: george horne"/>
               </TextLine>
               <TextLine ID="region_1643820067574_4676l6"
                         BASELINE="5084,628 5127,630 5171,632 5215,632 5259,634 5303,634 5347,634 5391,634 5435,634 5479,634 5523,633 5566,632 5610,632 5654,630 5698,628 5742,627 5786,625 5830,623 5874,621 5918,618 5962,616"
                         HEIGHT="102"
                         WIDTH="910"
                         VPOS="560"
                         HPOS="5067">
                  <String ID="string_region_1643820067574_4676l6"
                          HEIGHT="102"
                          WIDTH="910"
                          VPOS="560"
                          HPOS="5067"
                          CONTENT="van de comp soogelijckx scke "/>
               </TextLine>
               <TextLine ID="region_1643820067574_4676l7"
                         BASELINE="3586,670 3706,668 3827,668 3948,668 4069,668 4190,670 4311,672 4432,674 4553,676 4674,678 4795,680 4915,682 5036,684 5157,684 5278,684 5399,684 5520,682 5641,680 5762,678 5883,672 6004,666"
                         HEIGHT="139"
                         WIDTH="2450"
                         VPOS="602"
                         HPOS="3570">
                  <String ID="string_region_1643820067574_4676l7"
                          HEIGHT="139"
                          WIDTH="2450"
                          VPOS="602"
                          HPOS="3570"
                          CONTENT="st £611:9:11 en sijnde het slot van de rekt courant soo geslote mij noch"/>
               </TextLine>
               <TextLine ID="region_1643820067574_4676l8"
                         BASELINE="3574,718 3600,717 3626,716 3652,714 3678,714 3704,713 3731,712 3757,710 3783,710 3809,711 3835,712 3862,714"
                         HEIGHT="80"
                         WIDTH="319"
                         VPOS="656"
                         HPOS="3559">
                  <String ID="string_region_1643820067574_4676l8"
                          HEIGHT="80"
                          WIDTH="319"
                          VPOS="656"
                          HPOS="3559"
                          CONTENT="dat bevende"/>
               </TextLine>
               <TextLine ID="region_1643820067574_4676l9"
                         BASELINE="3560,760 3680,758 3801,756 3921,756 4042,756 4163,756 4283,758 4404,760 4524,762 4645,764 4766,766 4886,768 5007,769 5127,770 5248,770 5369,770 5489,768 5610,764 5730,760 5851,754 5972,748"
                         HEIGHT="149"
                         WIDTH="2444"
                         VPOS="680"
                         HPOS="3543">
                  <String ID="string_region_1643820067574_4676l9"
                          HEIGHT="149"
                          WIDTH="2444"
                          VPOS="680"
                          HPOS="3543"
                          CONTENT="mael toe te senden de rest sal dienen op rek van mons: blaydon blijve "/>
               </TextLine>
               <TextLine ID="region_1643820067574_4676l10"
                         BASELINE="3550,816 3670,817 3791,820 3912,822 4032,826 4153,830 4274,834 4394,838 4515,842 4636,845 4757,848 4877,852 4998,854 5119,856 5239,857 5360,858 5481,856 5601,854 5722,852 5843,847 5964,842"
                         HEIGHT="150"
                         WIDTH="2445"
                         VPOS="763"
                         HPOS="3535">
                  <String ID="string_region_1643820067574_4676l10"
                          HEIGHT="150"
                          WIDTH="2445"
                          VPOS="763"
                          HPOS="3535"
                          CONTENT="naer groetenisse met versoeke van den ontfangh deser mij te adviseren"/>
               </TextLine>
               <TextLine ID="region_1643820067574_4676l11"
                         BASELINE="3348,946 3402,944 3457,941 3512,938 3567,936 3622,936 3676,934 3731,933 3786,932 3841,932 3896,932 3950,933 4005,934 4060,935 4115,936 4170,939 4224,941 4279,944 4334,948 4389,952 4444,956"
                         HEIGHT="203"
                         WIDTH="1128"
                         VPOS="810"
                         HPOS="3333">
                  <String ID="string_region_1643820067574_4676l11"
                          HEIGHT="203"
                          WIDTH="1128"
                          VPOS="810"
                          HPOS="3333"
                          CONTENT="Mechelen Pieter vander Beecke"/>
               </TextLine>
               <TextLine ID="region_1643820067574_4676l12"
                         BASELINE="5288,958 5321,958 5354,960 5387,960 5420,962 5453,962 5486,962 5519,962 5552,962 5585,962 5618,962 5651,962 5684,962 5717,962 5750,962 5783,964 5816,964 5849,964 5882,966 5915,968 5948,970"
                         HEIGHT="169"
                         WIDTH="691"
                         VPOS="857"
                         HPOS="5273">
                  <String ID="string_region_1643820067574_4676l12"
                          HEIGHT="169"
                          WIDTH="691"
                          VPOS="857"
                          HPOS="5273"
                          CONTENT="Adij 4 sber 1712"/>
               </TextLine>
               <TextLine ID="region_1643820067574_4676l13"
                         BASELINE="3544,1044 3666,1044 3789,1044 3912,1046 4035,1046 4158,1048 4280,1050 4403,1051 4526,1054 4649,1056 4772,1058 4894,1061 5017,1064 5140,1066 5263,1070 5386,1073 5508,1076 5631,1080 5754,1084 5877,1086 6000,1090"
                         HEIGHT="188"
                         WIDTH="2489"
                         VPOS="961"
                         HPOS="3528">
                  <String ID="string_region_1643820067574_4676l13"
                          HEIGHT="188"
                          WIDTH="2489"
                          VPOS="961"
                          HPOS="3528"
                          CONTENT="verhope ue goede thuys comptte, desen om nbij te laten weeten, als dat gepaslende "/>
               </TextLine>
               <TextLine ID="region_1643820067574_4676l14"
                         BASELINE="3480,1140 3605,1138 3730,1138 3855,1138 3980,1140 4105,1140 4230,1142 4355,1144 4480,1147 4605,1150 4730,1154 4855,1156 4980,1160 5105,1162 5230,1166 5355,1168 5480,1170 5605,1172 5730,1174 5855,1174 5980,1174"
                         HEIGHT="155"
                         WIDTH="2531"
                         VPOS="1068"
                         HPOS="3466">
                  <String ID="string_region_1643820067574_4676l14"
                          HEIGHT="155"
                          WIDTH="2531"
                          VPOS="1068"
                          HPOS="3466"
                          CONTENT="donderdagh geen beurtschop is in ladinge geweest soo hebbe genoodtsaeckt"/>
               </TextLine>
               <TextLine ID="region_1643820067574_4676l15"
                         BASELINE="3532,1232 3654,1232 3777,1232 3899,1232 4022,1232 4144,1234 4267,1236 4389,1238 4512,1240 4634,1244 4757,1246 4879,1250 5002,1252 5124,1255 5247,1258 5369,1260 5492,1262 5614,1264 5737,1266 5859,1266 5982,1268"
                         HEIGHT="135"
                         WIDTH="2483"
                         VPOS="1190"
                         HPOS="3517">
                  <String ID="string_region_1643820067574_4676l15"
                          HEIGHT="135"
                          WIDTH="2483"
                          VPOS="1190"
                          HPOS="3517"
                          CONTENT="geweest tot gisteren te waghten met het versonden van ue goederen sijnde"/>
               </TextLine>
               <TextLine ID="region_1643820067574_4676l16"
                         BASELINE="3488,1334 3607,1332 3726,1332 3845,1332 3964,1332 4084,1334 4203,1334 4322,1336 4441,1338 4560,1342 4680,1344 4799,1346 4918,1348 5037,1351 5156,1354 5276,1356 5395,1356 5514,1358 5633,1358 5752,1358 5872,1356"
                         HEIGHT="201"
                         WIDTH="2416"
                         VPOS="1225"
                         HPOS="3473">
                  <String ID="string_region_1643820067574_4676l16"
                          HEIGHT="201"
                          WIDTH="2416"
                          VPOS="1225"
                          HPOS="3473"
                          CONTENT="droogh &amp; wel geconditioneert schep gedaenn nae soodanigen ontfangh"/>
               </TextLine>
               <TextLine ID="region_1643820067574_4676l17"
                         BASELINE="3540,1432 3662,1428 3785,1428 3907,1426 4030,1426 4153,1428 4275,1430 4398,1434 4520,1436 4643,1440 4766,1444 4888,1448 5011,1450 5133,1454 5256,1456 5379,1458 5501,1460 5624,1460 5746,1459 5869,1456 5992,1452"
                         HEIGHT="159"
                         WIDTH="2486"
                         VPOS="1354"
                         HPOS="3524">
                  <String ID="string_region_1643820067574_4676l17"
                          HEIGHT="159"
                          WIDTH="2486"
                          VPOS="1354"
                          HPOS="3524"
                          CONTENT="gelieve de vraght naer reden te betalen voorders waerin ue eenigee"/>
               </TextLine>
               <TextLine ID="region_1643820067574_4676l18"
                         BASELINE="3544,1520 3661,1518 3779,1516 3897,1516 4015,1518 4133,1520 4251,1522 4369,1524 4487,1528 4605,1531 4723,1534 4840,1537 4958,1542 5076,1544 5194,1548 5312,1550 5430,1554 5548,1556 5666,1556 5784,1556 5902,1556"
                         HEIGHT="117"
                         WIDTH="2391"
                         VPOS="1468"
                         HPOS="3529">
                  <String ID="string_region_1643820067574_4676l18"
                          HEIGHT="117"
                          WIDTH="2391"
                          VPOS="1468"
                          HPOS="3529"
                          CONTENT="diust kan doen versoecke vrindelijck van mij te comanderen sal"/>
               </TextLine>
               <TextLine ID="region_1643820067574_4676l19"
                         BASELINE="3548,1612 3666,1612 3785,1613 3904,1614 4023,1615 4142,1616 4261,1618 4380,1620 4499,1622 4618,1624 4737,1626 4855,1628 4974,1631 5093,1634 5212,1636 5331,1638 5450,1642 5569,1644 5688,1646 5807,1650 5926,1652"
                         HEIGHT="162"
                         WIDTH="2409"
                         VPOS="1550"
                         HPOS="3533">
                  <String ID="string_region_1643820067574_4676l19"
                          HEIGHT="162"
                          WIDTH="2409"
                          VPOS="1550"
                          HPOS="3533"
                          CONTENT="altijdt mijn uyterste beste doen ue wel te bedienen &amp; dat woyt"/>
               </TextLine>
               <TextLine ID="region_1643820067574_4676l20"
                         BASELINE="3548,1708 3665,1706 3783,1702 3901,1702 4019,1700 4137,1702 4255,1702 4373,1704 4491,1708 4609,1710 4727,1714 4844,1717 4962,1722 5080,1724 5198,1728 5316,1732 5434,1736 5552,1738 5670,1742 5788,1742 5906,1744"
                         HEIGHT="125"
                         WIDTH="2390"
                         VPOS="1639"
                         HPOS="3532">
                  <String ID="string_region_1643820067574_4676l20"
                          HEIGHT="125"
                          WIDTH="2390"
                          VPOS="1639"
                          HPOS="3532"
                          CONTENT="reden welt hebben van clagen waer op wel mooght betrouven"/>
               </TextLine>
               <TextLine ID="region_1643820067574_4676l21"
                         BASELINE="3554,1796 3614,1794 3674,1794 3734,1794 3795,1794 3855,1794 3915,1794 3976,1794 4036,1794 4096,1794 4157,1794 4217,1794 4277,1794 4337,1794 4398,1794 4458,1794 4518,1794 4579,1794 4639,1792 4699,1792 4760,1792"
                         HEIGHT="90"
                         WIDTH="1238"
                         VPOS="1733"
                         HPOS="3538">
                  <String ID="string_region_1643820067574_4676l21"
                          HEIGHT="90"
                          WIDTH="1238"
                          VPOS="1733"
                          HPOS="3538"
                          CONTENT="ue va herten groetende blijve"/>
               </TextLine>
               <TextLine ID="region_1643820067574_4676l22"
                         BASELINE="3360,1866 3406,1864 3452,1860 3499,1858 3545,1857 3592,1856 3638,1856 3684,1856 3731,1856 3777,1856 3824,1858 3870,1860 3916,1861 3963,1863 4009,1867 4056,1870 4102,1874 4148,1877 4195,1882 4241,1889 4288,1894"
                         HEIGHT="129"
                         WIDTH="963"
                         VPOS="1789"
                         HPOS="3343">
                  <String ID="string_region_1643820067574_4676l22"
                          HEIGHT="129"
                          WIDTH="963"
                          VPOS="1789"
                          HPOS="3343"
                          CONTENT="mon Dichard Hookte B"/>
               </TextLine>
               <TextLine ID="region_1643820067574_4676l23"
                         BASELINE="5186,1884 5219,1882 5253,1882 5286,1880 5320,1879 5353,1878 5387,1878 5420,1876 5454,1876 5487,1876 5521,1876 5554,1876 5588,1878 5621,1878 5655,1879 5688,1880 5722,1883 5755,1886 5789,1888 5822,1891 5856,1894"
                         HEIGHT="157"
                         WIDTH="703"
                         VPOS="1791"
                         HPOS="5170">
                  <String ID="string_region_1643820067574_4676l23"
                          HEIGHT="157"
                          WIDTH="703"
                          VPOS="1791"
                          HPOS="5170"
                          CONTENT="Adij 10 sber 1712"/>
               </TextLine>
               <TextLine ID="region_1643820067574_4676l24"
                         BASELINE="3560,1932 3682,1934 3804,1936 3926,1939 4048,1942 4170,1945 4292,1948 4414,1952 4536,1955 4658,1958 4780,1962 4902,1964 5024,1966 5146,1968 5268,1970 5390,1970 5512,1972 5634,1970 5756,1970 5878,1968 6000,1964"
                         HEIGHT="109"
                         WIDTH="2473"
                         VPOS="1895"
                         HPOS="3543">
                  <String ID="string_region_1643820067574_4676l24"
                          HEIGHT="109"
                          WIDTH="2473"
                          VPOS="1895"
                          HPOS="3543"
                          CONTENT="op 8 pasto was aen ul mijnen laesten, waer aen mij gedrage, sedert van ul geene. hadde"/>
               </TextLine>
               <TextLine ID="region_1643820067574_4676l25"
                         BASELINE="3564,2004 3682,2008 3800,2014 3918,2018 4036,2022 4154,2026 4272,2030 4390,2034 4508,2038 4626,2041 4744,2044 4862,2046 4980,2048 5098,2048 5216,2050 5334,2050 5452,2050 5570,2048 5688,2047 5806,2044 5924,2042"
                         HEIGHT="100"
                         WIDTH="2393"
                         VPOS="1969"
                         HPOS="3547">
                  <String ID="string_region_1643820067574_4676l25"
                          HEIGHT="100"
                          WIDTH="2393"
                          VPOS="1969"
                          HPOS="3547"
                          CONTENT="nochtans alde facturen en stalen verwacht van de 40 geordoneerde schades sarges,"/>
               </TextLine>
               <TextLine ID="region_1643820067574_4676l26"
                         BASELINE="3556,2080 3678,2084 3801,2088 3924,2092 4047,2096 4170,2100 4292,2104 4415,2108 4538,2112 4661,2116 4784,2120 4906,2122 5029,2125 5152,2127 5275,2128 5398,2128 5520,2128 5643,2126 5766,2124 5889,2120 6012,2114"
                         HEIGHT="149"
                         WIDTH="2492"
                         VPOS="2025"
                         HPOS="3538">
                  <String ID="string_region_1643820067574_4676l26"
                          HEIGHT="149"
                          WIDTH="2492"
                          VPOS="2025"
                          HPOS="3538"
                          CONTENT="&amp; vermits ue die tot noch toe niet gesonden heeft. versoecke op het spoedighste mij de selve"/>
               </TextLine>
               <TextLine ID="region_1643820067574_4676l27"
                         BASELINE="3540,2156 3658,2154 3776,2156 3894,2158 4012,2161 4130,2165 4248,2170 4366,2174 4484,2179 4602,2183 4720,2188 4838,2192 4956,2196 5074,2198 5192,2200 5310,2200 5428,2200 5546,2198 5664,2194 5782,2187 5900,2178"
                         HEIGHT="112"
                         WIDTH="2395"
                         VPOS="2123"
                         HPOS="3523">
                  <String ID="string_region_1643820067574_4676l27"
                          HEIGHT="112"
                          WIDTH="2395"
                          VPOS="2123"
                          HPOS="3523"
                          CONTENT="te laten toecomen, om volgens te reguleren: men adviseert mij datter een convoij tat"/>
               </TextLine>
               <TextLine ID="region_1643820067574_4676l28"
                         BASELINE="3544,2222 3665,2225 3786,2228 3907,2232 4028,2236 4149,2240 4270,2244 4391,2248 4512,2252 4633,2256 4755,2258 4876,2262 4997,2264 5118,2264 5239,2266 5360,2266 5481,2266 5602,2264 5723,2262 5844,2258 5966,2252"
                         HEIGHT="104"
                         WIDTH="2455"
                         VPOS="2162"
                         HPOS="3528">
                  <String ID="string_region_1643820067574_4676l28"
                          HEIGHT="104"
                          WIDTH="2455"
                          VPOS="2162"
                          HPOS="3528"
                          CONTENT="porst month is, dat benevens toree schepen van ostende de topsham vaders, soude comen"/>
               </TextLine>
               <TextLine ID="region_1643820067574_4676l29"
                         BASELINE="3540,2294 3659,2296 3778,2298 3897,2302 4016,2305 4135,2310 4254,2314 4373,2319 4492,2323 4611,2328 4730,2332 4849,2335 4968,2338 5087,2340 5206,2340 5325,2340 5444,2338 5563,2336 5682,2330 5801,2324 5920,2316"
                         HEIGHT="104"
                         WIDTH="2413"
                         VPOS="2262"
                         HPOS="3524">
                  <String ID="string_region_1643820067574_4676l29"
                          HEIGHT="104"
                          WIDTH="2413"
                          VPOS="2262"
                          HPOS="3524"
                          CONTENT="ashalen om naer aftende &amp; ratterdam te condusseren godt wilt hien een behoude"/>
               </TextLine>
               <TextLine ID="region_1643820067574_4676l30"
                         BASELINE="3516,2362 3640,2364 3764,2366 3888,2368 4012,2372 4136,2377 4260,2382 4384,2388 4508,2393 4632,2398 4756,2404 4880,2408 5004,2412 5128,2414 5252,2416 5376,2416 5500,2416 5624,2412 5748,2407 5872,2400 5996,2392"
                         HEIGHT="153"
                         WIDTH="2514"
                         VPOS="2326"
                         HPOS="3500">
                  <String ID="string_region_1643820067574_4676l30"
                          HEIGHT="153"
                          WIDTH="2514"
                          VPOS="2326"
                          HPOS="3500"
                          CONTENT="rejse verleenen, &amp; wel laten arrivemen de negotie is soo danigh gestelt dat d'een voor"/>
               </TextLine>
               <TextLine ID="region_1643820067574_4676l31"
                         BASELINE="3540,2444 3663,2446 3786,2450 3909,2453 4032,2458 4155,2463 4278,2468 4401,2475 4524,2480 4647,2486 4770,2491 4893,2496 5016,2500 5139,2502 5262,2504 5385,2504 5508,2504 5631,2500 5754,2496 5877,2489 6000,2480"
                         HEIGHT="160"
                         WIDTH="2493"
                         VPOS="2395"
                         HPOS="3524">
                  <String ID="string_region_1643820067574_4676l31"
                          HEIGHT="160"
                          WIDTH="2493"
                          VPOS="2395"
                          HPOS="3524"
                          CONTENT="d'anders naer a bandoneert, &amp; het is onmogelijck dat de gene die geen groot capitael"/>
               </TextLine>
               <TextLine ID="region_1643820067574_4676l32"
                         BASELINE="3528,2516 3650,2518 3772,2520 3894,2523 4016,2528 4138,2533 4260,2538 4382,2544 4504,2550 4626,2557 4748,2564 4870,2568 4992,2574 5114,2578 5236,2582 5358,2584 5480,2586 5602,2586 5724,2583 5846,2580 5968,2574"
                         HEIGHT="157"
                         WIDTH="2475"
                         VPOS="2462"
                         HPOS="3512">
                  <String ID="string_region_1643820067574_4676l32"
                          HEIGHT="157"
                          WIDTH="2475"
                          VPOS="2462"
                          HPOS="3512"
                          CONTENT="van hun selven hebben het konnen ujthouden daer worden hier veele sanges"/>
               </TextLine>
               <TextLine ID="region_1643820067574_4676l33"
                         BASELINE="3536,2604 3658,2604 3781,2608 3904,2612 4027,2616 4150,2622 4273,2629 4396,2635 4519,2642 4642,2648 4765,2654 4887,2660 5010,2664 5133,2669 5256,2672 5379,2674 5502,2674 5625,2672 5748,2669 5871,2664 5994,2656"
                         HEIGHT="172"
                         WIDTH="2493"
                         VPOS="2567"
                         HPOS="3519">
                  <String ID="string_region_1643820067574_4676l33"
                          HEIGHT="172"
                          WIDTH="2493"
                          VPOS="2567"
                          HPOS="3519"
                          CONTENT="tat verlies verkocht om gelt te hebben, &amp; daer by compt het dat wij &amp; andre verdruckt"/>
               </TextLine>
               <TextLine ID="region_1643820067574_4676l34"
                         BASELINE="3536,2694 3658,2696 3781,2699 3904,2703 4026,2708 4149,2714 4272,2720 4394,2726 4517,2734 4640,2741 4763,2748 4885,2753 5008,2759 5131,2763 5253,2767 5376,2769 5499,2770 5621,2768 5744,2765 5867,2760 5990,2752"
                         HEIGHT="182"
                         WIDTH="2491"
                         VPOS="2637"
                         HPOS="3519">
                  <String ID="string_region_1643820067574_4676l34"
                          HEIGHT="182"
                          WIDTH="2491"
                          VPOS="2637"
                          HPOS="3519"
                          CONTENT="worden ick sal dit gaen geen intrest van mijn capitael gewonnen hebben godt "/>
               </TextLine>
               <TextLine ID="region_1643820067574_4676l35"
                         BASELINE="3548,2768 3670,2772 3792,2777 3914,2784 4036,2790 4158,2796 4280,2803 4402,2811 4524,2818 4646,2824 4768,2832 4890,2838 5012,2844 5134,2848 5256,2853 5378,2856 5500,2858 5622,2860 5744,2860 5866,2858 5988,2854"
                         HEIGHT="215"
                         WIDTH="2477"
                         VPOS="2700"
                         HPOS="3530">
                  <String ID="string_region_1643820067574_4676l35"
                          HEIGHT="215"
                          WIDTH="2477"
                          VPOS="2700"
                          HPOS="3530"
                          CONTENT="betert in aswachtinge de stalen &amp; fraturen als voore naer groetenisse blijve "/>
               </TextLine>
               <TextLine ID="region_1643820067574_4676l36"
                         BASELINE="3356,2898 3399,2896 3442,2894 3485,2893 3528,2892 3571,2890 3614,2890 3657,2889 3700,2888 3743,2888 3786,2890 3829,2890 3872,2890 3915,2892 3958,2893 4001,2894 4044,2897 4087,2899 4130,2901 4173,2904 4216,2908"
                         HEIGHT="169"
                         WIDTH="892"
                         VPOS="2784"
                         HPOS="3339">
                  <String ID="string_region_1643820067574_4676l36"
                          HEIGHT="169"
                          WIDTH="892"
                          VPOS="2784"
                          HPOS="3339"
                          CONTENT="twerton Bere &amp; enchemark"/>
               </TextLine>
               <TextLine ID="region_1643820067574_4676l37"
                         BASELINE="5308,2956 5340,2956 5372,2956 5405,2956 5437,2956 5470,2956 5502,2956 5534,2956 5567,2956 5599,2956 5632,2956 5664,2956 5696,2956 5729,2956 5761,2956 5794,2956 5826,2956 5858,2956 5891,2954 5923,2954 5956,2954"
                         HEIGHT="135"
                         WIDTH="680"
                         VPOS="2879"
                         HPOS="5293">
                  <String ID="string_region_1643820067574_4676l37"
                          HEIGHT="135"
                          WIDTH="680"
                          VPOS="2879"
                          HPOS="5293"
                          CONTENT="Adij 14 sber 1712"/>
               </TextLine>
               <TextLine ID="region_1643820067574_4676l38"
                         BASELINE="3564,2970 3686,2974 3808,2979 3930,2984 4052,2990 4174,2996 4296,3002 4418,3008 4540,3015 4662,3021 4785,3027 4907,3032 5029,3038 5151,3042 5273,3046 5395,3049 5517,3050 5639,3052 5761,3052 5883,3050 6006,3048"
                         HEIGHT="200"
                         WIDTH="2477"
                         VPOS="2904"
                         HPOS="3548">
                  <String ID="string_region_1643820067574_4676l38"
                          HEIGHT="200"
                          WIDTH="2477"
                          VPOS="2904"
                          HPOS="3548"
                          CONTENT="ue aengename van 23 pas wel ontfanghen, benevens facturen &amp; stalen van twee balen"/>
               </TextLine>
               <TextLine ID="region_1643820067574_4676l39"
                         BASELINE="3486,3044 3611,3050 3737,3056 3863,3062 3989,3068 4115,3076 4241,3082 4367,3089 4493,3096 4619,3102 4745,3108 4870,3114 4996,3119 5122,3123 5248,3127 5374,3130 5500,3132 5626,3132 5752,3132 5878,3130 6004,3126"
                         HEIGHT="229"
                         WIDTH="2552"
                         VPOS="2956"
                         HPOS="3469">
                  <String ID="string_region_1643820067574_4676l39"
                          HEIGHT="229"
                          WIDTH="2552"
                          VPOS="2956"
                          HPOS="3469"
                          CONTENT="drap een beloopende £144:19 st hebbe de stalen naer mijn ordre geconfronteert bevinde"/>
               </TextLine>
               <TextLine ID="region_1643820067574_4676l40"
                         BASELINE="3544,3118 3666,3125 3788,3134 3910,3142 4032,3150 4154,3159 4276,3167 4398,3175 4520,3182 4642,3188 4764,3194 4886,3200 5008,3204 5130,3208 5252,3210 5374,3210 5496,3210 5618,3208 5740,3205 5862,3201 5984,3194"
                         HEIGHT="171"
                         WIDTH="2473"
                         VPOS="3080"
                         HPOS="3529">
                  <String ID="string_region_1643820067574_4676l40"
                          HEIGHT="171"
                          WIDTH="2473"
                          VPOS="3080"
                          HPOS="3529"
                          CONTENT="niet een stucke naer N°15 van 30 april 1111 maen wel van andre mengelinge, die seer doots"/>
               </TextLine>
               <TextLine ID="region_1643820067574_4676l41"
                         BASELINE="3548,3188 3664,3199 3781,3208 3898,3218 4014,3226 4131,3234 4248,3242 4364,3248 4481,3256 4598,3262 4715,3266 4831,3272 4948,3276 5065,3278 5181,3282 5298,3282 5415,3284 5531,3284 5648,3282 5765,3280 5882,3276"
                         HEIGHT="191"
                         WIDTH="2367"
                         VPOS="3141"
                         HPOS="3531">
                  <String ID="string_region_1643820067574_4676l41"
                          HEIGHT="191"
                          WIDTH="2367"
                          VPOS="3141"
                          HPOS="3531"
                          CONTENT="en grofschijnen, daer sijn oock 3 a 4s. olves, van grove mengelinge, doots, &amp; niet"/>
               </TextLine>
               <TextLine ID="region_1643820067574_4676l42"
                         BASELINE="3536,3278 3659,3286 3783,3292 3906,3301 4030,3309 4154,3315 4277,3323 4401,3331 4524,3337 4648,3344 4772,3352 4895,3356 5019,3361 5142,3366 5266,3370 5390,3372 5513,3374 5637,3376 5760,3376 5884,3374 6008,3370"
                         HEIGHT="180"
                         WIDTH="2502"
                         VPOS="3218"
                         HPOS="3520">
                  <String ID="string_region_1643820067574_4676l42"
                          HEIGHT="180"
                          WIDTH="2502"
                          VPOS="3218"
                          HPOS="3520"
                          CONTENT="vercoopbaer, &amp; alle gelijck sonder perse hebbe emmers altijdt soo drackelijck gecomman"/>
               </TextLine>
               <TextLine ID="region_1643820067574_4676l43"
                         BASELINE="3544,3362 3665,3368 3786,3376 3907,3382 4028,3390 4149,3398 4270,3405 4391,3412 4512,3418 4633,3424 4755,3431 4876,3436 4997,3442 5118,3446 5239,3450 5360,3452 5481,3454 5602,3454 5723,3454 5844,3452 5966,3448"
                         HEIGHT="207"
                         WIDTH="2457"
                         VPOS="3311"
                         HPOS="3527">
                  <String ID="string_region_1643820067574_4676l43"
                          HEIGHT="207"
                          WIDTH="2457"
                          VPOS="3311"
                          HPOS="3527"
                          CONTENT="deent, van soo danige niet te senden, want die blijven liggen als steenen, &amp; door den "/>
               </TextLine>
               <TextLine ID="region_1643820067574_4676l44"
                         BASELINE="3540,3438 3660,3443 3781,3449 3901,3456 4022,3462 4142,3470 4263,3478 4383,3486 4504,3494 4624,3502 4745,3510 4865,3517 4986,3524 5106,3530 5227,3536 5347,3538 5468,3542 5588,3542 5709,3542 5829,3540 5950,3536"
                         HEIGHT="197"
                         WIDTH="2447"
                         VPOS="3405"
                         HPOS="3524">
                  <String ID="string_region_1643820067574_4676l44"
                          HEIGHT="197"
                          WIDTH="2447"
                          VPOS="3405"
                          HPOS="3524"
                          CONTENT="tijdt vergaen &amp; sijn ten lesten geen gelt weirde. hedendaghs gaet het soo danigh, dat"/>
               </TextLine>
               <TextLine ID="region_1643820067574_4676l45"
                         BASELINE="3548,3514 3670,3522 3793,3531 3915,3540 4038,3548 4160,3556 4283,3564 4405,3572 4528,3579 4650,3586 4773,3591 4895,3598 5018,3603 5140,3608 5263,3612 5385,3616 5508,3618 5630,3620 5753,3622 5875,3622 5998,3622"
                         HEIGHT="168"
                         WIDTH="2483"
                         VPOS="3474"
                         HPOS="3530">
                  <String ID="string_region_1643820067574_4676l45"
                          HEIGHT="168"
                          WIDTH="2483"
                          VPOS="3474"
                          HPOS="3530"
                          CONTENT="al hoe wel men het sehoonste goet heeft dat men soude konnen wenchen noch moetijte heeft"/>
               </TextLine>
               <TextLine ID="region_1643820067574_4676l46"
                         BASELINE="3544,3604 3666,3612 3789,3618 3911,3627 4034,3635 4156,3642 4279,3650 4401,3655 4524,3662 4646,3669 4769,3675 4891,3680 5014,3684 5136,3689 5259,3692 5381,3694 5504,3696 5626,3696 5749,3696 5871,3696 5994,3694"
                         HEIGHT="196"
                         WIDTH="2486"
                         VPOS="3534"
                         HPOS="3527">
                  <String ID="string_region_1643820067574_4676l46"
                          HEIGHT="196"
                          WIDTH="2486"
                          VPOS="3534"
                          HPOS="3527"
                          CONTENT="om die te soviteren, hebbe in twee maen den geleden noch niemant gehat, die naer"/>
               </TextLine>
               <TextLine ID="region_1643820067574_4676l47"
                         BASELINE="3540,3690 3655,3694 3771,3700 3886,3707 4002,3713 4117,3721 4233,3728 4348,3734 4464,3743 4579,3749 4695,3756 4810,3763 4926,3768 5041,3774 5157,3778 5272,3782 5388,3784 5503,3786 5619,3786 5734,3786 5850,3784"
                         HEIGHT="206"
                         WIDTH="2349"
                         VPOS="3628"
                         HPOS="3521">
                  <String ID="string_region_1643820067574_4676l47"
                          HEIGHT="206"
                          WIDTH="2349"
                          VPOS="3628"
                          HPOS="3521"
                          CONTENT="goet heeft comen vragen, &amp; dat men van 1 p st opsagh wilt spreken, sien den"/>
               </TextLine>
               <TextLine ID="region_1643820067574_4676l48"
                         BASELINE="3548,3776 3668,3780 3789,3788 3909,3792 4030,3800 4151,3807 4271,3814 4392,3821 4512,3828 4633,3836 4754,3842 4874,3848 4995,3854 5115,3861 5236,3866 5357,3870 5477,3874 5598,3876 5718,3878 5839,3878 5960,3878"
                         HEIGHT="189"
                         WIDTH="2445"
                         VPOS="3728"
                         HPOS="3532">
                  <String ID="string_region_1643820067574_4676l48"
                          HEIGHT="189"
                          WIDTH="2445"
                          VPOS="3728"
                          HPOS="3532"
                          CONTENT="mensen niet uyt jae willent beter coop de goedren noch hebben als voor desen met"/>
               </TextLine>
               <TextLine ID="region_1643820067574_4676l49"
                         BASELINE="3544,3856 3660,3861 3777,3868 3893,3874 4010,3882 4126,3889 4243,3895 4359,3904 4476,3910 4592,3917 4709,3923 4825,3929 4942,3936 5058,3941 5175,3946 5291,3950 5408,3954 5524,3956 5641,3956 5757,3956 5874,3956"
                         HEIGHT="181"
                         WIDTH="2366"
                         VPOS="3817"
                         HPOS="3528">
                  <String ID="string_region_1643820067574_4676l49"
                          HEIGHT="181"
                          WIDTH="2366"
                          VPOS="3817"
                          HPOS="3528"
                          CONTENT="een woort onse negotie is gans onder de voet: daer sijn al differente die de wolle"/>
               </TextLine>
               <TextLine ID="region_1643820067574_4676l50"
                         BASELINE="3548,3938 3665,3946 3782,3952 3900,3960 4017,3967 4135,3975 4252,3982 4369,3990 4487,3995 4604,4002 4722,4008 4839,4013 4956,4018 5074,4022 5191,4026 5309,4030 5426,4034 5543,4036 5661,4036 5778,4036 5896,4036"
                         HEIGHT="197"
                         WIDTH="2382"
                         VPOS="3871"
                         HPOS="3529">
                  <String ID="string_region_1643820067574_4676l50"
                          HEIGHT="197"
                          WIDTH="2382"
                          VPOS="3871"
                          HPOS="3529"
                          CONTENT="negotie guiteeren, om dat sij meer schade daer bij hebben gehadt, als profijdt. sien"/>
               </TextLine>
               <TextLine ID="region_1643820067574_4676l51"
                         BASELINE="3536,4016 3656,4022 3776,4028 3897,4035 4017,4043 4138,4050 4258,4059 4378,4068 4499,4076 4619,4083 4740,4091 4860,4098 4980,4104 5101,4110 5221,4116 5342,4120 5462,4122 5582,4125 5703,4126 5823,4126 5944,4124"
                         HEIGHT="169"
                         WIDTH="2443"
                         VPOS="3971"
                         HPOS="3518">
                  <String ID="string_region_1643820067574_4676l51"
                          HEIGHT="169"
                          WIDTH="2443"
                          VPOS="3971"
                          HPOS="3518"
                          CONTENT="e eerste de stalen van de geordoneerde 60 sarges 22 gd te gemoet, en ue sal die gelieve"/>
               </TextLine>
               <TextLine ID="region_1643820067574_4676l52"
                         BASELINE="3546,4116 3668,4119 3790,4124 3912,4129 4035,4134 4157,4141 4279,4148 4402,4157 4524,4165 4646,4171 4769,4180 4891,4187 5013,4193 5135,4200 5258,4204 5380,4208 5502,4210 5625,4210 5747,4208 5869,4206 5992,4200"
                         HEIGHT="215"
                         WIDTH="2483"
                         VPOS="4053"
                         HPOS="3529">
                  <String ID="string_region_1643820067574_4676l52"
                          HEIGHT="215"
                          WIDTH="2483"
                          VPOS="4053"
                          HPOS="3529"
                          CONTENT="te laden in Jokn bwings sunior &amp; wat aengaet d'asseurantie, soo de in volleveyligh"/>
               </TextLine>
               <TextLine ID="region_1643820067574_4676l53"
                         BASELINE="3552,4196 3670,4200 3788,4204 3906,4208 4024,4214 4143,4221 4261,4228 4379,4234 4497,4241 4615,4248 4734,4254 4852,4261 4970,4266 5088,4271 5206,4276 5325,4280 5443,4282 5561,4282 5679,4282 5797,4282 5916,4278"
                         HEIGHT="211"
                         WIDTH="2399"
                         VPOS="4128"
                         HPOS="3536">
                  <String ID="string_region_1643820067574_4676l53"
                          HEIGHT="211"
                          WIDTH="2399"
                          VPOS="4128"
                          HPOS="3536"
                          CONTENT="eijdt moghen saijlen sonder convoij, soo sal den risico naer mij nemen, dogh soo en"/>
               </TextLine>
               <TextLine ID="region_1643820067574_4676l54"
                         BASELINE="3524,4302 3632,4302 3740,4302 3848,4304 3956,4307 4064,4310 4172,4315 4280,4320 4388,4325 4496,4330 4604,4336 4712,4342 4820,4348 4928,4352 5036,4356 5144,4361 5252,4364 5360,4366 5468,4368 5576,4368 5684,4366"
                         HEIGHT="163"
                         WIDTH="2191"
                         VPOS="4238"
                         HPOS="3508">
                  <String ID="string_region_1643820067574_4676l54"
                          HEIGHT="163"
                          WIDTH="2191"
                          VPOS="4238"
                          HPOS="3508"
                          CONTENT="de minste di ficuleyde soude sijn, soo gaet de helft risie voor u rekeninghe"/>
               </TextLine>
            </TextBlock>
         </PrintSpace>
      </Page>
   </Layout>
</alto>
