8337 4644
2552 204 748 155 Ady 25 april 1715

853 198 1076 232 Bergen Charle tehaigle

1006 293 2336 218 jay recue l'honneur de la chere vre du 21 courant pour reponce jusque

1019 371 2312 239 present on n'at pas me renvoyez mes eschantillions de drogetts comme

2012 517 110 70 iig

1952 519 50 63 s

1018 488 2277 219 J'ay en avanther une de mes chalans, qui devoit avoir des drogetts

1007 567 2308 256 Jay overt la ballots sans avoir les eschantiltions & comme ie trouve

1032 651 2261 264 quils ne sont pas ceux qui restant quot a vos eschantillions ie vous

1033 752 2243 239 envoye au pied de cette des eschantillions de 9 ps enfin que pour

1027 842 2353 247 paurrez chosir a vre gout, la grise est just comme vre eschantillions

998 1006 2328 180 & quelque aprochant vous priant de me rependre a la reception

1029 1103 2267 238 de cette, car ie craingne quils pouriont estre sendu jamais de

1038 1235 1768 207 mes jours ie n'ay que telle demande pour des drogetts

1040 1282 2260 219 outre ie voiz que vre grace ne trouve pas d'occasion pour me

1029 1416 2354 238 resmettre l'occasion du messagier y est toujours & pour vous facreiter pou

1030 1560 2308 168 cette fois j'aj demande du messagier jonard les trois cent florins & luy

1011 1635 2323 200 donné quittance ainsy il vous plaira luy payer les dits trois cent

1015 1733 2323 217 florins de change & aussij la moitie du port comme iuay luy paiye

1028 1901 2268 128 aussij vous seavez mons. que tous frais pour remettre est a vre

1039 1964 2285 198 charge & si vous voudrez vous aposir a cela ie detrois v endre ma

1040 2079 2226 162 marchandise a l'advenant sur quoy vous pouvez vous reguler

1030 2146 2339 203 ie vous prie de me renvoijer un petit morceavez des eschantillions

1002 2281 2354 187 des drogetts quils vous aggrent pour les choisir a l'advenant en

1045 2350 2316 227 attendant cito posible vre repenie, comme aussij a legard de

1032 2507 2205 204 perpettuane p lanchie ie vous salue & suis de tous mon cout

2681 2632 527 180 Adij 86 april

889 2684 795 178 Ath Joseph Daulmery

1037 2731 2163 208 j'ay recue l'honneur de la chere vre du 23. courant avec les

1017 2841 2359 222 Cartes d'eschantillions de retour a vre grace, demand les sarges espines

1055 2934 2249 240 a ƒ 23:10, comme les drapee, que vre grace a marque & les jaspee

1053 3043 2256 227 a ƒ24:- ie vous dit don pour reponce que ie suis fachee que

1031 3152 2266 198 ie ne peut vous sertir moins que ie n'ay vous marque p, ma

1036 3227 2260 287 precedente enfin moins que ƒ 24:- la ps. ne peut pas atre

1009 3388 2222 201 & pour vous acommoder ie vous donnerez  299 avec 15 ui

1029 3497 2301 227 sarqes espines veritable anydy a letoil & ausij les tps drap een

1044 3585 2341 286 espines de la carte N189 a 4 ditto de la carte 190 xaussij les deux

1040 3791 2273 202 larges drapee verdage, marque avec un croch outre les sept ps,

1035 3895 2226 198 que vous avez chosie de la carte  163 marque avec un

1027 3987 2276 227 Croix qui sont 5 ps j'aspee & 2 ps jonard v erdage, qui ne sont

1028 4138 2323 178 pas jaspu aussij tous que vous avez choisee ie vous le donnerez

1039 4248 2326 195 a ƒ24:- la ps. soye persuade mons. que si ie les peuvois denie

3586 183 2449 145 moin, qiue ie ne ferois pas ede suil met vous prient de condere de uelle

5957 266 53 91 3

3578 301 2374 98 & l'augumentation de la marchandise, si vous vous in cline pour les

3563 389 2413 177 dem ander ie vous prie de me donner vre ordre a la reception de cette

3574 453 2410 208 a cause que j'attand a tous heure quelquin qui doilt verur pour des

3576 574 2455 234 sarges espines & ce sont les uniques que j'ay sur quoy vous pauvez vou

3576 652 2455 233 reguler ie vous salue & suis en attandant l'honneur de vre reponce

5476 816 557 191 Adij 26 april 1715

3462 872 1227 206 Brugge gillis van Coppenolle

3564 1016 2466 155 ue seer aengename van 23 deser wel ontfanghen & den inhant wel

3551 1085 2401 166 verstaen, soo sullen onse wertige pretentie ontrent het nat pack

3548 1199 2430 211 staken als mede vant betart goet met ewins gecomen a sal van ue

3552 1307 2447 210 afwaghten wat aen de voorige seippers sult hebben betaelt voor de

3550 1415 2432 218 vroghten, om ul vervolgens te crediteren, als oock de notitie van de

3562 1533 2461 168 noodige sertificatien ingesloten en wissel brief van st £100:10:00

3544 1651 2367 158 a 33:11 et ton latte dheer carel herre baut a corty en antwerpen te

3527 1737 2392 221 betaelen die versoecke te laeten accepteren & mij weder te senden, dit

3543 1871 2054 227 doende sult verobligeren die blijve naer Cordiale groetenisse

5385 2020 465 199 Adij d. 1715

3491 2024 863 249 Bergen wed C. Candry

3541 2165 2476 204 J'ay recu en son temp l'honneur li'honneur de la chere vre du 20 courant

3515 2238 2509 175 & avant la reception j'ay este oblige d'ovoir la bale N34 avec as drogett

3517 2355 2500 207 pour un autre ie suis sache que vous n'avez pas ordone plus tost car

3527 2441 2422 220 jamais ie n'ay vue un demande pour des drogette, qu'a present

3518 2572 2436 234 cependant j'ay trouve encor quelques ps. qui accordant au peu prest

4767 2623 1253 151 done ie voys envoije au pild de cette de

3532 2712 2492 165 suv vos eschantillionsz il vous plaira me rependre a la reception de

3521 2822 1032 135 chaque ps en petit eschantillions &

3512 2800 2482 205 cette si vous souhaite que ie vous les envoye p le premiere voyage

3512 2949 2509 166 du messagier jonard ou non pour me regaler a ladvenant autre ie suis

3494 3040 2537 193 fres estonne que vre grace marque que la marchandise baisse considera

3511 3159 2433 186 blement, ou au contraire la marchandise, n'a este si chere que a

3516 3263 2470 202 present vils encherissent en cor tous les jours il faut que vous l'avez

3502 3363 2480 235 longe ou ceux qui vous s'ont dit, n'ont pas este informe les doogetts

3512 3490 2499 200 ne se pauvent donnermans que 14½ pattars de change p aune sur

3520 3625 2494 176 quoay vous paurez vous reguler ie vous salue & suis en attendant cite

3521 3737 2492 187 posible l'honneur de vre repence e ordre, ie me dit destre tres

3521 3909 442 152 cincerement
