<?xml version="1.0" encoding="UTF-8"?>
<alto xmlns:xsi="http://www.w3.org/2001/XMLSchema-instance"
      xmlns="http://www.loc.gov/standards/alto/ns-v4#"
      xmlns:page="http://schema.primaresearch.org/PAGE/gts/pagecontent/2013-07-15"
      xsi:schemaLocation="http://www.loc.gov/standards/alto/ns-v4# https://www.loc.gov/standards/alto/v4/alto.xsd">
   <Description>
      <MeasurementUnit>pixel</MeasurementUnit>
      <OCRProcessing ID="IdOcr">
         <ocrProcessingStep>
            <processingDateTime>2022-02-11T21:38:38.597+01:00</processingDateTime>
            <processingSoftware>
               <softwareCreator>READ COOP</softwareCreator>
               <softwareName>Transkribus</softwareName>
            </processingSoftware>
         </ocrProcessingStep>
      </OCRProcessing>
   </Description>
   <Layout>
      <Page ID="Page1" PHYSICAL_IMG_NR="1" HEIGHT="4658" WIDTH="8392">
         <TopMargin HEIGHT="0" WIDTH="8392" VPOS="0" HPOS="0"/>
         <LeftMargin HEIGHT="4658" WIDTH="0" VPOS="0" HPOS="0"/>
         <RightMargin HEIGHT="4658" WIDTH="0" VPOS="0" HPOS="8392"/>
         <BottomMargin HEIGHT="0" WIDTH="8392" VPOS="4658" HPOS="0"/>
         <PrintSpace HEIGHT="4658" WIDTH="8392" VPOS="0" HPOS="0">
            <TextBlock ID="region_1643963933172_2046"
                       HEIGHT="3855"
                       WIDTH="2563"
                       VPOS="189"
                       HPOS="796">
               <Shape>
                  <Polygon POINTS="796,189 3359,189 3359,4044 796,4044"/>
               </Shape>
               <TextLine ID="region_1643963933172_2046l1"
                         BASELINE="2540,326 2567,325 2595,324 2623,323 2651,322 2679,321 2707,320 2735,319 2763,318 2791,318 2819,316 2846,315 2874,314 2902,313 2930,312 2958,312 2986,310 3014,308 3042,307 3070,306 3098,304"
                         HEIGHT="163"
                         WIDTH="594"
                         VPOS="222"
                         HPOS="2521">
                  <String ID="string_region_1643963933172_2046l1"
                          HEIGHT="163"
                          WIDTH="594"
                          VPOS="222"
                          HPOS="2521"
                          CONTENT="Adij 17 mey 1724"/>
               </TextLine>
               <TextLine ID="region_1643963933172_2046l2"
                         BASELINE="962,374 999,372 1036,370 1073,368 1110,366 1147,365 1184,364 1221,362 1258,360 1295,360 1333,358 1370,357 1407,356 1444,356 1481,355 1518,354 1555,354 1592,354 1629,354 1666,354 1704,356"
                         HEIGHT="201"
                         WIDTH="779"
                         VPOS="244"
                         HPOS="942">
                  <String ID="string_region_1643963933172_2046l2"
                          HEIGHT="201"
                          WIDTH="779"
                          VPOS="244"
                          HPOS="942"
                          CONTENT="beulen Gerard muser"/>
               </TextLine>
               <TextLine ID="region_1643963933172_2046l3"
                         BASELINE="1064,470 1172,466 1280,466 1388,464 1496,464 1604,462 1712,462 1820,462 1928,462 2036,462 2144,462 2252,460 2360,460 2468,458 2576,456 2684,454 2792,450 2900,446 3008,442 3116,436 3224,430"
                         HEIGHT="190"
                         WIDTH="2191"
                         VPOS="345"
                         HPOS="1048">
                  <String ID="string_region_1643963933172_2046l3"
                          HEIGHT="190"
                          WIDTH="2191"
                          VPOS="345"
                          HPOS="1048"
                          CONTENT="ue mij altijdt sier aengename dan van 13 mars g2e pass op sijn tijnt"/>
               </TextLine>
               <TextLine ID="region_1643963933172_2046l4"
                         BASELINE="1042,564 1150,564 1259,566 1368,566 1476,566 1585,564 1694,564 1802,562 1911,560 2020,560 2129,558 2237,554 2346,552 2455,550 2563,547 2672,544 2781,542 2889,539 2998,536 3107,533 3216,530"
                         HEIGHT="180"
                         WIDTH="2203"
                         VPOS="456"
                         HPOS="1027">
                  <String ID="string_region_1643963933172_2046l4"
                          HEIGHT="180"
                          WIDTH="2203"
                          VPOS="456"
                          HPOS="1027"
                          CONTENT="net ontfanghen hebbe sedert in afwaghtenge geweet, om u te"/>
               </TextLine>
               <TextLine ID="region_1643963933172_2046l5"
                         BASELINE="1046,656 1155,656 1265,656 1374,656 1484,656 1594,656 1703,656 1813,656 1922,654 2032,654 2142,652 2251,650 2361,648 2470,644 2580,640 2690,637 2799,631 2909,626 3018,620 3128,612 3238,604"
                         HEIGHT="175"
                         WIDTH="2221"
                         VPOS="536"
                         HPOS="1030">
                  <String ID="string_region_1643963933172_2046l5"
                          HEIGHT="175"
                          WIDTH="2221"
                          VPOS="536"
                          HPOS="1030"
                          CONTENT="connen adviseren dat het ftue soude afgedaen geweest sijn dat het"/>
               </TextLine>
               <TextLine ID="region_1643963933172_2046l6"
                         BASELINE="1066,762 1173,760 1281,759 1388,758 1496,756 1604,756 1711,754 1819,754 1926,752 2034,752 2142,750 2249,748 2357,746 2464,744 2572,742 2680,738 2787,734 2895,730 3002,727 3110,722 3218,716"
                         HEIGHT="146"
                         WIDTH="2185"
                         VPOS="644"
                         HPOS="1050">
                  <String ID="string_region_1643963933172_2046l6"
                          HEIGHT="146"
                          WIDTH="2185"
                          VPOS="644"
                          HPOS="1050"
                          CONTENT="nu toe noch niet is geschiet hebbe middelertijdt noch groet deboeren"/>
               </TextLine>
               <TextLine ID="region_1643963933172_2046l7"
                         BASELINE="1042,860 1153,858 1264,856 1375,852 1486,850 1597,848 1708,846 1819,844 1930,842 2041,840 2152,838 2263,835 2374,832 2485,830 2596,826 2707,824 2818,820 2929,816 3040,812 3151,808 3262,802"
                         HEIGHT="176"
                         WIDTH="2252"
                         VPOS="741"
                         HPOS="1026">
                  <String ID="string_region_1643963933172_2046l7"
                          HEIGHT="176"
                          WIDTH="2252"
                          VPOS="741"
                          HPOS="1026"
                          CONTENT="gedaen &amp; de sake, soo verre gebroght dat het maer door dhaer pentionaris"/>
               </TextLine>
               <TextLine ID="region_1643963933172_2046l8"
                         BASELINE="1034,966 1142,962 1251,960 1360,956 1469,952 1578,949 1686,946 1795,942 1904,939 2013,936 2122,933 2230,930 2339,926 2448,924 2557,920 2666,917 2774,914 2883,910 2992,907 3101,904 3210,900"
                         HEIGHT="183"
                         WIDTH="2206"
                         VPOS="818"
                         HPOS="1019">
                  <String ID="string_region_1643963933172_2046l8"
                          HEIGHT="183"
                          WIDTH="2206"
                          VPOS="818"
                          HPOS="1019"
                          CONTENT="lams moet geproponeert worden dat mij gelooft hueft te doen dogh"/>
               </TextLine>
               <TextLine ID="region_1643963933172_2046l9"
                         BASELINE="1046,1076 1155,1074 1264,1072 1373,1070 1482,1068 1592,1066 1701,1064 1810,1060 1919,1058 2028,1056 2138,1052 2247,1049 2356,1044 2465,1040 2574,1035 2684,1030 2793,1023 2902,1015 3011,1007 3120,999 3230,988"
                         HEIGHT="188"
                         WIDTH="2219"
                         VPOS="922"
                         HPOS="1028">
                  <String ID="string_region_1643963933172_2046l9"
                          HEIGHT="188"
                          WIDTH="2219"
                          VPOS="922"
                          HPOS="1028"
                          CONTENT="daer is noch een ander essue afte doen &amp; seght mij dat, dat maet"/>
               </TextLine>
               <TextLine ID="region_1643963933172_2046l10"
                         BASELINE="1030,1186 1145,1182 1260,1178 1375,1174 1490,1171 1605,1167 1720,1164 1835,1160 1950,1156 2065,1153 2181,1150 2296,1146 2411,1142 2526,1138 2641,1134 2756,1130 2871,1124 2986,1120 3101,1115 3216,1110 3332,1104"
                         HEIGHT="204"
                         WIDTH="2336"
                         VPOS="1008"
                         HPOS="1011">
                  <String ID="string_region_1643963933172_2046l10"
                          HEIGHT="204"
                          WIDTH="2336"
                          VPOS="1008"
                          HPOS="1011"
                          CONTENT="voorgaen &amp;als dan het te, tot een eijnde brengen, twijfele, oft ue sal"/>
               </TextLine>
               <TextLine ID="region_1643963933172_2046l11"
                         BASELINE="1050,1296 1159,1290 1268,1285 1377,1280 1486,1276 1595,1272 1704,1268 1813,1266 1922,1262 2031,1260 2140,1256 2249,1254 2358,1250 2467,1248 2576,1244 2685,1242 2794,1238 2903,1234 3012,1229 3121,1225 3230,1218"
                         HEIGHT="178"
                         WIDTH="2213"
                         VPOS="1156"
                         HPOS="1033">
                  <String ID="string_region_1643963933172_2046l11"
                          HEIGHT="178"
                          WIDTH="2213"
                          VPOS="1156"
                          HPOS="1033"
                          CONTENT="volstaen, met ƒ 600:- wissez gelde omdat alle de stumeitters"/>
               </TextLine>
               <TextLine ID="region_1643963933172_2046l12"
                         BASELINE="1074,1384 1184,1380 1295,1377 1406,1374 1517,1372 1628,1370 1738,1368 1849,1366 1960,1364 2071,1362 2182,1360 2292,1358 2403,1356 2514,1352 2625,1350 2736,1346 2846,1342 2957,1338 3068,1333 3179,1327 3290,1322"
                         HEIGHT="175"
                         WIDTH="2251"
                         VPOS="1230"
                         HPOS="1057">
                  <String ID="string_region_1643963933172_2046l12"
                          HEIGHT="175"
                          WIDTH="2251"
                          VPOS="1230"
                          HPOS="1057"
                          CONTENT="ider int besonden hebbe gaen spreken &amp; daer me schenen te vreden "/>
               </TextLine>
               <TextLine ID="region_1643963933172_2046l13"
                         BASELINE="1062,1486 1174,1486 1287,1484 1400,1482 1512,1480 1625,1478 1738,1476 1850,1474 1963,1472 2076,1468 2189,1466 2301,1463 2414,1460 2527,1456 2639,1451 2752,1448 2865,1442 2977,1438 3090,1432 3203,1426 3316,1420"
                         HEIGHT="161"
                         WIDTH="2287"
                         VPOS="1348"
                         HPOS="1044">
                  <String ID="string_region_1643963933172_2046l13"
                          HEIGHT="161"
                          WIDTH="2287"
                          VPOS="1348"
                          HPOS="1044"
                          CONTENT="te sijn als oock pensionaris sams soo hoope alles naer a genoegn"/>
               </TextLine>
               <TextLine ID="region_1643963933172_2046l14"
                         BASELINE="1054,1594 1166,1592 1278,1588 1390,1586 1503,1584 1615,1581 1727,1578 1840,1576 1952,1574 2064,1570 2177,1568 2289,1564 2401,1561 2513,1556 2626,1552 2738,1548 2850,1542 2963,1536 3075,1530 3187,1523 3300,1516"
                         HEIGHT="218"
                         WIDTH="2279"
                         VPOS="1447"
                         HPOS="1037">
                  <String ID="string_region_1643963933172_2046l14"
                          HEIGHT="218"
                          WIDTH="2279"
                          VPOS="1447"
                          HPOS="1037"
                          CONTENT="uyt sal tillen hebbe dheer peeters mede gesproken &amp; heeft mij gelooft"/>
               </TextLine>
               <TextLine ID="region_1643963933172_2046l15"
                         BASELINE="1064,1694 1173,1691 1283,1688 1393,1684 1503,1682 1613,1679 1722,1676 1832,1674 1942,1672 2052,1670 2162,1667 2271,1664 2381,1662 2491,1660 2601,1656 2711,1652 2820,1650 2930,1645 3040,1640 3150,1635 3260,1630"
                         HEIGHT="173"
                         WIDTH="2227"
                         VPOS="1541"
                         HPOS="1047">
                  <String ID="string_region_1643963933172_2046l15"
                          HEIGHT="173"
                          WIDTH="2227"
                          VPOS="1541"
                          HPOS="1047"
                          CONTENT="met den eersten, die affaires te vervordre vorders op ontfangh van "/>
               </TextLine>
               <TextLine ID="region_1643963933172_2046l16"
                         BASELINE="1076,1796 1187,1794 1298,1792 1409,1789 1521,1786 1632,1784 1743,1780 1855,1778 1966,1774 2077,1772 2189,1768 2300,1764 2411,1762 2522,1758 2634,1754 2745,1750 2856,1747 2968,1743 3079,1738 3190,1735 3302,1730"
                         HEIGHT="155"
                         WIDTH="2259"
                         VPOS="1671"
                         HPOS="1058">
                  <String ID="string_region_1643963933172_2046l16"
                          HEIGHT="155"
                          WIDTH="2259"
                          VPOS="1671"
                          HPOS="1058"
                          CONTENT="u laette brief hebbe aen s. van der cruijse gesijt, dat hij ut "/>
               </TextLine>
               <TextLine ID="region_1643963933172_2046l17"
                         BASELINE="1068,1908 1176,1902 1285,1896 1393,1892 1502,1888 1610,1884 1719,1880 1827,1877 1936,1874 2044,1872 2153,1870 2261,1868 2370,1866 2478,1862 2587,1860 2695,1856 2804,1853 2912,1849 3021,1844 3129,1839 3238,1832"
                         HEIGHT="190"
                         WIDTH="2200"
                         VPOS="1739"
                         HPOS="1052">
                  <String ID="string_region_1643963933172_2046l17"
                          HEIGHT="190"
                          WIDTH="2200"
                          VPOS="1739"
                          HPOS="1052"
                          CONTENT="toe satteet wijn met dercoopen soude, sonder nader ordre hebbe"/>
               </TextLine>
               <TextLine ID="region_1643963933172_2046l18"
                         BASELINE="1058,2022 1171,2013 1285,2006 1398,2001 1512,1996 1625,1991 1739,1988 1852,1984 1966,1982 2079,1979 2193,1976 2306,1974 2420,1970 2533,1967 2647,1962 2760,1958 2874,1953 2987,1947 3101,1939 3214,1930 3328,1920"
                         HEIGHT="170"
                         WIDTH="2302"
                         VPOS="1864"
                         HPOS="1041">
                  <String ID="string_region_1643963933172_2046l18"
                          HEIGHT="170"
                          WIDTH="2302"
                          VPOS="1864"
                          HPOS="1041"
                          CONTENT="ue aen dheer de witt ter selver tijdt gerecommandert, tot u goserns"/>
               </TextLine>
               <TextLine ID="region_1643963933172_2046l19"
                         BASELINE="1314,2066 1339,2065 1364,2062 1389,2060 1414,2058"
                         HEIGHT="77"
                         WIDTH="131"
                         VPOS="2008"
                         HPOS="1297">
                  <String ID="string_region_1643963933172_2046l19"
                          HEIGHT="77"
                          WIDTH="131"
                          VPOS="2008"
                          HPOS="1297"
                          CONTENT="ther"/>
               </TextLine>
               <TextLine ID="region_1643963933172_2046l20"
                         BASELINE="1078,2120 1183,2118 1289,2114 1394,2112 1500,2109 1605,2106 1711,2103 1816,2100 1922,2096 2027,2092 2133,2089 2238,2086 2344,2082 2449,2078 2555,2076 2660,2072 2766,2068 2871,2064 2977,2062 3082,2058 3188,2056"
                         HEIGHT="176"
                         WIDTH="2146"
                         VPOS="1979"
                         HPOS="1059">
                  <String ID="string_region_1643963933172_2046l20"
                          HEIGHT="176"
                          WIDTH="2146"
                          VPOS="1979"
                          HPOS="1059"
                          CONTENT="sal voor desen u niet eerderschrijven soor dat het spul sal"/>
               </TextLine>
               <TextLine ID="region_1643963933172_2046l21"
                         BASELINE="1058,2238 1170,2232 1282,2228 1394,2224 1506,2221 1618,2218 1730,2215 1842,2212 1954,2210 2066,2206 2178,2204 2290,2202 2402,2198 2514,2196 2626,2192 2738,2189 2850,2184 2962,2180 3074,2175 3186,2170 3298,2164"
                         HEIGHT="221"
                         WIDTH="2272"
                         VPOS="2075"
                         HPOS="1042">
                  <String ID="string_region_1643963933172_2046l21"
                          HEIGHT="221"
                          WIDTH="2272"
                          VPOS="2075"
                          HPOS="1042"
                          CONTENT="geeijndight wesen &amp; groete ue ade familie van herten &amp; waer"/>
               </TextLine>
               <TextLine ID="region_1643963933172_2046l22"
                         BASELINE="1054,2360 1158,2351 1263,2344 1368,2337 1473,2332 1578,2327 1682,2324 1787,2320 1892,2318 1997,2314 2102,2312 2206,2310 2311,2308 2416,2306 2521,2304 2626,2302 2730,2299 2835,2296 2940,2292 3045,2287 3150,2282"
                         HEIGHT="203"
                         WIDTH="2127"
                         VPOS="2212"
                         HPOS="1036">
                  <String ID="string_region_1643963933172_2046l22"
                          HEIGHT="203"
                          WIDTH="2127"
                          VPOS="2212"
                          HPOS="1036"
                          CONTENT="in a verders dinttigh wesen magh geheeve te commanderen"/>
               </TextLine>
               <TextLine ID="region_1643963933172_2046l23"
                         BASELINE="2590,2550 2620,2550 2651,2550 2681,2549 2712,2548 2743,2548 2773,2546 2804,2545 2834,2544 2865,2542 2896,2541 2926,2538 2957,2535 2987,2533 3018,2531 3049,2529 3079,2528 3110,2525 3140,2522 3171,2520 3202,2518"
                         HEIGHT="154"
                         WIDTH="647"
                         VPOS="2432"
                         HPOS="2571">
                  <String ID="string_region_1643963933172_2046l23"
                          HEIGHT="154"
                          WIDTH="647"
                          VPOS="2432"
                          HPOS="2571"
                          CONTENT="Adij 18 mey 714"/>
               </TextLine>
               <TextLine ID="region_1643963933172_2046l24"
                         BASELINE="938,2584 987,2581 1036,2577 1086,2573 1135,2568 1185,2565 1234,2562 1283,2559 1333,2555 1382,2553 1432,2551 1481,2549 1530,2548 1580,2546 1629,2546 1679,2546 1728,2548 1777,2549 1827,2551 1876,2555 1926,2558"
                         HEIGHT="188"
                         WIDTH="1016"
                         VPOS="2417"
                         HPOS="922">
                  <String ID="string_region_1643963933172_2046l24"
                          HEIGHT="188"
                          WIDTH="1016"
                          VPOS="2417"
                          HPOS="922"
                          CONTENT="Jurnaut Jan B Sobert"/>
               </TextLine>
               <TextLine ID="region_1643963933172_2046l25"
                         BASELINE="1070,2678 1174,2674 1279,2670 1384,2666 1489,2664 1594,2662 1699,2660 1804,2658 1909,2656 2014,2654 2119,2652 2223,2652 2328,2650 2433,2648 2538,2646 2643,2644 2748,2642 2853,2638 2958,2636 3063,2632 3168,2628"
                         HEIGHT="158"
                         WIDTH="2130"
                         VPOS="2553"
                         HPOS="1053">
                  <String ID="string_region_1643963933172_2046l25"
                          HEIGHT="158"
                          WIDTH="2130"
                          VPOS="2553"
                          HPOS="1053"
                          CONTENT="ue aengename van 10 deser wel ontfanghen dien volgens"/>
               </TextLine>
               <TextLine ID="region_1643963933172_2046l26"
                         BASELINE="1086,2778 1192,2776 1298,2776 1404,2774 1510,2772 1617,2770 1723,2768 1829,2768 1935,2764 2041,2762 2148,2760 2254,2758 2360,2754 2466,2752 2572,2748 2679,2745 2785,2742 2891,2738 2997,2734 3103,2731 3210,2728"
                         HEIGHT="144"
                         WIDTH="2156"
                         VPOS="2655"
                         HPOS="1068">
                  <String ID="string_region_1643963933172_2046l26"
                          HEIGHT="144"
                          WIDTH="2156"
                          VPOS="2655"
                          HPOS="1068"
                          CONTENT="verneme ie geen ¼ a  3 segels hebt naer het gesonden stael"/>
               </TextLine>
               <TextLine ID="region_1643963933172_2046l27"
                         BASELINE="1066,2878 1165,2881 1265,2882 1365,2882 1464,2882 1564,2882 1664,2880 1763,2878 1863,2876 1963,2874 2063,2870 2162,2866 2262,2862 2362,2858 2461,2855 2561,2850 2661,2846 2760,2842 2860,2838 2960,2836 3060,2832"
                         HEIGHT="200"
                         WIDTH="2025"
                         VPOS="2747"
                         HPOS="1050">
                  <String ID="string_region_1643963933172_2046l27"
                          HEIGHT="200"
                          WIDTH="2025"
                          VPOS="2747"
                          HPOS="1050"
                          CONTENT="dat wel remarcabel is daer die in englant seer getraeght"/>
               </TextLine>
               <TextLine ID="region_1643963933172_2046l28"
                         BASELINE="1082,2984 1188,2982 1295,2980 1401,2978 1508,2978 1615,2976 1721,2974 1828,2971 1934,2969 2041,2966 2148,2964 2254,2962 2361,2959 2467,2956 2574,2953 2681,2950 2787,2947 2894,2944 3000,2940 3107,2937 3214,2932"
                         HEIGHT="165"
                         WIDTH="2162"
                         VPOS="2844"
                         HPOS="1067">
                  <String ID="string_region_1643963933172_2046l28"
                          HEIGHT="165"
                          WIDTH="2162"
                          VPOS="2844"
                          HPOS="1067"
                          CONTENT="worden wat de s00 ps aengaet die u gereet hebt sent de ps"/>
               </TextLine>
               <TextLine ID="region_1643963933172_2046l29"
                         BASELINE="1034,3078 1144,3074 1254,3072 1364,3070 1474,3068 1585,3068 1695,3068 1805,3066 1915,3066 2025,3066 2136,3066 2246,3066 2356,3064 2466,3062 2576,3059 2687,3054 2797,3050 2907,3043 3017,3035 3127,3025 3238,3012"
                         HEIGHT="183"
                         WIDTH="2238"
                         VPOS="2944"
                         HPOS="1017">
                  <String ID="string_region_1643963933172_2046l29"
                          HEIGHT="183"
                          WIDTH="2238"
                          VPOS="2944"
                          HPOS="1017"
                          CONTENT="die e man queren van de 5 groet loot 4 drijsegels, dogh maet"/>
               </TextLine>
               <TextLine ID="region_1643963933172_2046l30"
                         BASELINE="1090,3180 1197,3178 1305,3176 1413,3176 1521,3174 1629,3174 1736,3174 1844,3174 1952,3172 2060,3172 2168,3172 2275,3170 2383,3168 2491,3166 2599,3163 2707,3160 2814,3156 2922,3150 3030,3143 3138,3136 3246,3126"
                         HEIGHT="186"
                         WIDTH="2189"
                         VPOS="3031"
                         HPOS="1073">
                  <String ID="string_region_1643963933172_2046l30"
                          HEIGHT="186"
                          WIDTH="2189"
                          VPOS="3031"
                          HPOS="1073"
                          CONTENT="met letten datse alle seer wit in den gront sijn, stant sal die"/>
               </TextLine>
               <TextLine ID="region_1643963933172_2046l31"
                         BASELINE="1090,3284 1195,3282 1300,3280 1406,3278 1511,3276 1617,3274 1722,3274 1827,3272 1933,3270 2038,3270 2144,3268 2249,3266 2354,3265 2460,3264 2565,3262 2671,3260 2776,3258 2881,3256 2987,3254 3092,3250 3198,3248"
                         HEIGHT="136"
                         WIDTH="2139"
                         VPOS="3171"
                         HPOS="1074">
                  <String ID="string_region_1643963933172_2046l31"
                          HEIGHT="136"
                          WIDTH="2139"
                          VPOS="3171"
                          HPOS="1074"
                          CONTENT="hur gisiteren &amp; niet wel bevinde voor u rek. laten seggen"/>
               </TextLine>
               <TextLine ID="region_1643963933172_2046l32"
                         BASELINE="1058,3402 1166,3396 1275,3388 1383,3384 1492,3378 1600,3374 1709,3370 1817,3368 1926,3366 2034,3363 2143,3361 2251,3360 2360,3358 2468,3358 2577,3356 2685,3354 2794,3354 2902,3352 3011,3350 3119,3348 3228,3346"
                         HEIGHT="164"
                         WIDTH="2202"
                         VPOS="3259"
                         HPOS="1042">
                  <String ID="string_region_1643963933172_2046l32"
                          HEIGHT="164"
                          WIDTH="2202"
                          VPOS="3259"
                          HPOS="1042"
                          CONTENT="&amp; oock can u die  minder in prys stellen sonder mij"/>
               </TextLine>
               <TextLine ID="region_1643963933172_2046l33"
                         BASELINE="1070,3502 1179,3500 1289,3498 1399,3496 1508,3494 1618,3492 1728,3491 1837,3488 1947,3486 2057,3484 2167,3481 2276,3478 2386,3476 2496,3474 2605,3472 2715,3470 2825,3466 2934,3464 3044,3462 3154,3460 3264,3458"
                         HEIGHT="192"
                         WIDTH="2227"
                         VPOS="3374"
                         HPOS="1053">
                  <String ID="string_region_1643963933172_2046l33"
                          HEIGHT="192"
                          WIDTH="2227"
                          VPOS="3374"
                          HPOS="1053"
                          CONTENT="aengenaen sijn, geloove eghter, dat u een st van mij meerder"/>
               </TextLine>
               <TextLine ID="region_1643963933172_2046l34"
                         BASELINE="1070,3622 1178,3620 1287,3616 1396,3612 1505,3610 1614,3606 1723,3603 1832,3600 1941,3596 2050,3594 2159,3590 2267,3588 2376,3586 2485,3582 2594,3580 2703,3577 2812,3574 2921,3572 3030,3570 3139,3568 3248,3566"
                         HEIGHT="171"
                         WIDTH="2211"
                         VPOS="3488"
                         HPOS="1053">
                  <String ID="string_region_1643963933172_2046l34"
                          HEIGHT="171"
                          WIDTH="2211"
                          VPOS="3488"
                          HPOS="1053"
                          CONTENT="sont begeiren, als vun andre, derhulve betraume mij op"/>
               </TextLine>
               <TextLine ID="region_1643963933172_2046l35"
                         BASELINE="1070,3714 1177,3712 1285,3708 1392,3706 1500,3703 1608,3700 1715,3698 1823,3696 1930,3692 2038,3690 2146,3688 2253,3686 2361,3684 2468,3682 2576,3682 2684,3680 2791,3678 2899,3678 3006,3676 3114,3676 3222,3676"
                         HEIGHT="156"
                         WIDTH="2184"
                         VPOS="3584"
                         HPOS="1053">
                  <String ID="string_region_1643963933172_2046l35"
                          HEIGHT="156"
                          WIDTH="2184"
                          VPOS="3584"
                          HPOS="1053"
                          CONTENT="ue hebbe met eerder connen antweorden om de groet"/>
               </TextLine>
               <TextLine ID="region_1643963933172_2046l36"
                         BASELINE="1086,3828 1179,3824 1272,3822 1366,3819 1459,3816 1553,3816 1646,3814 1739,3812 1833,3810 1926,3810 2020,3808 2113,3806 2206,3805 2300,3803 2393,3800 2487,3798 2580,3796 2673,3792 2767,3788 2860,3784 2954,3778"
                         HEIGHT="190"
                         WIDTH="1900"
                         VPOS="3696"
                         HPOS="1070">
                  <String ID="string_region_1643963933172_2046l36"
                          HEIGHT="190"
                          WIDTH="1900"
                          VPOS="3696"
                          HPOS="1070"
                          CONTENT="accupatie die gehat hebbe a graete u van heeten "/>
               </TextLine>
            </TextBlock>
            <TextBlock ID="region_1643963936924_2049"
                       HEIGHT="4305"
                       WIDTH="2570"
                       VPOS="151"
                       HPOS="3429">
               <Shape>
                  <Polygon POINTS="3429,151 5999,151 5999,4456 3429,4456"/>
               </Shape>
               <TextLine ID="region_1643963936924_2049l1"
                         BASELINE="5896,260 5922,260 5949,260 5976,260"
                         HEIGHT="74"
                         WIDTH="111"
                         VPOS="215"
                         HPOS="5882">
                  <String ID="string_region_1643963936924_2049l1"
                          HEIGHT="74"
                          WIDTH="111"
                          VPOS="215"
                          HPOS="5882"
                          CONTENT="ƒ48"/>
               </TextLine>
               <TextLine ID="region_1643963936924_2049l2"
                         BASELINE="5314,336 5344,333 5374,331 5404,328 5435,326 5465,324 5495,323 5526,321 5556,320 5586,320 5617,318 5647,318 5677,316 5707,316 5738,316 5768,315 5798,314 5829,312 5859,311 5889,310 5920,308"
                         HEIGHT="159"
                         WIDTH="640"
                         VPOS="226"
                         HPOS="5296">
                  <String ID="string_region_1643963936924_2049l2"
                          HEIGHT="159"
                          WIDTH="640"
                          VPOS="226"
                          HPOS="5296"
                          CONTENT="Adij 19 mey 1714"/>
               </TextLine>
               <TextLine ID="region_1643963936924_2049l3"
                         BASELINE="3488,356 3539,350 3590,344 3641,340 3692,336 3744,334 3795,332 3846,330 3897,328 3948,328 4000,328 4051,328 4102,328 4153,328 4204,328 4256,328 4307,328 4358,326 4409,326 4460,325 4512,324"
                         HEIGHT="184"
                         WIDTH="1057"
                         VPOS="214"
                         HPOS="3470">
                  <String ID="string_region_1643963936924_2049l3"
                          HEIGHT="184"
                          WIDTH="1057"
                          VPOS="214"
                          HPOS="3470"
                          CONTENT="Gendt Jan B de Sadebaere"/>
               </TextLine>
               <TextLine ID="region_1643963936924_2049l4"
                         BASELINE="3576,440 3695,432 3814,427 3933,424 4052,422 4171,420 4290,420 4409,420 4528,422 4647,423 4766,424 4885,426 5004,429 5123,430 5242,432 5361,434 5480,434 5599,434 5718,432 5837,430 5956,426"
                         HEIGHT="143"
                         WIDTH="2412"
                         VPOS="358"
                         HPOS="3561">
                  <String ID="string_region_1643963936924_2049l4"
                          HEIGHT="143"
                          WIDTH="2412"
                          VPOS="358"
                          HPOS="3561"
                          CONTENT="ue seer aengename Jan 27 pass op sijn tijdt wel ontfanghen &amp; het pos kie"/>
               </TextLine>
               <TextLine ID="region_1643963936924_2049l5"
                         BASELINE="3574,530 3694,526 3814,522 3934,520 4055,518 4175,516 4295,516 4416,516 4536,518 4656,518 4777,520 4897,520 5017,522 5137,524 5258,524 5378,526 5498,526 5619,526 5739,526 5859,524 5980,522"
                         HEIGHT="163"
                         WIDTH="2437"
                         VPOS="407"
                         HPOS="3558">
                  <String ID="string_region_1643963936924_2049l5"
                          HEIGHT="163"
                          WIDTH="2437"
                          VPOS="407"
                          HPOS="3558"
                          CONTENT="met de 22 ps drogett. is mij oock wel geworden eu is ten danck door mij e"/>
               </TextLine>
               <TextLine ID="region_1643963936924_2049l6"
                         BASELINE="3570,630 3688,626 3806,623 3924,620 4042,618 4160,616 4278,616 4396,614 4514,614 4632,614 4750,616 4868,616 4986,616 5104,618 5222,618 5340,620 5458,620 5576,622 5694,622 5812,622 5930,622"
                         HEIGHT="157"
                         WIDTH="2393"
                         VPOS="522"
                         HPOS="3553">
                  <String ID="string_region_1643963936924_2049l6"
                          HEIGHT="157"
                          WIDTH="2393"
                          VPOS="522"
                          HPOS="3553"
                          CONTENT="broeder Jan michiel gecrediteert voor £:7:4 en voor oncosten, op selve"/>
               </TextLine>
               <TextLine ID="region_1643963936924_2049l7"
                         BASELINE="3572,726 3689,723 3806,720 3923,718 4040,718 4158,716 4275,716 4392,716 4509,716 4626,718 4744,718 4861,718 4978,718 5095,718 5212,718 5330,718 5447,717 5564,716 5681,714 5798,710 5916,708"
                         HEIGHT="143"
                         WIDTH="2375"
                         VPOS="640"
                         HPOS="3555">
                  <String ID="string_region_1643963936924_2049l7"
                          HEIGHT="143"
                          WIDTH="2375"
                          VPOS="640"
                          HPOS="3555"
                          CONTENT="in wisselgelde heden becomen advies van gelsis van Coppenolle van "/>
               </TextLine>
               <TextLine ID="region_1643963936924_2049l8"
                         BASELINE="3570,830 3683,830 3796,830 3910,830 4023,832 4137,832 4250,832 4363,832 4477,830 4590,830 4704,830 4817,830 4930,828 5044,828 5157,826 5271,824 5384,822 5497,820 5611,818 5724,815 5838,812"
                         HEIGHT="126"
                         WIDTH="2298"
                         VPOS="728"
                         HPOS="3556">
                  <String ID="string_region_1643963936924_2049l8"
                          HEIGHT="126"
                          WIDTH="2298"
                          VPOS="728"
                          HPOS="3556"
                          CONTENT="brugge dat hij noch een packie met 30 gus 8 ie toe gesonden heef"/>
               </TextLine>
               <TextLine ID="region_1643963936924_2049l9"
                         BASELINE="3532,918 3651,921 3770,924 3890,927 4009,929 4129,930 4248,932 4367,932 4487,932 4606,932 4726,930 4845,930 4964,927 5084,924 5203,922 5323,918 5442,916 5561,911 5681,906 5800,901 5920,896"
                         HEIGHT="149"
                         WIDTH="2421"
                         VPOS="817"
                         HPOS="3515">
                  <String ID="string_region_1643963936924_2049l9"
                          HEIGHT="149"
                          WIDTH="2421"
                          VPOS="817"
                          HPOS="3515"
                          CONTENT="dat verhope a wel sal sijn geworden versoeele vrindelijck van"/>
               </TextLine>
               <TextLine ID="region_1643963936924_2049l10"
                         BASELINE="3566,1012 3682,1012 3799,1012 3916,1012 4033,1012 4150,1012 4266,1012 4383,1012 4500,1012 4617,1012 4734,1012 4850,1012 4967,1010 5084,1010 5201,1008 5318,1005 5434,1002 5551,998 5668,994 5785,988 5902,982"
                         HEIGHT="186"
                         WIDTH="2369"
                         VPOS="895"
                         HPOS="3550">
                  <String ID="string_region_1643963936924_2049l10"
                          HEIGHT="186"
                          WIDTH="2369"
                          VPOS="895"
                          HPOS="3550"
                          CONTENT="opt t' alderspoedightte mij ditte packie p waegens toe te senden sult mij"/>
               </TextLine>
               <TextLine ID="region_1643963936924_2049l11"
                         BASELINE="3554,1102 3674,1102 3794,1102 3914,1102 4034,1102 4154,1104 4274,1104 4394,1105 4514,1106 4634,1106 4754,1106 4874,1106 4994,1106 5114,1104 5234,1102 5354,1100 5474,1096 5594,1091 5714,1085 5834,1078 5954,1070"
                         HEIGHT="176"
                         WIDTH="2434"
                         VPOS="989"
                         HPOS="3537">
                  <String ID="string_region_1643963936924_2049l11"
                          HEIGHT="176"
                          WIDTH="2434"
                          VPOS="989"
                          HPOS="3537"
                          CONTENT="ten hooghtten Remplichten soude wel wenschen&amp; dat het den tweeder"/>
               </TextLine>
               <TextLine ID="region_1643963936924_2049l12"
                         BASELINE="3550,1204 3666,1203 3782,1202 3898,1200 4014,1200 4130,1200 4246,1200 4362,1200 4478,1200 4594,1200 4710,1200 4826,1200 4942,1200 5058,1198 5174,1198 5290,1196 5406,1193 5522,1190 5638,1186 5754,1181 5870,1174"
                         HEIGHT="158"
                         WIDTH="2351"
                         VPOS="1094"
                         HPOS="3534">
                  <String ID="string_region_1643963936924_2049l12"
                          HEIGHT="158"
                          WIDTH="2351"
                          VPOS="1094"
                          HPOS="3534"
                          CONTENT="senten dagh hier wel ingeslote sende aen ul mijner. tolbrief, die "/>
               </TextLine>
               <TextLine ID="region_1643963936924_2049l13"
                         BASELINE="3558,1302 3677,1302 3797,1300 3917,1300 4037,1300 4157,1300 4276,1300 4396,1300 4516,1300 4636,1300 4756,1300 4875,1300 4995,1298 5115,1298 5235,1296 5355,1294 5474,1291 5594,1288 5714,1283 5834,1279 5954,1274"
                         HEIGHT="144"
                         WIDTH="2428"
                         VPOS="1196"
                         HPOS="3542">
                  <String ID="string_region_1643963936924_2049l13"
                          HEIGHT="144"
                          WIDTH="2428"
                          VPOS="1196"
                          HPOS="3542"
                          CONTENT="schipper Ignatius carpels bij ul sal comen afhaeken versoecke den"/>
               </TextLine>
               <TextLine ID="region_1643963936924_2049l14"
                         BASELINE="3546,1408 3663,1406 3780,1404 3897,1402 4014,1402 4131,1400 4248,1400 4365,1402 4482,1402 4599,1402 4716,1402 4833,1402 4950,1402 5067,1402 5184,1400 5301,1400 5418,1397 5535,1394 5652,1390 5769,1384 5886,1378"
                         HEIGHT="134"
                         WIDTH="2372"
                         VPOS="1297"
                         HPOS="3529">
                  <String ID="string_region_1643963936924_2049l14"
                          HEIGHT="134"
                          WIDTH="2372"
                          VPOS="1297"
                          HPOS="3529"
                          CONTENT="selve geleve te behandighen qwaer in ie reciproquelijck can dientt"/>
               </TextLine>
               <TextLine ID="region_1643963936924_2049l15"
                         BASELINE="3554,1512 3675,1509 3796,1506 3917,1504 4038,1504 4159,1502 4280,1502 4401,1502 4522,1502 4643,1502 4764,1502 4885,1502 5006,1502 5127,1502 5248,1502 5369,1500 5490,1498 5611,1494 5732,1492 5853,1486 5974,1480"
                         HEIGHT="138"
                         WIDTH="2449"
                         VPOS="1432"
                         HPOS="3539">
                  <String ID="string_region_1643963936924_2049l15"
                          HEIGHT="138"
                          WIDTH="2449"
                          VPOS="1432"
                          HPOS="3539"
                          CONTENT="doene gelieve te commanderen de blijve naer u gewenst te hebben"/>
               </TextLine>
               <TextLine ID="region_1643963936924_2049l16"
                         BASELINE="3574,1614 3641,1612 3709,1610 3776,1610 3844,1608 3912,1606 3979,1604 4047,1604 4114,1602 4182,1600 4250,1600 4317,1598 4385,1597 4452,1596 4520,1594 4587,1593 4655,1592 4723,1590 4790,1588 4858,1587 4926,1586"
                         HEIGHT="164"
                         WIDTH="1385"
                         VPOS="1506"
                         HPOS="3558">
                  <String ID="string_region_1643963936924_2049l16"
                          HEIGHT="164"
                          WIDTH="1385"
                          VPOS="1506"
                          HPOS="3558"
                          CONTENT="een salighs hooghtijdt van pinsisteren"/>
               </TextLine>
               <TextLine ID="region_1643963936924_2049l17"
                         BASELINE="5688,1692 5724,1692 5756,1682"
                         HEIGHT="188"
                         WIDTH="121"
                         VPOS="1566"
                         HPOS="5661">
                  <String ID="string_region_1643963936924_2049l17"
                          HEIGHT="188"
                          WIDTH="121"
                          VPOS="1566"
                          HPOS="5661"
                          CONTENT="£"/>
               </TextLine>
               <TextLine ID="region_1643963936924_2049l18"
                         BASELINE="3512,1792 3571,1790 3631,1788 3691,1786 3750,1784 3810,1782 3870,1780 3929,1778 3989,1776 4049,1775 4109,1774 4168,1772 4228,1770 4288,1768 4347,1768 4407,1766 4467,1766 4526,1764 4586,1764 4646,1764 4706,1764"
                         HEIGHT="181"
                         WIDTH="1228"
                         VPOS="1652"
                         HPOS="3494">
                  <String ID="string_region_1643963936924_2049l18"
                          HEIGHT="181"
                          WIDTH="1228"
                          VPOS="1652"
                          HPOS="3494"
                          CONTENT="Brugge Gillis Van Coppenolle"/>
               </TextLine>
               <TextLine ID="region_1643963936924_2049l19"
                         BASELINE="5322,1780 5352,1783 5382,1784 5413,1786 5443,1786 5474,1786 5504,1788 5534,1788 5565,1788 5595,1788 5626,1788 5656,1787 5686,1786 5717,1786 5747,1786 5778,1786 5808,1787 5838,1788 5869,1789 5899,1790 5930,1792"
                         HEIGHT="203"
                         WIDTH="638"
                         VPOS="1658"
                         HPOS="5307">
                  <String ID="string_region_1643963936924_2049l19"
                          HEIGHT="203"
                          WIDTH="638"
                          VPOS="1658"
                          HPOS="5307"
                          CONTENT="Adij 22 mey 1714"/>
               </TextLine>
               <TextLine ID="region_1643963936924_2049l20"
                         BASELINE="3560,1904 3676,1902 3792,1900 3908,1898 4025,1898 4141,1898 4257,1898 4374,1898 4490,1898 4606,1898 4723,1898 4839,1900 4955,1900 5071,1902 5188,1902 5304,1904 5420,1904 5537,1906 5653,1908 5769,1908 5886,1910"
                         HEIGHT="163"
                         WIDTH="2356"
                         VPOS="1797"
                         HPOS="3546">
                  <String ID="string_region_1643963936924_2049l20"
                          HEIGHT="163"
                          WIDTH="2356"
                          VPOS="1797"
                          HPOS="3546"
                          CONTENT="ue aengename van 18 desen, wel ontfanghen, gittren become advies Jans"/>
               </TextLine>
               <TextLine ID="region_1643963936924_2049l21"
                         BASELINE="3540,1998 3656,1998 3773,1996 3889,1996 4006,1996 4122,1996 4239,1996 4355,1996 4472,1998 4588,1998 4705,2000 4821,2000 4938,2002 5054,2004 5171,2004 5287,2006 5404,2008 5520,2010 5637,2010 5753,2012 5870,2012"
                         HEIGHT="135"
                         WIDTH="2360"
                         VPOS="1913"
                         HPOS="3525">
                  <String ID="string_region_1643963936924_2049l21"
                          HEIGHT="135"
                          WIDTH="2360"
                          VPOS="1913"
                          HPOS="3525"
                          CONTENT="Dhier Jan B de sadelaere dat hij het pack met drogetten, wel becomen"/>
               </TextLine>
               <TextLine ID="region_1643963936924_2049l22"
                         BASELINE="3554,2100 3674,2097 3794,2095 3915,2094 4035,2092 4156,2092 4276,2092 4396,2092 4517,2092 4637,2092 4758,2092 4878,2094 4998,2094 5119,2094 5239,2096 5360,2096 5480,2096 5600,2096 5721,2096 5841,2096 5962,2094"
                         HEIGHT="118"
                         WIDTH="2440"
                         VPOS="2016"
                         HPOS="3539">
                  <String ID="string_region_1643963936924_2049l22"
                          HEIGHT="118"
                          WIDTH="2440"
                          VPOS="2016"
                          HPOS="3539"
                          CONTENT="hadde dogh, dat het soo serickelijck sleght geconditioneert was &amp; de goedren,"/>
               </TextLine>
               <TextLine ID="region_1643963936924_2049l23"
                         BASELINE="3564,2206 3684,2202 3805,2200 3925,2198 4046,2198 4167,2196 4287,2196 4408,2194 4528,2194 4649,2194 4770,2194 4890,2196 5011,2196 5131,2196 5252,2198 5373,2198 5493,2200 5614,2202 5734,2202 5855,2204 5976,2206"
                         HEIGHT="138"
                         WIDTH="2446"
                         VPOS="2103"
                         HPOS="3547">
                  <String ID="string_region_1643963936924_2049l23"
                          HEIGHT="138"
                          WIDTH="2446"
                          VPOS="2103"
                          HPOS="3547"
                          CONTENT="soo danigh gesteldt dat het eenen diuck was om sen hebbe ditto pack"/>
               </TextLine>
               <TextLine ID="region_1643963936924_2049l24"
                         BASELINE="3560,2308 3680,2304 3800,2300 3921,2298 4041,2296 4162,2294 4282,2294 4402,2292 4523,2292 4643,2292 4764,2292 4884,2292 5004,2292 5125,2292 5245,2292 5366,2292 5486,2292 5606,2290 5727,2290 5847,2288 5968,2286"
                         HEIGHT="139"
                         WIDTH="2439"
                         VPOS="2232"
                         HPOS="3544">
                  <String ID="string_region_1643963936924_2049l24"
                          HEIGHT="139"
                          WIDTH="2439"
                          VPOS="2232"
                          HPOS="3544"
                          CONTENT="in die getteltenisse ontfanghen men seght ewinge soo veele packen heeft"/>
               </TextLine>
               <TextLine ID="region_1643963936924_2049l25"
                         BASELINE="3554,2418 3674,2414 3795,2412 3915,2408 4036,2406 4156,2404 4277,2402 4397,2400 4518,2398 4638,2398 4759,2396 4879,2396 5000,2396 5120,2396 5241,2394 5361,2394 5482,2394 5602,2392 5723,2392 5843,2390 5964,2388"
                         HEIGHT="169"
                         WIDTH="2443"
                         VPOS="2312"
                         HPOS="3537">
                  <String ID="string_region_1643963936924_2049l25"
                          HEIGHT="169"
                          WIDTH="2443"
                          VPOS="2312"
                          HPOS="3537"
                          CONTENT="gehet ne ick can met weeten wie daer de schult in heeft is ewengh daer"/>
               </TextLine>
               <TextLine ID="region_1643963936924_2049l26"
                         BASELINE="3546,2516 3667,2513 3788,2510 3909,2507 4030,2504 4151,2502 4272,2502 4393,2500 4514,2500 4635,2498 4757,2498 4878,2496 4999,2496 5120,2496 5241,2494 5362,2492 5483,2491 5604,2490 5725,2486 5846,2484 5968,2480"
                         HEIGHT="190"
                         WIDTH="2455"
                         VPOS="2397"
                         HPOS="3530">
                  <String ID="string_region_1643963936924_2049l26"
                          HEIGHT="190"
                          WIDTH="2455"
                          VPOS="2397"
                          HPOS="3530"
                          CONTENT="plichtigh in soo sult voor eerst geen vraght betaelen &amp; hem de schaede"/>
               </TextLine>
               <TextLine ID="region_1643963936924_2049l27"
                         BASELINE="3550,2614 3666,2610 3783,2605 3900,2602 4017,2600 4134,2598 4251,2596 4368,2596 4485,2596 4602,2596 4719,2596 4835,2596 4952,2596 5069,2596 5186,2596 5303,2596 5420,2594 5537,2592 5654,2589 5771,2585 5888,2580"
                         HEIGHT="163"
                         WIDTH="2369"
                         VPOS="2508"
                         HPOS="3534">
                  <String ID="string_region_1643963936924_2049l27"
                          HEIGHT="163"
                          WIDTH="2369"
                          VPOS="2508"
                          HPOS="3534"
                          CONTENT="doen vergoeden sijnde de comisen, soo sult mijn querant soecken 't sij"/>
               </TextLine>
               <TextLine ID="region_1643963936924_2049l28"
                         BASELINE="3560,2718 3679,2713 3798,2708 3917,2705 4036,2702 4155,2701 4274,2700 4393,2700 4512,2700 4631,2700 4751,2700 4870,2702 4989,2702 5108,2702 5227,2702 5346,2700 5465,2698 5584,2696 5703,2692 5822,2688 5942,2682"
                         HEIGHT="134"
                         WIDTH="2412"
                         VPOS="2586"
                         HPOS="3546">
                  <String ID="string_region_1643963936924_2049l28"
                          HEIGHT="134"
                          WIDTH="2412"
                          VPOS="2586"
                          HPOS="3546"
                          CONTENT="bij deen oft d'andre bovendien ben wel berwondert dat ue soo goede"/>
               </TextLine>
               <TextLine ID="region_1643963936924_2049l29"
                         BASELINE="3542,2818 3662,2814 3782,2810 3902,2806 4022,2804 4142,2802 4262,2800 4382,2800 4502,2798 4622,2798 4742,2797 4862,2796 4982,2796 5102,2794 5222,2794 5342,2792 5462,2791 5582,2788 5702,2786 5822,2784 5942,2780"
                         HEIGHT="146"
                         WIDTH="2435"
                         VPOS="2695"
                         HPOS="3524">
                  <String ID="string_region_1643963936924_2049l29"
                          HEIGHT="146"
                          WIDTH="2435"
                          VPOS="2695"
                          HPOS="3524"
                          CONTENT="sorghe voor mijn goet draeght hadde u dat gesich soo hat het pack"/>
               </TextLine>
               <TextLine ID="region_1643963936924_2049l30"
                         BASELINE="3554,2922 3675,2919 3797,2916 3919,2914 4041,2912 4163,2910 4284,2910 4406,2908 4528,2908 4650,2906 4772,2906 4893,2904 5015,2904 5137,2902 5259,2900 5381,2899 5502,2897 5624,2895 5746,2892 5868,2890 5990,2886"
                         HEIGHT="181"
                         WIDTH="2468"
                         VPOS="2783"
                         HPOS="3538">
                  <String ID="string_region_1643963936924_2049l30"
                          HEIGHT="181"
                          WIDTH="2468"
                          VPOS="2783"
                          HPOS="3538"
                          CONTENT="&amp; cottij uel eens moghen doen enpacken dat goet, ie geen alf geldt teert"/>
               </TextLine>
               <TextLine ID="region_1643963936924_2049l31"
                         BASELINE="3554,3028 3675,3025 3796,3022 3917,3020 4038,3018 4159,3016 4280,3015 4401,3014 4522,3014 4643,3012 4764,3012 4885,3010 5006,3010 5127,3008 5248,3008 5369,3006 5490,3004 5611,3001 5732,2998 5853,2994 5974,2990"
                         HEIGHT="131"
                         WIDTH="2452"
                         VPOS="2932"
                         HPOS="3537">
                  <String ID="string_region_1643963936924_2049l31"
                          HEIGHT="131"
                          WIDTH="2452"
                          VPOS="2932"
                          HPOS="3537"
                          CONTENT="derhalve segge noch mael mijn quarant see reckeno &amp; de schade te doens"/>
               </TextLine>
               <TextLine ID="region_1643963936924_2049l32"
                         BASELINE="3550,3118 3666,3120 3783,3120 3900,3120 4017,3118 4134,3118 4250,3117 4367,3116 4484,3114 4601,3112 4718,3110 4834,3108 4951,3106 5068,3104 5185,3101 5302,3098 5418,3096 5535,3094 5652,3090 5769,3088 5886,3086"
                         HEIGHT="166"
                         WIDTH="2367"
                         VPOS="3000"
                         HPOS="3534">
                  <String ID="string_region_1643963936924_2049l32"
                          HEIGHT="166"
                          WIDTH="2367"
                          VPOS="3000"
                          HPOS="3534"
                          CONTENT="vergoeden mijn opinie is dat de comise de grootste schult sullen"/>
               </TextLine>
               <TextLine ID="region_1643963936924_2049l33"
                         BASELINE="3546,3238 3665,3236 3784,3236 3904,3234 4023,3232 4143,3230 4262,3228 4381,3226 4501,3224 4620,3222 4740,3220 4859,3218 4978,3216 5098,3214 5217,3212 5337,3210 5456,3208 5575,3204 5695,3202 5814,3200 5934,3198"
                         HEIGHT="150"
                         WIDTH="2420"
                         VPOS="3099"
                         HPOS="3531">
                  <String ID="string_region_1643963936924_2049l33"
                          HEIGHT="150"
                          WIDTH="2420"
                          VPOS="3099"
                          HPOS="3531"
                          CONTENT="hebben tot u governo noyt oft selden shet, oft hebbe eenighe packene"/>
               </TextLine>
               <TextLine ID="region_1643963936924_2049l34"
                         BASELINE="3554,3338 3671,3341 3789,3342 3907,3344 4025,3343 4143,3342 4261,3340 4379,3338 4497,3336 4615,3334 4733,3332 4850,3328 4968,3326 5086,3324 5204,3322 5322,3322 5440,3322 5558,3324 5676,3326 5794,3328 5912,3332"
                         HEIGHT="176"
                         WIDTH="2391"
                         VPOS="3201"
                         HPOS="3537">
                  <String ID="string_region_1643963936924_2049l34"
                          HEIGHT="176"
                          WIDTH="2391"
                          VPOS="3201"
                          HPOS="3537"
                          CONTENT="en quade getteltenisse, &amp; hebbe u attijdt gerecommandeert van als de"/>
               </TextLine>
               <TextLine ID="region_1643963936924_2049l35"
                         BASELINE="3540,3450 3662,3452 3784,3454 3906,3454 4029,3454 4151,3454 4273,3454 4396,3452 4518,3451 4640,3450 4763,3448 4885,3448 5007,3446 5129,3446 5252,3446 5374,3444 5496,3446 5619,3446 5741,3448 5863,3450 5986,3454"
                         HEIGHT="209"
                         WIDTH="2477"
                         VPOS="3320"
                         HPOS="3524">
                  <String ID="string_region_1643963936924_2049l35"
                          HEIGHT="209"
                          WIDTH="2477"
                          VPOS="3320"
                          HPOS="3524"
                          CONTENT="comsen de packen spenen de selve weder net toe te mayen dat u noyt"/>
               </TextLine>
               <TextLine ID="region_1643963936924_2049l36"
                         BASELINE="3534,3562 3656,3562 3779,3560 3901,3560 4024,3558 4146,3558 4269,3557 4391,3556 4514,3556 4636,3554 4759,3554 4881,3554 5004,3552 5126,3552 5249,3551 5371,3550 5494,3549 5616,3548 5739,3546 5861,3544 5984,3544"
                         HEIGHT="191"
                         WIDTH="2480"
                         VPOS="3445"
                         HPOS="3520">
                  <String ID="string_region_1643963936924_2049l36"
                          HEIGHT="191"
                          WIDTH="2480"
                          VPOS="3445"
                          HPOS="3520"
                          CONTENT="gedaen heeft, soo can wel afmeeten dat u wijnigh, oft niet naer de goedren"/>
               </TextLine>
               <TextLine ID="region_1643963936924_2049l37"
                         BASELINE="3546,3666 3667,3666 3789,3666 3910,3666 4032,3666 4153,3666 4275,3665 4396,3664 4518,3662 4639,3662 4761,3660 4882,3658 5004,3656 5125,3654 5247,3654 5368,3652 5490,3650 5611,3648 5733,3646 5854,3645 5976,3644"
                         HEIGHT="158"
                         WIDTH="2462"
                         VPOS="3559"
                         HPOS="3529">
                  <String ID="string_region_1643963936924_2049l37"
                          HEIGHT="158"
                          WIDTH="2462"
                          VPOS="3559"
                          HPOS="3529"
                          CONTENT="om sut verschere u, dat soodanighe conduitens niet aengenaem sijn, soo"/>
               </TextLine>
               <TextLine ID="region_1643963936924_2049l38"
                         BASELINE="3538,3780 3659,3778 3780,3778 3901,3778 4022,3776 4143,3776 4264,3776 4385,3776 4506,3776 4627,3774 4748,3774 4869,3774 4990,3773 5111,3772 5232,3772 5353,3770 5474,3768 5595,3767 5716,3764 5837,3762 5958,3760"
                         HEIGHT="153"
                         WIDTH="2452"
                         VPOS="3693"
                         HPOS="3523">
                  <String ID="string_region_1643963936924_2049l38"
                          HEIGHT="153"
                          WIDTH="2452"
                          VPOS="3693"
                          HPOS="3523"
                          CONTENT="gij lieden, daer niet in voorset soo sullen wij masen dat niet veeele"/>
               </TextLine>
               <TextLine ID="region_1643963936924_2049l39"
                         BASELINE="3546,3900 3660,3896 3774,3894 3888,3892 4002,3890 4116,3889 4230,3888 4344,3888 4458,3886 4572,3886 4686,3886 4800,3886 4914,3886 5028,3886 5142,3886 5256,3886 5370,3886 5484,3884 5598,3883 5712,3882 5826,3880"
                         HEIGHT="175"
                         WIDTH="2311"
                         VPOS="3768"
                         HPOS="3531">
                  <String ID="string_region_1643963936924_2049l39"
                          HEIGHT="175"
                          WIDTH="2311"
                          VPOS="3768"
                          HPOS="3531"
                          CONTENT="Jan ense goedren lanckst ostende sullen comen u groetende blijve"/>
               </TextLine>
               <TextLine ID="region_1643963936924_2049l40"
                         BASELINE="3578,3970 3658,3970 3739,3970 3819,3970 3900,3970 3980,3970 4061,3970 4141,3970 4222,3970 4302,3970 4383,3970 4463,3970 4544,3970 4624,3970 4705,3968 4785,3968 4866,3968 4946,3970 5027,3970 5107,3970 5188,3970"
                         HEIGHT="142"
                         WIDTH="1643"
                         VPOS="3898"
                         HPOS="3561">
                  <String ID="string_region_1643963936924_2049l40"
                          HEIGHT="142"
                          WIDTH="1643"
                          VPOS="3898"
                          HPOS="3561"
                          CONTENT="laet mij cito weeten, wat u hier otrent vernemt"/>
               </TextLine>
               <TextLine ID="region_1643963936924_2049l41"
                         BASELINE="3526,4074 3649,4074 3772,4076 3895,4076 4018,4078 4141,4078 4264,4080 4387,4082 4510,4082 4633,4084 4756,4084 4879,4084 5002,4086 5125,4086 5248,4085 5371,4084 5494,4083 5617,4081 5740,4078 5863,4076 5986,4072"
                         HEIGHT="127"
                         WIDTH="2489"
                         VPOS="3976"
                         HPOS="3511">
                  <String ID="string_region_1643963936924_2049l41"
                          HEIGHT="127"
                          WIDTH="2489"
                          VPOS="3976"
                          HPOS="3511"
                          CONTENT="N nu ent visiteren besende dat de comisen aen elle de ps staeken afgesceuit"/>
               </TextLine>
               <TextLine ID="region_1643963936924_2049l42"
                         BASELINE="3556,4184 3673,4189 3791,4193 3909,4196 4027,4200 4145,4202 4263,4204 4381,4206 4499,4206 4617,4206 4735,4206 4852,4206 4970,4204 5088,4203 5206,4202 5324,4200 5442,4198 5560,4195 5678,4192 5796,4190 5914,4186"
                         HEIGHT="148"
                         WIDTH="2390"
                         VPOS="4088"
                         HPOS="3540">
                  <String ID="string_region_1643963936924_2049l42"
                          HEIGHT="148"
                          WIDTH="2390"
                          VPOS="4088"
                          HPOS="3540"
                          CONTENT="hebben, om de selve te seglen dat goodesoot is agy rieden tollerent dat"/>
               </TextLine>
               <TextLine ID="region_1643963936924_2049l43"
                         BASELINE="3558,4290 3677,4292 3797,4294 3917,4298 4037,4300 4157,4302 4276,4303 4396,4304 4516,4306 4636,4306 4756,4306 4875,4306 4995,4306 5115,4304 5235,4302 5355,4298 5474,4296 5594,4291 5714,4286 5834,4280 5954,4274"
                         HEIGHT="161"
                         WIDTH="2424"
                         VPOS="4204"
                         HPOS="3544">
                  <String ID="string_region_1643963936924_2049l43"
                          HEIGHT="161"
                          WIDTH="2424"
                          VPOS="4204"
                          HPOS="3544"
                          CONTENT="treeken, sij gelt voor hun ne moyte is niet redelijcke dat men de goedren"/>
               </TextLine>
               <TextLine ID="region_1643963936924_2049l44"
                         BASELINE="3560,4386 3662,4388 3764,4390 3867,4392 3969,4394 4072,4397 4174,4399 4276,4400 4379,4402 4481,4404 4584,4404 4686,4406 4788,4406 4891,4406 4993,4406 5096,4404 5198,4402 5300,4401 5403,4398 5505,4396 5608,4392"
                         HEIGHT="165"
                         WIDTH="2080"
                         VPOS="4301"
                         HPOS="3545">
                  <String ID="string_region_1643963936924_2049l44"
                          HEIGHT="165"
                          WIDTH="2080"
                          VPOS="4301"
                          HPOS="3545"
                          CONTENT="benderft, ick verstaen mijn quarant, oft salt, opee dethaelen"/>
               </TextLine>
            </TextBlock>
         </PrintSpace>
      </Page>
   </Layout>
</alto>
