8392 4630
2725 201 625 155 Adij 151 gber 1724

824 208 1065 176 Brugge gillis Jan Coppenolle

1059 307 2302 161 op 5 deser, was aen ul mijnen laesten met notitie van den in hant

1052 450 2331 146 van de baele 56 gearriveert e schipper bradfort als oock ordre

1055 520 2247 147 Jan de selve ps beurtman adroiture mij toe te senden dat

1057 600 2228 152 met desen confirmere sedert geene van ue: nie hebbee advies

1044 754 2220 149 Jan London Be comen datter voor mij geladen & schipper

1052 828 2265 167 CCornelis martens twee pachies met caltvellen & terwijlen

1046 944 2240 138 die goedren niet lanck aen Boort moghen Blijven leggen

1060 1015 2192 187 soo versoecke op sijn aen comptte de selve te doen sossen

1727 1140 96 68 4

1067 1176 2175 159 sijnde gemarckt M N1:2 & op ontfangh deser te loeten

1049 1239 2255 193 weeten hoe veel die in leghten betaelen als oock wat ul

1055 1367 2273 127 ontrent sijn vertreck vernemen can & in afwaghtinge blijve

1067 1467 1076 187 naer Cordiale groetenisse

2766 1629 280 179 Adij d

926 1600 1427 266 Brussel Pere Reeg as la reste Dor

1076 1758 2198 176 je vous envoye aujourdhuy p la barque marque marchande

1077 1850 2170 198 une ballots marque N.H:X bien cenditione pour suivre l'ordre

998 1936 2302 221 de mons. nicolas hamatt de mons le contenu est de 35 us du

1059 2017 2319 220 sarges il vous plaira faire la declaration & ie vous recommand

1062 2155 1950 215 le soin pour l'en chemine ment vous obligerez qui est

2573 2317 724 209 Adij 17 augber

939 2352 1203 218 p Brugge gillis van Coppenolle

1072 2490 2280 197 e mij seer aengename van gistren wel ontfanghen daer bij verstaen

1071 2575 2248 185 het arrivement van Corneles maitens van Londen die volgens

1075 2687 2238 149 mijn Cognossement de twee baeltens Calfsvellen hier tot ant

1066 2822 2302 172 werpen, moet seiren aie heeft geen vraght aen hem te betaelen

1066 2886 2199 193 terwijlen de selve hier ontfanghen moet, geleve de selve

1083 3007 2226 150 de verclaren voor den in hant der selve als volght te weesen

1327 3106 1908 183 een baetten met 10 dosijn ider doss a 48 & 480 &

2602 3205 604 133 „ 48„ 480„

1351 3219 1030 182 een ditto  met 10 ditto

2007 3295 1380 205 20 doen4 8 960 syn

1083 3417 2206 139 samen weert ƒ700:- twijfele niet oft sullen daeren voren

1083 3568 2113 139 passeren het gewight is reght aem waerde is het verschil van

1097 3627 2230 153 wissel gelde, moeten die minden oft meerder aengegeven, worden

1024 3706 2347 184 doet als voor eijghen een weet wel, hoe veel die p dosijn aengegeven

1075 3809 2300 144 worden wat het baeltien  56 aengaet ben daer bij niet verlegen

1027 3921 2225 195 dogh cende ue het selve met voors martens toe senden

1081 4038 2090 137 soude mij aengenaem sijn sal met verlanghen het

1075 4157 2280 115 arrivement van ewings vernemen van ul. hebbe aen mijn

1054 4233 2331 134 vroeden het arrivement van vonn martens laeten weeten

1076 4350 2107 97 dogh hebbe daer geen ntrert bij groeten van herten gllijve

5877 146 152 152 1d

5271 214 659 162 Adij 19 sber 1714

3439 230 786 178 preston Johne up cott

3559 375 2476 153 op 8 deser, was aen ue mijnen laesten waer aen mij gedraghe, sedert become

3562 464 2466 151 ue aengename van 23 past de punse sarges sijn hier noch niet aengecomen

3573 514 2504 187 soo dat niet weete, hoe veel mijn corespondont voor de vraght heeft

3568 633 2445 142 betaelt het is mj lief om hoeren, dat het in englant stil is, dogh dat gij

3574 780 2451 129 luden dencken wilt, van de beternisse in de negotie, can geensins aenge

3572 854 2467 139 nomen worden altoos op dese quaertieren, want wille wel seggen dat

3557 956 2380 174 alles hier te met gaet, q van jaertot jaer al erger aen de goedren is

3553 1073 2457 142 niet te profiteren, soo datter geen opslagh in comen can eneden

3579 1164 2476 160 soude de sarge negotie moeten staken: in geslote remittere ul  £100:-

3549 1284 2495 121 ten laste charles du bois in londen, waer voren, het noodigh gelieve te

3530 1369 2508 190 Besorghen, eden ontfangh mij t'adviseren & gelieve nto mogelijck de facture

3535 1456 2489 176 astaelen van de geordoneerde drapeen te senden om volgens te regueeren,

6012 1465 91 232 j

3535 1595 2066 145 ain afwaghtinge blijve naer Cordiaele groetenissen

3474 1781 766 159 frertoro Beres Cnemarck

5377 1743 620 199 Adij 19 ditto 1714

3552 1880 2464 172 op 5:12 & 16 desery waeren aen ul mijne laeste, sedert van ue geene referrerende

3569 2004 2433 144 mij aen de selve & verhope met u eerste de facture & staelen & cognosement dan de

3535 2066 2423 174 geordoneerde goederen ingesloten remittere a al noch st £200:- ten laste

3542 2196 2333 135 charles du bois waer vooren, het nodigh gelieve te besorghen &den

3545 2232 2477 204 ontfangh mij t'adviseren, wenste, wel u de gemengelde coffees mede

3540 2382 2470 148 senden costen, die op 12 deser geordoneert hebbe, soo het geschieden kan

3531 2465 2390 174 dit sijnde het nodighe deses, a dat Blijve naer cordiaie groetenisse

3478 2582 1090 200 London Charles Bolangere

5392 2582 542 186 Adij d 1714

3541 2690 2405 183 op 25 pass. was aen ue mijnen laettesegge ul van 27 past. is mij wel

3538 2819 2497 120 geworden daer benevens facture van twee baelen salfs vellen bedragen

3498 2924 2516 184 de ff £73:9:10 en die ue heeft gelaeden int schip van Cornelis martens

3523 3046 2457 176 die godt danck behanden tot ostende is gearriveert. hebbe getracht,

3537 3117 2429 205 om ue het netto import te remitteren, dogh hebbe ditto apoint tot

3530 3240 2490 202 geer prijs connen becomen al hoewel 37:1 en te vergeefts hebbe

3534 3369 2488 188 geboden, sal eghter, alle mogelijcke devoiren doen, om het selve

3549 3465 2461 192 te besorghen, verhope ue het niet qualijck sult nemen a dat het

3527 3599 2479 149 op een dagh oft niet aen comen sal, hebbee partijen afgegeven

3553 3719 2392 142 a 37 p an apant niet connen becomen om datter gane

3539 3844 2455 172 maekers sijn, sal evenwel traghten p naesten ditto opant

3527 3978 2070 199 te remitteren waer op moght verlaeten ablijve
