8193 4685
667 170 829 160 Turhaut Jan B. robet

2409 181 842 156 Adij 28 sber 1725

841 288 2479 105 ue aengenam van 1623 127 deser wel ontfangen met den deestte vermt

828 375 2320 113 ul sier onpasselijck is geweest dat mij leedt wat eghter is mij nu

839 444 2419 139 aegen aen vul: weder erstelt t & wtche in gelentiyrt voor vale saren

835 517 2468 151 ick hebbe mede voor twee maenden in de selve gelt eat enisse gavert

845 644 2432 107 met den tweede hebbe ontfangen de twee balen tijsen gheden met den

805 688 2491 147 laesten de retteronde, dogh noch d'een of dander oversien, twijfele niet

841 786 2436 180 oft ul sal alles wel maer mijn ordre geobserveert hebbe ul kan vant

2489 867 509 169 Adj 28d

851 908 659 156 import d'isponeren

600 996 745 199 Brussel wed: bewemans

841 1045 2459 171 ul seer aengename van gisteren hebbe wel ontf. & den inhoust wel verstaetn

814 1178 2468 109 de coffees larges die ul in april gehoght heeft sijn van de staer niet maes

834 1235 2410 148 vant claverblat met den naemn sa ƒ24:10: sijnde baltard Rvyales 2A god

822 1321 2388 145 die ul alldan gehadt heeft  ƒ23:100. waren mode couleurea blijve

825 1410 2471 174 dogh geen coffees, want nogt coffeel van die star gchadt hebbe, vermits wel

830 1485 2439 192 weete de cosfeet van de staus, niet goedt vallen naer hier prijs & hebbe oock

842 1571 2426 160 maer 23½ a laingde, & die laette 6 stucken die ul gesonden hebbe, sijn

839 1648 2461 191 beeter, & langer als eenige van de star desen fabricatons maeckt geen andere

825 1761 2465 152 goederen van larges, als coffees, & die vant claverblat sonder naeen bijn sijn

803 1822 2364 163 best baltand farget 28 gei& die met den naem is een sorte gelijck

810 1945 1793 154 voyalis, daerom noempl luy die battard royales 22 d

843 1980 2377 207 in geeloten sende ul 5 baettiens van de bette battard royales coffet met

819 2098 2493 160 name, claverblat vagd vn ƒ24:10: gelijck ue gehadt heeft met de partije

835 2162 2448 177 in april lelt te weeten 6orps in een bale  18. die noch gesloten is

788 2272 2402 152 & ea baeltien 13 met 15 ps. sijnde het schoente goedt dat mete met

816 2330 2439 200 hooge sien kang die ul: aenstaen gelieve de selve te notere & ul s ordre

819 2419 2378 172 mij toe te sonden & sal de perpet. volgens als scrijven aen den cant

812 2496 2452 157 houdenn & de beste planghste uijtsoecken, waer op moht verlaeten

801 2585 1678 228 blijve in fwaghtinge deeve vanne comandee

2721 2681 476 195 Adij 29d

715 2750 1036 207 Brussel ftep: rousseau

793 2928 2527 143 le 26e courant fut a vre grace ma derniere, celle pour accompagre

782 2986 2543 214 vre lestre de change de £48:- a 123½ et sur joseph mendiete accepte

803 3108 2455 237 sjl y a d'autre chose a vre service commande librement, qui est

2702 3200 631 203 Adij 31 sber 174

689 3295 813 175 brugge Joos meuleneer

812 3362 2476 215 hebbe noydt d'eere gehadt van ul te scrijven bj faute van henisse de

802 3472 2394 214 mess Berepeneck marck hebben mij geadvissert als dat sij t clijne

814 3584 2499 207 baeltiens sarges, ander  hebben bemstende te weeten  N. 93.94:109

824 3724 2504 189 11e & sanden gaeren hebben, daet die souden willen aen nemen t vermin

821 3898 2438 151 niet weete, wat couleuren die in hebben soo versocke van mij de staelen

801 3988 2505 129 daer van te senden, om vervolgens te connen reguleren n blijve

797 4113 1487 192 met presentatie van mijnen dienste

5883 148 172 131 d

3427 182 963 161 London Shales & suithin

5485 217 574 159 Adij 2 gber 1715

3558 337 2465 132 hebbe als geerde van 14 past. wel ontfanghen daer benevens den wissel

3552 415 2525 161 brief van  £150:- ten laste dward frouwt die aen dheer Robert bandge gein

3552 508 2518 143 dersert gesonden hadde met protest bij faute van acceptatie sende aen ue

3554 612 2505 162 den selven te rugge met an addres by faute van betalinge by jaen charles

3545 716 2522 166 Gous ten huyse van Dheer Jaen furly, twijfele eghter inst, oft dheer edward

3519 837 2496 150 fromme sal den wissel brief accepteren & op sijn tijdt betaelen  gelieve die

3557 947 2492 117 4:3 en van den selven voort protest, mede in te voorderen  aen theer robert

3549 1047 2509 177 lundge advies te geven van den ontfangh deser, als mede aen die is

3437 1165 940 182 Tiwrton Sobert Buridge

5511 1173 494 176 Adij 2d. 1715

3513 1308 2521 138 op 12 ½ 16 pass. waerore aen al mijne laesten met den tweeden ordre vomde 60

3531 1380 2477 178 geordoneerde perpett. te bermeerderen, te weeten die 20 ps van 8.70 tot

3521 1503 2538 170 30 a 40 ps, dat met desen noch conformere, hadde ue als dan mede geremit

3523 1625 2546 186 £150:- ten laste Edward froms in lenden welcke remise met protent

3531 1775 2439 140 te rugge is gesonden door mess shaleos smithin bij faute van

3515 1853 2517 185 acceptatie heden, sende de selve remise aen hem wederom, met addres

3509 1963 2559 203 bij Jan charles gous, by faute van betaelinge, derhalve blijft u gedebireert

3518 2114 2553 163 voor de voors st£1501- orde 4:3 en voort protest, moet en u vrinde

3517 2197 2538 190 mede invoorderen referrerende mij voorders aende voors sedert beenne

3505 2304 2563 203 beyde ue: aeng van 5 x 8 pas ditto, met den eersten facture & staelens

3518 2440 2543 182 van P:9:60 sarges monterende st £103:17: oen, de couleuren sijn wel

3521 2583 2508 157 maer soo die soo cort & smel vallen, als d'eerste, sijn niet vercoopbaer

3509 2666 2492 179 y laetten blijven noch staen, om die reden, eweete niet hoe daer

3512 2811 2549 167 af te geraken met den laesten sien de 6o perpett. sult besorgen 2

3497 2909 2485 161 ewengs junier versenden, dat wel is eghter ick sal sigh onfrent dese

3518 3041 2542 162 prpitt. reguleren na mijn scryven van 12 pass & na du setsfeanter

3487 3150 2578 172 & marken sien, dit sijnde het noodige deses & dat blijve na missame

3527 3284 408 149 groet enissen

3407 3378 931 174 Londen John Jatuall

5449 3366 627 229 Adij 2 d. 1713

3507 3528 2537 170 ul: seer aeng: van 23 sber lett op sijn tijdt wel ontfangen, dien volgens

3509 3591 2562 153 hebbe de 100 gps tijken laeten prepareren& die sijn voor nual opgepackt

3491 3735 2563 166 gewest, dogh noch geene occasie gehadt, om die te versinden, hebbe van binne

3500 3813 2568 201 oft de linnestste vrapper, van verj fine Jabriyue gedaen & van boauez een

3509 3937 2491 168 engelse a wide, seer schoon, met ende 4 4ellen e daer vooren betaelt

3524 4042 2490 212 a 13½ stuijver, sijnde by asant in mijn handen gevallen, soo dat

3525 4166 2543 181 ul daer ten uytersten sult in voldaen sijn, geloove de baele heden

3493 4334 2528 146 versonden sal nom de groote vraghten te sparen, sal die te water
