7823 4637
633 200 2540 98 desen voor quitantie, alle mijn versche packen sijn nij meats

676 300 2388 109 thuijs, soo ue iets noodigh moghte hebben, gelieve maer stalen te

674 405 2474 122 senden & sal altijt mijn uyterste devoiren doen om ue a continto

694 473 2020 149 te bedienen, waer op rij mooght verlaeten & blijven

2527 504 667 196 Adij 23 mey 1712

495 554 1121 192 Brugge Gillis van Coppenolle

719 678 2410 121 ue aengename van 22 dser met het drupliert van de passevant vane

705 775 2522 122 22 voordesen gementioneerde pacen wel ontf: kerts naer dat mijn voorn

692 838 2442 164 brief versonden was, is den scupper met een extract vant comptoir

701 950 2528 123 van dermonde & mij permoiden aengecomen waer mede alle mogelijck de

674 1041 2553 179 gelleft waren, wij hadden de inge van de tol camer don vergadere

683 1132 2480 176 & in die eattraeten voorgelejdt soo elde maer den schipper de

666 1257 2518 143 condenneren, in de oncostee dat mede soo geschoedt is, & isser met en

679 1330 2506 159 bagatelle van ontrent ƒ28:- afgecomen, voorder versoecke iogh

672 1426 2446 165 van op het spoedighste mijne resterende packen te versenden ick

668 1543 2502 131 twijfele niet, oft daer alle weesien costij occasie is, & ne pricpael

658 1665 2400 142 omdarrivement van de convoijen laet geene occasie voor bij

666 1730 2523 211 gaen, want ben met de goederen verlegen mijn tolbrief is haest

672 1882 2477 154 uyt, gelieft mij op moogen te nteren hoe veel dat men p wat

653 1953 2457 161 betalen moet & int toecomende in den vraght brief stellen

666 2071 2493 155 soo veel vatn stegens soo val p vas, want anderr vraghen

668 2171 2469 183 de schippers dat se wille in afaaaghtinge blijve als mede de

2502 2292 559 180 Adij 23 ditto

681 2311 1088 184 expeditie wan de packen

500 2416 800 206 Rotterdam verburgh

687 2516 2542 169 ue aengename van 20 deser met de twa seconda brieven wel ontfagn

702 2636 2524 138 voordet sien, dat ue mijn ordre niet hebt sionnen voltrecken heden

676 2718 2486 172 esser hier op london niet gedaen, briven warender genoch tot 3217

693 2825 2480 194 maer gen gelt als tot 32:6. soo ist dat ue morgen mijn ordre scan

701 2942 2426 150 volbrengen ben wel te vreeden de wissel is op costj gemonteert

680 3033 2490 175 te banco a 1½ p a 1¼ e2. opt laette un courant &ser gedan

687 3162 2344 147 a4¾4 ¼ &5 pt soo wil niet twijfelen, oft ue sal ten

696 3242 2522 162 minsten aott conne Trecka op sight p cas. &op londen afgeven

690 3417 2452 99 a 33:2 a 8 laet het 33:9 sijn, soo in de 4¾ p att kan

687 3508 2437 131 becomn, soo doet als voor eijgen & laet mij morgen sonde

699 3612 1687 129 berte weeten wat sal sijn gepasseert blijv

2661 3615 488 180 Adij 23d

567 3717 564 159 Sweeten op cott

693 3776 2550 194 op 21 deser was aen ue mijnee leten int remise voor so £30:-

681 3928 2538 141 latte Puul voullant voorders referrere mij aen de selve hedt

677 4006 2563 175 hebben mij biieven van londoen dogh verneme noch niets vanden

678 4134 2569 159 geprotesteerde wisselbrief op tou to gqurque, ben sar ver wondet

686 4219 2461 175 dat ue die brief niet doet soo haest megelijck ins toe senden

3483 174 2537 158 ja de meer, dan ue de selven niet beverlick protest selfs gehadt hebb

3479 298 2366 108 weder ha londen hebt gelonde, dat cnnert niet noodigh wel

3467 326 2521 176 & oock tegens mijn odde soo waet datter iet quaers va wan

3481 433 2499 156 soude oockk voor ue ick sijn op soo een manire, don de den brief

3497 540 2409 164 noch soo haest voor den dagh niet comen & soo lancke die brief

3482 657 2402 133 wet hebbe, hebbe geen mont van sprese, alle andere brieven

3474 785 2376 149 sijn hier te ny comende prompt betael ue doirt wit na

3480 831 2483 169 beooren, & door soo eene neglsgentie saide me sontyde co

3476 957 2492 189 dehade lijde & dat sende door ie conduite come soo wilt en

3484 1074 2449 189 geen noegelijce hebben sooght dat hy soo haest doenelick te

3473 1206 917 175 nogge comptt & blijve

3464 1287 1762 191 hebbe gie tijtt on mijn ordres nae tesve

3471 1352 2364 229 tieme p naeste sal geschoeden & sal dan oordet

3488 1526 2048 157 ordonnere wat mij saede soome te manquerer

5274 1600 748 185 Adij 24 mey 1712

3312 1654 867 130 Mechelen & aradvens

3473 1743 2550 176 desen om ue te adviseren, dat de convoije godt lof wil sijn gearriveert

3491 1885 2480 136 en hebbe meest alle mijne packen thuys, soo volope ue int siort

3473 1969 2518 146 hier te sien, om een goede partije te coopen hebbe heb schoontte

3465 2085 2477 128 assortement dat ue oyt soude konnen souhaitere, soo in rojalet

3483 2181 2446 155 als battardes meest alle op de lake couleuren als oock se

3467 2304 2414 105 schoone gevefde coffies van het claveiblatie tot uu dinste

3453 2418 2506 144 & drogetten van alle mode couleuren soo twijfele niet oft

3473 2480 2519 192 sal ue a contento konnen bediene hebbe mede schoonn pepit

3469 2621 2394 119 van alle soorten & prijsen a gouverno, n afwaghtinge

3465 2758 2452 126 diere van ne presentie blijve naer Cordiale groeteniss

5292 2846 710 157 adij 25 meij 1712

3301 2846 858 148 Tvetton Thorne I blaydon

3493 2961 2500 133 op 12 deser wat aen ue mijne lette, met remise voors £200:- te laste

3483 3051 2519 138 henrij hert man in london, warende maer t uso & 3 dagen meer soo sende

3484 3178 2528 126 hier ingesloten den seconda, verhope den eenen oft den andere ue ten

3493 3266 2519 110 mintter wel sal geworden & versoecke den ontfangh mij cito te laten

3488 3331 2540 152 weeten, hebbe oock mede geordonneert 30 sacqes coffes drapen volgens

3475 3451 2464 128 het staeltien, dat met desn confirmere, & soo en noch een schop in ladinge is,

3490 3558 2367 129 benevens john budridge junier soo laet alle de goederen vin ostend comen

3480 3642 2532 135 prepareert noch een bale met 60 sangs coffees balt ardes van de sooste van 31

3485 3764 2527 95 6 e7 & noch 30 ps. van 35 ƒ 9 en bij alle die voor mi geladen sijn ue heeft

3493 3857 2443 107 alteveel blat gesonden. me hebbe ontfangen ue aengename van 26 gt

3500 3925 2508 144 no het cognossement van de rojalls N.158 in bouge geladen voorders

3491 4053 2544 129 sien dat gijlieden neu handelt gaedt verdijlen & versoeckt mede dat e

3496 4138 2532 143 soude houden met george thorm, wil gij leeden seght, dat george thoone

3509 4229 2522 140 elle de gemengelde sacqes & laste sargen sal sendee en herijt lay
