8399 4651
2866 212 514 178 Adij 17 July 1714

864 245 960 188 Brugge Gillis van Coppenolle

1078 381 2286 124 beyde ul aengename, van 20 & 21 pass op syn tijt wel ontfanghen met

1015 471 2200 183 den eersten de oncosten op het pack tijken bedragende ƒ2:17

1058 579 2240 181 wissel gelde waer vooren ul is gecrediteert met den laesten het

1075 689 2234 182 cognossement van tselve pack, dat u met den eersten serget en

1052 805 2145 182 hadde in te sluyten desen princspael tot coureit van het

1065 943 2113 160 ingelijdt wissel brefe van 68 patt wissel gede sijnde £27:4:

1049 1044 2265 169 ƒ 163:4 ben laste pieter de wille campd waer voren het nodigh

1036 1154 2290 190 gelieve te besorghen a op sijn tijdt mijne reks voor des selfs te

1070 1244 2147 157 waerde te crediteren a deser ontfangh mij t adviseren e

1055 1364 1118 174 van herten groetende blijve

2776 1446 442 208 Adij 20d2

930 1468 798 218 turnant Jan Be Robert

1088 1559 2234 200 ue aengename beyde van 20 pas & 15 deser wel ontfanghen volgens den

1057 1673 2271 194 laeste hadde u op mij getrocken ƒ 1078::16 wissel gelde ten voordeele

1066 1790 2229 171 van Theer Lombaert die prompt voldaen hebbe, hebbe heden van

1059 1878 2273 200 londen advies becomen, dat de tijcken aldaer gearriveert waeren

1075 2030 2241 198 hadde speculatie gemaeckt, van noch 100 gus te vraghen, dogh

1082 2129 2282 163 mijn vrint schrjft mij datter in londen niet een tuyver op lagh

1074 2244 2248 213 te becomen is soo dat wijnigh melinere kanom eenige

1078 2352 2291 189 te ontheden even wel gelieve op wonsdagh te laeten weeten

1096 2482 2275 157 waer voren u de 100 ps. hier onder genoteert soude senden

1081 2630 2133 146 & soo u die hooger als de laette soude stellen ist niet

1078 2701 2235 217 nodigh te antwoorden waer ie sigh can reguleren gelieve

1091 2833 2238 225 ock te noteren op wat tijdt u die senden sende de strepen

1066 2961 2247 214 geassorteert, als oorderen, dogh soo u eenige naer het stael

1071 3071 2148 173 Clijn trepie sonde becomen soude aengenaeme weeten,

1080 3206 2239 147 twijfele niet off met den wenter sullen de tijcken beter coop

1099 3308 2212 166 worden voldan sonde u wel eenige lijne trepies connen

1071 3417 2278 172 laten maeken oock alle die sroege moeten in den grent

1083 3548 2222 160 wet sijn, sijn e wel geweven sijn want slecht, soude nmet

1090 3659 1613 153 aenvenden graete ue van herten blijve

1282 3776 699 189 10 ps  doy segels

1265 3904 799 144 30 pt t groet loot

1252 4011 740 150 40 ps  drij segels

1268 4109 838 177 2dijns  groet toot

1218 4236 287 146 10 0 p

5449 201 536 168 Adij 24 Jplij 1714

3425 219 777 197 tweton henriy Blaydon

3567 317 2407 152 ue aengename van 5 past wel ontfanghen, waerbij verneme de superfijne

3567 426 2269 188 drogetten a costij niet worden gefabriqueer goock dat ie soo veel also

3565 528 2453 175 mogelijck soude weeten van de geordoneerde drogetten met baridge sout senden

3567 663 2451 121 sedert hebbe in afwaghtenge geweest van de facturen & staalen even wel

3571 794 2441 115 noch niet vernomen, dat mij doet verwondren te meer om ddat met

3560 876 2457 110 brieven van otij deser van costij verstaen, dat baridge dien selven dagh

3563 989 2413 144 stont te vertrecken wil met deneken ie mij abusere soude, soo sal

3507 1067 2507 184 de staelen a facture & eersten can u verwaghten de doogetten worden

3571 1202 2426 134 eenighsins gevraeght ghebbe wijnige oft geene meer bij, sal voor het naette

3566 1282 2439 182 schip noch wel eenige ordoneren naer de  couleuren als de gevraeghde

3563 1386 2395 198 soo als ie die rescontreert mooght de selve wel incoopen oft saten

3554 1505 2463 179 maken in de sarges is int minste geen debiet hope met den generalen

3564 1618 2441 186 vreden betren sal & sal wel eenige blan claverb lat sonder naem nodigh

3557 1739 2448 174 hebben tot u governo versoecke ue antwoort op ontfangh deser om vervolge

3563 1837 2259 191 te regulern in afwoghtinge blijve naer cordiale groetenisse

5433 1993 303 219 Ad9 d

3429 2012 812 202 twerton George thorne

3562 2133 2402 157 op 13 pas was aen ul mijnen laetten, waer, aen mij gedrage sedert geene

3551 2231 2457 150 van ul hadde eghter in afwaghtinge geweest van de facture & staelen van de

3557 2359 2457 155 geordoneerde 60 ps. schades sarges men adviseert mij van costij datburidg

3550 2439 2415 201 den 3 deser stont te vertrecken wil niet twijfele, oftie sal de baele in

3554 2580 2328 187 hem geladen hebben soo versoecke cito de staelen te senden aen

3548 2686 747 168 afwaghtinge Blijve

5279 2690 528 232 Adij 22 d

3456 2802 648 165 Brussel rousseau

3559 2886 2462 187 le 12:16:17 courant frrent a vre grace mes dernieres p la prm

3566 3055 2438 84 ie vous ay doné advis de la reception de vre remise de ƒ 1000:-

3552 3144 2389 102 sur mons cheuriut avec la keende j'ay vous aij envoyez me

3548 3211 2283 140 lettre de change de £104:5 ƒ628:10, sur mons: Bat Pray

3545 3316 2346 162 barbien a bruxelles, & avec la derniere encor une remise de

3529 3416 2442 153 £194:14:4 7 ƒ 1192:6 qui de voit estre payez le 19 courant

3543 3524 2384 143 p mons Coulo triponette, & encor un autre de ƒ900:- en

3542 3608 2463 180 mons Jan B mans depuis sans vre ce qui me mette dans

3547 3738 2466 153 une grande en quietiode, j'espere mons que mes preditter ler

3563 3850 2448 123 vous seront pervenu, & ie vous prie de m'adviser a la xcepi

3539 3925 2316 189 de atte de ce qui en est & vous ferez plaisir a celuy

3526 4041 389 152 qui ests

3540 4178 2434 152 p j'ay bien receu la vre dhier avec la remise de ƒ653:7

3554 4259 2253 180 pour la girelle je proeuterez le necessaire
