8159 4706
819 205 2488 84 het alderlaeghtte sijnde den prijs ordinaire, waer in capabel en ul. doen

794 288 2368 165 te doen  versoecke te commanderen, die na cordrale groetenisse blije

2682 382 623 159 Adij 23 gber 1715

715 388 765 190 London John Jarnalle

813 491 2487 161 op 16 deser was aen ue mijnen laesten daer benevens facture & cognostement veer

808 584 2501 153 eene bale N.2 met 100 po tijken bedragende ƒ 1173:14 voorders referree mij aenden

811 689 2507 135 selven, sedert geene van ul: desen om ul: tadviseren, als dat heden op 2 usance op

843 764 2457 175 ue getrocken hebbe st £30117: 2 en sijnde het scor van rek. mij comende gelijck

819 878 2498 171 hier aen den voet deser, sult sien, gelieve de selve texemineren awel bevinde

819 947 2485 200 mij adviseren, geloove geuld de meij int cort a costy sal weesen, terwijlen den

823 1067 2491 186 wint naert nontcosten loopt astont gereet te vertrecken, godt geleyde hem

815 1151 2495 195 gensalvo & twijfele niet, oft dese goederen ue volle genoegen sullen geven &soo ue

836 1332 2388 158 noch voordere noodigh heeft gelieve te commanderen, die altijdt sal sijne

2792 1415 419 174 Adij d: 1715

683 1405 866 189 Bruxton Henriy Blaydon

853 1533 2297 175 op 26 past. 22 deser waeren aen ul mijne laesten, met den barste remise voor

820 1619 2425 214 st£100:- ten laste tresnaij & gaussen in londen, voorders referrere mij

833 1731 2466 165 aen de selve, ben seer verwondert, e den ontfangh van de voors remise niet

846 1835 2448 146 adviseert hebbende, sedert geene van ue become, al hoe wel differente posten

818 1895 2442 248 sijn aengecomen, versoeekende niet ua te laeten van advies te geven, soo ul

830 2012 2408 227 eenige remises sende, seipper cwings, stont int begin van dese maert de

827 2073 2481 293 vertrecken, & hebbe noch nt minste geene facture, stalen, oft cognessement.

832 2208 2404 254 ontfange wille eghter niet twijfelen, oft ue sal mijne ordre voltrocken

834 2335 2474 198 hebbe & sal de facture & staelen p u'eerste te gemoet sien, ingeslote remittere

843 2438 2433 233 ul5 st £30117:2 en in mijn eijgen brief op john tat noll in londen, waer

846 2565 2453 155 vooren het noodigh gelieve te beserghen, & soo ul staelen a facture become

831 2693 1540 169 sal voorders remitteren, groete ue blijvee

2628 2677 686 209 Ady d 26 gber 1715

658 2817 980 158 twerton Pberegeneckmarch

842 2848 2424 199 op 13 deser was aen ue: mijnen laesten, waer aen mij gedrage sedert become

836 2984 2442 151 ul: aeng van 29 past. met facture astaelen, van N. 99 beloop ende £114:6p de

822 3057 2462 193 couleuren sijn alle wel, maer de green seades 39:6 is te veel, als mede de copp.

849 3171 2354 169 a 37:6 en bevinde die 6 y p ps. vermeerdat & daer is het gelt niet uyt te malen

849 3249 2450 149 wij sijn gewoon de brieven op de berse te becomen & heden naert voors bevinde

845 3333 2408 185 den ue van 3 deser met voordere facture & staelen van noch 2 bael N.100

841 3428 2413 195 monterende £111:4:6 en geloden nevens N.98:99. in Jan Cwinge die bale

845 3474 2463 215 is mede wel, maer sommige oock te hoogh, gelijck in N 361 de 5 ps bleuseade

853 3581 2463 190 a 36:6 en, is 6 y meer als genoteert hebt, oock de 6 greenscades in 36¼ a die

848 3738 2397 147 &piolives, oft mist van de schielp comen daer niet te pas, eghter het waer

846 3814 2409 160 enredelijck ontrent de couleuren te clagen, ul weet wel, als ick de goederen

852 3912 2457 175 na mijn ordre sevinde, dat mijn genoege laete weeten, oock int tegendeel het

858 4022 2393 209 gevoelen, wan neer men sogh qualijck bedrent vinde anu hebbe noch mael

859 4125 2440 183 reden van clagen, vermits het geene het meeste noodigh hebbe niet sends

816 4246 2482 126 2 datter 120 ps, oft meer van mijne ordre mangueren, eene baele van 60 ps

836 4328 2463 142 naer £170: op 24 aug gesonden geordoneert iman queert ooe 60 bleue scoder

3576 129 2550 192 eder uyt evo dier van de csende oest mijt, lade net ue mijnenye

3586 272 2542 130 gescreven gereet hadde, tot mijn dienste, waer op die geordoneert hadde, an sint geene, oft

3560 329 2523 168 wijnige den tijdt is te cort, anders soude mijne ordre voorden dagh brengen w antu

3573 464 2557 123 vant gene sonder twijfel sout gesonden hebben p mijn naeste sal die curiosit ydt op

3566 521 2552 168 soeken & large daer overscryven, waer mede bethoonen wil, dat noyst sonder reden

3545 625 2574 145 blagen, soo ue, moet mij dan niet onredelijck daer over regulieeren, het baestven

3592 735 2475 148 335 moete voor ue rck laeten staen, want ick cant, met dat marck voort

3569 843 2533 166 best niet vercoopen, om als te thoonen, in alles redelijck ben, sal de sarges van

3575 930 2501 200 van wingen aennemen a 36 p & hebbe ul gecrediteert voor £118:16, dat

3573 1043 2484 165 benevens mij gelieve te noteren, oock sal ul crediteren voor ½ aslutantie

3571 1108 2491 210 volgens af: hebt gedaen, wat met baridge noodigh sal hebben moet den tijdt

3575 1265 2299 181 leeven, maer prepareert van nu af als hier onder blijve met swetten

3760 1315 2357 186 60 sarges te weeten 8 lighte blives &7 seades gehijck het baettren N170 op 24

3910 1451 643 151 aug. ul toegesonden

3777 1481 2333 179 60 sarges bleu seades gelijck geordoneert hebbe op 28 gbed. naer den staelbock

3912 1597 2215 175 te weeten N.43. 45. 46. 48.61. 62. 65. 66. waer onder veele naer N.43

3932 1754 303 92 61. a 66

3791 1729 1878 226 60 sarges bleu seades van de schelp naer de hoors numeros

3793 1853 2319 190 60 ditto green seades van de schulp naer de tbaeltens, die vewangen over

3954 1947 2001 191 neme, dogh levendigh van couleur & die heel groene te meijden

3973 1982 2158 210 meest naer N.41:42, dogh wel gemengelt & fijn Jan heper awel bedeht

3576 2107 2516 214 laet mij cito weeten, oft ul het voors voor buridge senden sal oft niet want soude

3592 2216 2509 187 aen een ander commissie geven tot ul naright soecke niet meer geabuseert te

3577 2296 2511 205 werden Eghter hadde sulx van ul niet verwaght. toecomende post dagh sal ul

3594 2493 443 126 remitteren

5487 2528 643 206 Adij 24 gber 1715

3458 2577 1131 161 Brugge gillis van Coppenolle

3586 2661 2532 150 u aenge van 22 courant wel ontfanghen, gistren heeft pieter van herekhoven

3572 2764 2561 174 sijne goederen gelost hebbe mijne tee packen wel ontlangen, was verwondert

3592 2865 2539 151 te sien dat het pack N 9. daer by was, vermets ue daer geen advies van hadt

3574 3007 323 131 gegeven

3564 3025 2502 195 Ick weete wel dat de rechten van de goederen die men versont moeten betaelt

3576 3145 2517 155 worden, eghter de provisie, hadde wel connen eriteren met de packen aen de

3572 3260 2512 165 seipper selfs te addreseren, oock twee galdens provisie van ider pack il veel

3568 3345 2533 219 tot gendt stelt mijn vrint 3p courant, in toecomende, sal ul de packen

3572 3469 2542 192 & costij laeden  niet tot ostende om die encosten te scauwen versoecke op

3576 3544 2512 194 ontfangh deser de encost rek te senden van de twee packen sarges, John

3561 3652 2549 194 Ewings dunior, stont gereet van thopham te vertrecken & ter wijlen den wint nu

3573 3770 2538 192 centranl is, sal noch sijn apgehanden, eghter twijfele niet, oft sal met den

3574 3895 2486 160 eersten goeden wint overcemen a sijn arrivement, sal gaerne vernemen,

3572 4022 2421 180 groete ul van lerten blijve in afwaghtinge de rek van en costen
