<?xml version="1.0" encoding="UTF-8"?>
<alto xmlns:xsi="http://www.w3.org/2001/XMLSchema-instance"
      xmlns="http://www.loc.gov/standards/alto/ns-v4#"
      xmlns:page="http://schema.primaresearch.org/PAGE/gts/pagecontent/2013-07-15"
      xsi:schemaLocation="http://www.loc.gov/standards/alto/ns-v4# https://www.loc.gov/standards/alto/v4/alto.xsd">
   <Description>
      <MeasurementUnit>pixel</MeasurementUnit>
      <OCRProcessing ID="IdOcr">
         <ocrProcessingStep>
            <processingDateTime>2022-02-11T21:38:43.924+01:00</processingDateTime>
            <processingSoftware>
               <softwareCreator>READ COOP</softwareCreator>
               <softwareName>Transkribus</softwareName>
            </processingSoftware>
         </ocrProcessingStep>
      </OCRProcessing>
   </Description>
   <Layout>
      <Page ID="Page1" PHYSICAL_IMG_NR="1" HEIGHT="4644" WIDTH="8372">
         <TopMargin HEIGHT="0" WIDTH="8372" VPOS="0" HPOS="0"/>
         <LeftMargin HEIGHT="4644" WIDTH="0" VPOS="0" HPOS="0"/>
         <RightMargin HEIGHT="4644" WIDTH="0" VPOS="0" HPOS="8372"/>
         <BottomMargin HEIGHT="0" WIDTH="8372" VPOS="4644" HPOS="0"/>
         <PrintSpace HEIGHT="4644" WIDTH="8372" VPOS="0" HPOS="0">
            <TextBlock ID="region_1643968480308_4560"
                       HEIGHT="4357"
                       WIDTH="2600"
                       VPOS="114"
                       HPOS="815">
               <Shape>
                  <Polygon POINTS="815,114 3415,114 3415,4471 815,4471"/>
               </Shape>
               <TextLine ID="region_1643968480308_4560l1"
                         BASELINE="2738,270 2771,268 2804,263 2838,260 2871,257 2905,256 2938,253 2971,250 3005,249 3038,246 3072,245 3105,243 3138,240 3172,238 3205,237 3239,235 3272,234 3305,232 3339,230 3372,229 3406,226"
                         HEIGHT="125"
                         WIDTH="705"
                         VPOS="182"
                         HPOS="2720">
                  <String ID="string_region_1643968480308_4560l1"
                          HEIGHT="125"
                          WIDTH="705"
                          VPOS="182"
                          HPOS="2720"
                          CONTENT="Ant 15 meut 181"/>
               </TextLine>
               <TextLine ID="region_1643968480308_4560l2"
                         BASELINE="926,302 966,298 1006,294 1046,292 1087,288 1127,287 1167,284 1208,282 1248,281 1288,280 1329,278 1369,278 1409,276 1449,276 1490,276 1530,274 1570,274 1611,274 1651,274 1691,272 1732,272"
                         HEIGHT="172"
                         WIDTH="839"
                         VPOS="172"
                         HPOS="909">
                  <String ID="string_region_1643968480308_4560l2"
                          HEIGHT="172"
                          WIDTH="839"
                          VPOS="172"
                          HPOS="909"
                          CONTENT="Brussel Jande Booe"/>
               </TextLine>
               <TextLine ID="region_1643968480308_4560l3"
                         BASELINE="1114,390 1224,388 1335,386 1446,386 1557,384 1668,384 1779,384 1890,384 2001,384 2112,384 2223,382 2333,382 2444,382 2555,380 2666,377 2777,374 2888,370 2999,364 3110,358 3221,350 3332,342"
                         HEIGHT="167"
                         WIDTH="2252"
                         VPOS="260"
                         HPOS="1097">
                  <String ID="string_region_1643968480308_4560l3"
                          HEIGHT="167"
                          WIDTH="2252"
                          VPOS="260"
                          HPOS="1097"
                          CONTENT="sedert, dat dere gehet hebbe u mondelincke tot brussel syne "/>
               </TextLine>
               <TextLine ID="region_1643968480308_4560l4"
                         BASELINE="1084,488 1198,484 1313,480 1427,478 1542,475 1657,474 1771,472 1886,470 2000,470 2115,468 2230,468 2344,466 2459,464 2573,462 2688,460 2803,456 2917,452 3032,448 3146,442 3261,435 3376,426"
                         HEIGHT="157"
                         WIDTH="2326"
                         VPOS="364"
                         HPOS="1067">
                  <String ID="string_region_1643968480308_4560l4"
                          HEIGHT="157"
                          WIDTH="2326"
                          VPOS="364"
                          HPOS="1067"
                          CONTENT="te spreken hebbe gemeent het predicheeren swert perpos. ue tae"/>
               </TextLine>
               <TextLine ID="region_1643968480308_4560l5"
                         BASELINE="1116,584 1228,576 1340,568 1452,563 1564,559 1677,556 1789,554 1901,552 2013,550 2125,550 2238,548 2350,548 2462,546 2574,544 2686,542 2799,539 2911,534 3023,529 3135,521 3247,513 3360,502"
                         HEIGHT="178"
                         WIDTH="2273"
                         VPOS="452"
                         HPOS="1101">
                  <String ID="string_region_1643968480308_4560l5"
                          HEIGHT="178"
                          WIDTH="2273"
                          VPOS="452"
                          HPOS="1101"
                          CONTENT="gesonden met de geordoneerde mijn oosse sarges &amp; terwijlen wijn"/>
               </TextLine>
               <TextLine ID="region_1643968480308_4560l6"
                         BASELINE="1100,684 1214,676 1328,668 1442,660 1556,654 1671,650 1785,646 1899,642 2013,640 2127,638 2242,636 2356,634 2470,633 2584,631 2698,628 2813,626 2927,622 3041,618 3155,614 3269,607 3384,600"
                         HEIGHT="172"
                         WIDTH="2315"
                         VPOS="533"
                         HPOS="1084">
                  <String ID="string_region_1643968480308_4560l6"
                          HEIGHT="172"
                          WIDTH="2315"
                          VPOS="533"
                          HPOS="1084"
                          CONTENT="fhier eenen seer grooten water vloet gehat hebben &amp; sontunueel quaet "/>
               </TextLine>
               <TextLine ID="region_1643968480308_4560l7"
                         BASELINE="1116,766 1226,761 1336,756 1447,752 1557,748 1668,746 1778,742 1888,740 1999,736 2109,734 2220,731 2330,728 2440,726 2551,723 2661,720 2772,716 2882,712 2992,708 3103,704 3213,699 3324,694"
                         HEIGHT="162"
                         WIDTH="2243"
                         VPOS="629"
                         HPOS="1098">
                  <String ID="string_region_1643968480308_4560l7"
                          HEIGHT="162"
                          WIDTH="2243"
                          VPOS="629"
                          HPOS="1098"
                          CONTENT="weder soo heeft den verver het selver niet connen laerge"/>
               </TextLine>
               <TextLine ID="region_1643968480308_4560l8"
                         BASELINE="1108,852 1213,848 1319,842 1425,838 1531,834 1637,831 1742,828 1848,826 1954,824 2060,822 2166,820 2271,818 2377,816 2483,814 2589,812 2695,810 2800,808 2906,806 3012,802 3118,798 3224,794"
                         HEIGHT="206"
                         WIDTH="2150"
                         VPOS="700"
                         HPOS="1089">
                  <String ID="string_region_1643968480308_4560l8"
                          HEIGHT="206"
                          WIDTH="2150"
                          VPOS="700"
                          HPOS="1089"
                          CONTENT="verhope het selve de aenstaende weeele gereet sal sijn als"/>
               </TextLine>
               <TextLine ID="region_1643968480308_4560l9"
                         BASELINE="1116,948 1222,944 1328,940 1435,935 1541,932 1648,928 1754,925 1860,922 1967,918 2073,916 2180,912 2286,910 2392,906 2499,904 2605,900 2712,897 2818,894 2924,890 3031,886 3137,883 3244,878"
                         HEIGHT="167"
                         WIDTH="2160"
                         VPOS="796"
                         HPOS="1100">
                  <String ID="string_region_1643968480308_4560l9"
                          HEIGHT="167"
                          WIDTH="2160"
                          VPOS="796"
                          HPOS="1100"
                          CONTENT="wanner het selve benevens de sarges &amp; de syde stosten die nuynest"/>
               </TextLine>
               <TextLine ID="region_1643968480308_4560l10"
                         BASELINE="1108,1038 1220,1036 1332,1033 1444,1030 1556,1028 1669,1024 1781,1022 1893,1018 2005,1014 2117,1012 2230,1008 2342,1005 2454,1002 2566,998 2678,996 2791,992 2903,990 3015,987 3127,984 3239,982 3352,980"
                         HEIGHT="118"
                         WIDTH="2278"
                         VPOS="948"
                         HPOS="1091">
                  <String ID="string_region_1643968480308_4560l10"
                          HEIGHT="118"
                          WIDTH="2278"
                          VPOS="948"
                          HPOS="1091"
                          CONTENT="rens senden sal, omde te packen ul toesenden sal het synde"/>
               </TextLine>
               <TextLine ID="region_1643968480308_4560l11"
                         BASELINE="1104,1128 1214,1126 1325,1122 1435,1118 1546,1116 1657,1114 1767,1110 1878,1108 1988,1106 2099,1102 2210,1100 2320,1098 2431,1095 2541,1092 2652,1090 2763,1086 2873,1084 2984,1080 3094,1078 3205,1075 3316,1072"
                         HEIGHT="160"
                         WIDTH="2241"
                         VPOS="1026"
                         HPOS="1088">
                  <String ID="string_region_1643968480308_4560l11"
                          HEIGHT="160"
                          WIDTH="2241"
                          VPOS="1026"
                          HPOS="1088"
                          CONTENT="her noodighe deses &amp; dat blijve naer oftret, van mijnen voordre"/>
               </TextLine>
               <TextLine ID="region_1643968480308_4560l12"
                         BASELINE="1096,1228 1122,1226 1148,1226 1174,1224 1200,1222 1226,1220 1252,1220 1278,1217 1304,1213 1330,1210"
                         HEIGHT="148"
                         WIDTH="274"
                         VPOS="1131"
                         HPOS="1074">
                  <String ID="string_region_1643968480308_4560l12"
                          HEIGHT="148"
                          WIDTH="274"
                          VPOS="1131"
                          HPOS="1074"
                          CONTENT="dienst"/>
               </TextLine>
               <TextLine ID="region_1643968480308_4560l13"
                         BASELINE="2744,1244 2769,1244 2795,1244 2821,1243 2846,1242 2872,1242 2898,1242 2924,1242 2949,1242 2975,1242 3001,1242 3027,1241 3052,1239 3078,1238 3104,1237 3130,1234"
                         HEIGHT="154"
                         WIDTH="419"
                         VPOS="1142"
                         HPOS="2726">
                  <String ID="string_region_1643968480308_4560l13"
                          HEIGHT="154"
                          WIDTH="419"
                          VPOS="1142"
                          HPOS="2726"
                          CONTENT="Ady 12d"/>
               </TextLine>
               <TextLine ID="region_1643968480308_4560l14"
                         BASELINE="910,1378 956,1368 1002,1359 1048,1350 1095,1343 1141,1338 1187,1333 1234,1329 1280,1324 1326,1322 1373,1319 1419,1317 1465,1316 1511,1314 1558,1312 1604,1310 1650,1308 1697,1306 1743,1304 1789,1301 1836,1298"
                         HEIGHT="219"
                         WIDTH="967"
                         VPOS="1207"
                         HPOS="886">
                  <String ID="string_region_1643968480308_4560l14"
                          HEIGHT="219"
                          WIDTH="967"
                          VPOS="1207"
                          HPOS="886"
                          CONTENT="Brussel Stephano Rousseau"/>
               </TextLine>
               <TextLine ID="region_1643968480308_4560l15"
                         BASELINE="1108,1428 1217,1422 1326,1416 1436,1412 1545,1408 1655,1404 1764,1400 1873,1398 1983,1394 2092,1392 2202,1389 2311,1386 2420,1384 2530,1380 2639,1378 2749,1374 2858,1372 2967,1368 3077,1365 3186,1359 3296,1356"
                         HEIGHT="180"
                         WIDTH="2224"
                         VPOS="1253"
                         HPOS="1090">
                  <String ID="string_region_1643968480308_4560l15"
                          HEIGHT="180"
                          WIDTH="2224"
                          VPOS="1253"
                          HPOS="1090"
                          CONTENT="ie viend de recevoir l'honneur de la chere vre dhrer avec avis de "/>
               </TextLine>
               <TextLine ID="region_1643968480308_4560l16"
                         BASELINE="1108,1514 1217,1509 1326,1504 1435,1500 1544,1496 1654,1494 1763,1491 1872,1489 1981,1486 2090,1484 2200,1482 2309,1479 2418,1476 2527,1474 2636,1470 2746,1466 2855,1462 2964,1457 3073,1452 3182,1446 3292,1440"
                         HEIGHT="157"
                         WIDTH="2220"
                         VPOS="1379"
                         HPOS="1089">
                  <String ID="string_region_1643968480308_4560l16"
                          HEIGHT="157"
                          WIDTH="2220"
                          VPOS="1379"
                          HPOS="1089"
                          CONTENT="la reception de ma remise de ƒ400:- sur bechomme, qui estoit "/>
               </TextLine>
               <TextLine ID="region_1643968480308_4560l17"
                         BASELINE="1114,1600 1225,1597 1337,1592 1448,1588 1560,1584 1672,1582 1783,1578 1895,1576 2006,1572 2118,1570 2230,1568 2341,1565 2453,1562 2564,1560 2676,1556 2788,1554 2899,1550 3011,1546 3122,1540 3234,1535 3346,1530"
                         HEIGHT="151"
                         WIDTH="2267"
                         VPOS="1467"
                         HPOS="1096">
                  <String ID="string_region_1643968480308_4560l17"
                          HEIGHT="151"
                          WIDTH="2267"
                          VPOS="1467"
                          HPOS="1096"
                          CONTENT="accepte, celle pour vous envoyer encor incluse une, de la mise"/>
               </TextLine>
               <TextLine ID="region_1643968480308_4560l18"
                         BASELINE="1118,1686 1222,1682 1326,1678 1430,1676 1534,1673 1639,1670 1743,1668 1847,1666 1951,1664 2055,1662 2160,1660 2264,1658 2368,1656 2472,1654 2576,1651 2681,1648 2785,1644 2889,1640 2993,1636 3097,1630 3202,1624"
                         HEIGHT="172"
                         WIDTH="2118"
                         VPOS="1536"
                         HPOS="1100">
                  <String ID="string_region_1643968480308_4560l18"
                          HEIGHT="172"
                          WIDTH="2118"
                          VPOS="1536"
                          HPOS="1100"
                          CONTENT="nature, de trois cent florins, de change que ie vous prie de"/>
               </TextLine>
               <TextLine ID="region_1643968480308_4560l19"
                         BASELINE="1102,1778 1214,1774 1327,1770 1440,1766 1553,1764 1666,1760 1779,1758 1892,1756 2005,1754 2118,1752 2231,1750 2343,1748 2456,1745 2569,1742 2682,1738 2795,1734 2908,1729 3021,1724 3134,1717 3247,1710 3360,1702"
                         HEIGHT="199"
                         WIDTH="2289"
                         VPOS="1642"
                         HPOS="1086">
                  <String ID="string_region_1643968480308_4560l19"
                          HEIGHT="199"
                          WIDTH="2289"
                          VPOS="1642"
                          HPOS="1086"
                          CONTENT="procurer le necessaire, &amp; me conditer commander recipro quemant"/>
               </TextLine>
               <TextLine ID="region_1643968480308_4560l20"
                         BASELINE="1124,1862 1179,1862 1234,1862 1289,1862 1344,1860 1399,1860 1454,1858 1509,1856 1564,1855 1619,1853 1674,1851 1729,1849 1784,1846 1839,1845 1894,1843 1949,1841 2004,1840 2059,1838 2114,1838 2169,1836 2224,1836"
                         HEIGHT="149"
                         WIDTH="1132"
                         VPOS="1766"
                         HPOS="1108">
                  <String ID="string_region_1643968480308_4560l20"
                          HEIGHT="149"
                          WIDTH="1132"
                          VPOS="1766"
                          HPOS="1108"
                          CONTENT="&amp;nn tous occasion en qualite de"/>
               </TextLine>
               <TextLine ID="region_1643968480308_4560l21"
                         BASELINE="2866,1972 2891,1972 2917,1970 2943,1970 2969,1968 2995,1965 3021,1963 3047,1961 3073,1959 3098,1957 3124,1955 3150,1954 3176,1953 3202,1951 3228,1950 3254,1950 3280,1950 3306,1952"
                         HEIGHT="221"
                         WIDTH="478"
                         VPOS="1803"
                         HPOS="2845">
                  <String ID="string_region_1643968480308_4560l21"
                          HEIGHT="221"
                          WIDTH="478"
                          VPOS="1803"
                          HPOS="2845"
                          CONTENT="Adij 20 d "/>
               </TextLine>
               <TextLine ID="region_1643968480308_4560l22"
                         BASELINE="968,2006 1007,2002 1046,2000 1085,1998 1124,1997 1163,1994 1202,1994 1241,1992 1280,1990 1319,1990 1359,1988 1398,1988 1437,1986 1476,1984 1515,1983 1554,1982 1593,1979 1632,1978 1671,1975 1710,1972 1750,1968"
                         HEIGHT="187"
                         WIDTH="819"
                         VPOS="1863"
                         HPOS="947">
                  <String ID="string_region_1643968480308_4560l22"
                          HEIGHT="187"
                          WIDTH="819"
                          VPOS="1863"
                          HPOS="947"
                          CONTENT="bergen C:H: Laigle "/>
               </TextLine>
               <TextLine ID="region_1643968480308_4560l23"
                         BASELINE="1116,2114 1224,2110 1333,2106 1442,2102 1551,2098 1660,2094 1768,2092 1877,2088 1986,2086 2095,2082 2204,2079 2312,2076 2421,2072 2530,2069 2639,2066 2748,2062 2856,2058 2965,2054 3074,2049 3183,2044 3292,2038"
                         HEIGHT="174"
                         WIDTH="2211"
                         VPOS="1967"
                         HPOS="1097">
                  <String ID="string_region_1643968480308_4560l23"
                          HEIGHT="174"
                          WIDTH="2211"
                          VPOS="1967"
                          HPOS="1097"
                          CONTENT="J'ay recu l'honneur de la vre du 15 ceurant avec la facture du"/>
               </TextLine>
               <TextLine ID="region_1643968480308_4560l24"
                         BASELINE="1096,2210 1202,2206 1308,2202 1414,2198 1520,2195 1627,2192 1733,2188 1839,2184 1945,2180 2051,2176 2158,2171 2264,2168 2370,2163 2476,2159 2582,2156 2689,2152 2795,2148 2901,2146 3007,2142 3113,2140 3220,2136"
                         HEIGHT="188"
                         WIDTH="2152"
                         VPOS="2084"
                         HPOS="1081">
                  <String ID="string_region_1643968480308_4560l24"
                          HEIGHT="188"
                          WIDTH="2152"
                          VPOS="2084"
                          HPOS="1081"
                          CONTENT="quttit ballots, que ie vous ay envoye de retour pour un arreur"/>
               </TextLine>
               <TextLine ID="region_1643968480308_4560l25"
                         BASELINE="1108,2298 1218,2298 1328,2296 1438,2294 1548,2291 1659,2288 1769,2284 1879,2280 1989,2275 2099,2270 2210,2264 2320,2259 2430,2253 2540,2246 2650,2241 2761,2235 2871,2229 2981,2222 3091,2217 3201,2211 3312,2206"
                         HEIGHT="190"
                         WIDTH="2239"
                         VPOS="2159"
                         HPOS="1091">
                  <String ID="string_region_1643968480308_4560l25"
                          HEIGHT="190"
                          WIDTH="2239"
                          VPOS="2159"
                          HPOS="1091"
                          CONTENT="cemis j'aij au pied de coste une autre redresse, mais compte mons"/>
               </TextLine>
               <TextLine ID="region_1643968480308_4560l26"
                         BASELINE="1088,2404 1198,2400 1309,2394 1419,2390 1530,2386 1641,2382 1751,2378 1862,2375 1972,2372 2083,2368 2194,2364 2304,2360 2415,2354 2525,2350 2636,2344 2747,2337 2857,2330 2968,2323 3078,2314 3189,2304 3300,2292"
                         HEIGHT="248"
                         WIDTH="2246"
                         VPOS="2229"
                         HPOS="1070">
                  <String ID="string_region_1643968480308_4560l26"
                          HEIGHT="248"
                          WIDTH="2246"
                          VPOS="2229"
                          HPOS="1070"
                          CONTENT="quil se vendant presentement ƒ24:- cependant cependant, vre"/>
               </TextLine>
               <TextLine ID="region_1643968480308_4560l27"
                         BASELINE="1086,2496 1197,2492 1308,2488 1420,2485 1531,2482 1643,2478 1754,2476 1865,2472 1977,2470 2088,2466 2200,2463 2311,2459 2422,2456 2534,2450 2645,2445 2757,2440 2868,2433 2979,2425 3091,2418 3202,2407 3314,2396"
                         HEIGHT="243"
                         WIDTH="2259"
                         VPOS="2327"
                         HPOS="1070">
                  <String ID="string_region_1643968480308_4560l27"
                          HEIGHT="243"
                          WIDTH="2259"
                          VPOS="2327"
                          HPOS="1070"
                          CONTENT="pretentien &amp; tres jurte, il ettiont marque sur mon livre ƒ23:10"/>
               </TextLine>
               <TextLine ID="region_1643968480308_4560l28"
                         BASELINE="1084,2610 1189,2604 1295,2598 1400,2594 1506,2589 1611,2585 1717,2581 1822,2578 1928,2574 2033,2570 2139,2566 2244,2563 2350,2560 2455,2556 2561,2551 2666,2546 2772,2541 2877,2536 2983,2530 3088,2524 3194,2516"
                         HEIGHT="218"
                         WIDTH="2145"
                         VPOS="2452"
                         HPOS="1066">
                  <String ID="string_region_1643968480308_4560l28"
                          HEIGHT="218"
                          WIDTH="2145"
                          VPOS="2452"
                          HPOS="1066"
                          CONTENT="le perpitt. blanchie sera bientos pret ie vous salue &amp; suis "/>
               </TextLine>
               <TextLine ID="region_1643968480308_4560l29"
                         BASELINE="1100,2712 1210,2706 1321,2702 1431,2697 1542,2692 1653,2688 1763,2684 1874,2681 1984,2676 2095,2673 2206,2669 2316,2665 2427,2662 2537,2656 2648,2651 2759,2646 2869,2639 2980,2633 3090,2626 3201,2617 3312,2608"
                         HEIGHT="213"
                         WIDTH="2245"
                         VPOS="2537"
                         HPOS="1082">
                  <String ID="string_region_1643968480308_4560l29"
                          HEIGHT="213"
                          WIDTH="2245"
                          VPOS="2537"
                          HPOS="1082"
                          CONTENT="on na pas pui treuver vos eschantillions cependant soye assre "/>
               </TextLine>
               <TextLine ID="region_1643968480308_4560l30"
                         BASELINE="1092,2820 1199,2813 1306,2806 1414,2800 1521,2795 1629,2791 1736,2786 1843,2784 1951,2780 2058,2777 2166,2774 2273,2770 2380,2767 2488,2764 2595,2760 2703,2754 2810,2748 2917,2742 3025,2736 3132,2728 3240,2718"
                         HEIGHT="233"
                         WIDTH="2183"
                         VPOS="2653"
                         HPOS="1074">
                  <String ID="string_region_1643968480308_4560l30"
                          HEIGHT="233"
                          WIDTH="2183"
                          VPOS="2653"
                          HPOS="1074"
                          CONTENT="que ce sent le mesme drogetts &amp; les sarges aussij juste quils"/>
               </TextLine>
               <TextLine ID="region_1643968480308_4560l31"
                         BASELINE="1100,2912 1125,2912 1151,2911 1177,2910 1203,2910 1229,2909 1255,2908 1281,2906 1307,2905 1333,2904 1358,2902 1384,2900 1410,2899 1436,2897 1462,2896 1488,2894 1514,2892 1540,2891 1566,2889 1592,2888"
                         HEIGHT="155"
                         WIDTH="527"
                         VPOS="2824"
                         HPOS="1082">
                  <String ID="string_region_1643968480308_4560l31"
                          HEIGHT="155"
                          WIDTH="527"
                          VPOS="2824"
                          HPOS="1082"
                          CONTENT="missent estre"/>
               </TextLine>
               <TextLine ID="region_1643968480308_4560l32"
                         BASELINE="1338,2958 1365,2960 1392,2959 1419,2957 1446,2954"
                         HEIGHT="74"
                         WIDTH="138"
                         VPOS="2897"
                         HPOS="1322">
                  <String ID="string_region_1643968480308_4560l32"
                          HEIGHT="74"
                          WIDTH="138"
                          VPOS="2897"
                          HPOS="1322"
                          CONTENT="ierm"/>
               </TextLine>
               <TextLine ID="region_1643968480308_4560l33"
                         BASELINE="2764,3004 2789,3009 2814,3012 2839,3011 2864,3008 2889,3005 2914,3000 2940,2993 2965,2987 2990,2979 3015,2974 3040,2968 3065,2962 3090,2958 3116,2956"
                         HEIGHT="144"
                         WIDTH="405"
                         VPOS="2891"
                         HPOS="2733">
                  <String ID="string_region_1643968480308_4560l33"
                          HEIGHT="144"
                          WIDTH="405"
                          VPOS="2891"
                          HPOS="2733"
                          CONTENT="Adij d"/>
               </TextLine>
               <TextLine ID="region_1643968480308_4560l34"
                         BASELINE="900,3034 946,3029 993,3025 1039,3021 1086,3018 1133,3013 1179,3010 1226,3007 1272,3005 1319,3002 1366,3000 1412,2998 1459,2996 1505,2993 1552,2992 1599,2990 1645,2988 1692,2988 1738,2986 1785,2984 1832,2984"
                         HEIGHT="171"
                         WIDTH="965"
                         VPOS="2894"
                         HPOS="882">
                  <String ID="string_region_1643968480308_4560l34"
                          HEIGHT="171"
                          WIDTH="965"
                          VPOS="2894"
                          HPOS="882"
                          CONTENT="tverton Beregs blagdon"/>
               </TextLine>
               <TextLine ID="region_1643968480308_4560l35"
                         BASELINE="1110,3114 1223,3106 1336,3098 1449,3092 1563,3086 1676,3082 1789,3080 1903,3078 2016,3076 2129,3076 2243,3074 2356,3074 2469,3072 2582,3071 2696,3068 2809,3065 2922,3060 3036,3056 3149,3048 3262,3040 3376,3030"
                         HEIGHT="150"
                         WIDTH="2301"
                         VPOS="2979"
                         HPOS="1092">
                  <String ID="string_region_1643968480308_4560l35"
                          HEIGHT="150"
                          WIDTH="2301"
                          VPOS="2979"
                          HPOS="1092"
                          CONTENT="op 9 deser was aen ul mijnen laesten waeraen mij gedraege"/>
               </TextLine>
               <TextLine ID="region_1643968480308_4560l36"
                         BASELINE="1090,3202 1203,3193 1316,3184 1429,3177 1543,3173 1656,3170 1769,3167 1883,3165 1996,3164 2109,3164 2223,3162 2336,3162 2449,3160 2562,3158 2676,3156 2789,3154 2902,3149 3016,3142 3129,3134 3242,3125 3356,3112"
                         HEIGHT="186"
                         WIDTH="2298"
                         VPOS="3052"
                         HPOS="1073">
                  <String ID="string_region_1643968480308_4560l36"
                          HEIGHT="186"
                          WIDTH="2298"
                          VPOS="3052"
                          HPOS="1073"
                          CONTENT="sedert become af: aengename van 26 pasto met facture 2 staele"/>
               </TextLine>
               <TextLine ID="region_1643968480308_4560l37"
                         BASELINE="1112,3276 1224,3270 1336,3266 1449,3262 1561,3260 1674,3258 1786,3256 1898,3256 2011,3254 2123,3252 2236,3252 2348,3250 2460,3248 2573,3246 2685,3243 2798,3238 2910,3234 3022,3228 3135,3221 3247,3212 3360,3202"
                         HEIGHT="184"
                         WIDTH="2282"
                         VPOS="3139"
                         HPOS="1094">
                  <String ID="string_region_1643968480308_4560l37"
                          HEIGHT="184"
                          WIDTH="2282"
                          VPOS="3139"
                          HPOS="1094"
                          CONTENT="van N 33 a 36. op gepockt in N 37 en £34 met 20 drogett"/>
               </TextLine>
               <TextLine ID="region_1643968480308_4560l38"
                         BASELINE="1120,3370 1232,3364 1344,3360 1456,3356 1568,3354 1681,3352 1793,3350 1905,3350 2017,3350 2129,3348 2242,3348 2354,3346 2466,3345 2578,3343 2690,3340 2803,3336 2915,3331 3027,3324 3139,3316 3251,3307 3364,3294"
                         HEIGHT="154"
                         WIDTH="2279"
                         VPOS="3246"
                         HPOS="1102">
                  <String ID="string_region_1643968480308_4560l38"
                          HEIGHT="154"
                          WIDTH="2279"
                          VPOS="3246"
                          HPOS="1102"
                          CONTENT="menterende £163:9:2 en in Jan Ewings geladen, sien"/>
               </TextLine>
               <TextLine ID="region_1643968480308_4560l39"
                         BASELINE="1106,3474 1213,3467 1321,3459 1429,3454 1537,3448 1645,3446 1753,3442 1861,3440 1969,3440 2077,3438 2185,3438 2292,3438 2400,3436 2508,3436 2616,3434 2724,3432 2832,3428 2940,3426 3048,3420 3156,3414 3264,3406"
                         HEIGHT="147"
                         WIDTH="2190"
                         VPOS="3350"
                         HPOS="1089">
                  <String ID="string_region_1643968480308_4560l39"
                          HEIGHT="147"
                          WIDTH="2190"
                          VPOS="3350"
                          HPOS="1089"
                          CONTENT="ue maer 15 ps vande beste blan sendt, dat mij venvondert"/>
               </TextLine>
               <TextLine ID="region_1643968480308_4560l40"
                         BASELINE="1108,3564 1217,3557 1326,3551 1435,3546 1544,3542 1654,3539 1763,3538 1872,3536 1981,3534 2090,3534 2200,3534 2309,3532 2418,3532 2527,3530 2636,3528 2746,3526 2855,3522 2964,3516 3073,3511 3182,3502 3292,3494"
                         HEIGHT="194"
                         WIDTH="2217"
                         VPOS="3426"
                         HPOS="1090">
                  <String ID="string_region_1643968480308_4560l40"
                          HEIGHT="194"
                          WIDTH="2217"
                          VPOS="3426"
                          HPOS="1090"
                          CONTENT="&amp; bevendien, dat u daer by 15 ordinaire coffees die gans niet "/>
               </TextLine>
               <TextLine ID="region_1643968480308_4560l41"
                         BASELINE="1100,3672 1210,3664 1321,3658 1432,3651 1543,3646 1654,3642 1764,3640 1875,3638 1986,3636 2097,3634 2208,3632 2318,3632 2429,3630 2540,3630 2651,3628 2762,3626 2872,3624 2983,3622 3094,3620 3205,3615 3316,3610"
                         HEIGHT="174"
                         WIDTH="2249"
                         VPOS="3516"
                         HPOS="1084">
                  <String ID="string_region_1643968480308_4560l41"
                          HEIGHT="174"
                          WIDTH="2249"
                          VPOS="3516"
                          HPOS="1084"
                          CONTENT="noodigh selle tewijlen noch wel 10 a 12 baeltiens, van die"/>
               </TextLine>
               <TextLine ID="region_1643968480308_4560l42"
                         BASELINE="1100,3768 1213,3762 1326,3756 1440,3751 1553,3748 1667,3744 1780,3742 1893,3738 2007,3736 2120,3734 2234,3732 2347,3730 2460,3730 2574,3727 2687,3724 2801,3722 2914,3719 3027,3716 3141,3712 3254,3708 3368,3702"
                         HEIGHT="208"
                         WIDTH="2301"
                         VPOS="3607"
                         HPOS="1082">
                  <String ID="string_region_1643968480308_4560l42"
                          HEIGHT="208"
                          WIDTH="2301"
                          VPOS="3607"
                          HPOS="1082"
                          CONTENT="bij hebbe ue moet niet senden, dat niet wage amijn deliet"/>
               </TextLine>
               <TextLine ID="region_1643968480308_4560l43"
                         BASELINE="1108,3862 1222,3858 1337,3854 1452,3851 1567,3848 1682,3846 1796,3843 1911,3840 2026,3838 2141,3836 2256,3834 2370,3831 2485,3828 2600,3826 2715,3822 2830,3818 2944,3814 3059,3811 3174,3806 3289,3801 3404,3794"
                         HEIGHT="179"
                         WIDTH="2329"
                         VPOS="3736"
                         HPOS="1090">
                  <String ID="string_region_1643968480308_4560l43"
                          HEIGHT="179"
                          WIDTH="2329"
                          VPOS="3736"
                          HPOS="1090"
                          CONTENT="in de tweede soute is seer slcht, soo dat det baestien voor mijne"/>
               </TextLine>
               <TextLine ID="region_1643968480308_4560l44"
                         BASELINE="1080,3972 1190,3966 1300,3962 1410,3958 1520,3954 1630,3950 1740,3948 1850,3945 1960,3942 2070,3940 2180,3936 2290,3934 2400,3930 2510,3928 2620,3924 2730,3920 2840,3916 2950,3912 3060,3907 3170,3900 3280,3894"
                         HEIGHT="211"
                         WIDTH="2234"
                         VPOS="3820"
                         HPOS="1062">
                  <String ID="string_region_1643968480308_4560l44"
                          HEIGHT="211"
                          WIDTH="2234"
                          VPOS="3820"
                          HPOS="1062"
                          CONTENT="Rek noch niet aenveirden magh, de drogetten, sijn daer"/>
               </TextLine>
               <TextLine ID="region_1643968480308_4560l45"
                         BASELINE="1100,4068 1215,4063 1331,4058 1446,4054 1562,4050 1678,4046 1793,4044 1909,4040 2024,4038 2140,4036 2256,4032 2371,4030 2487,4028 2602,4024 2718,4022 2834,4018 2949,4014 3065,4009 3180,4004 3296,3998 3412,3990"
                         HEIGHT="194"
                         WIDTH="2347"
                         VPOS="3900"
                         HPOS="1082">
                  <String ID="string_region_1643968480308_4560l45"
                          HEIGHT="194"
                          WIDTH="2347"
                          VPOS="3900"
                          HPOS="1082"
                          CONTENT="ontrent wel in couleuren uytgenome aen sight root nott van dat"/>
               </TextLine>
               <TextLine ID="region_1643968480308_4560l46"
                         BASELINE="1084,4180 1200,4174 1316,4168 1432,4164 1548,4159 1664,4156 1780,4152 1896,4150 2012,4148 2128,4146 2244,4144 2360,4142 2476,4140 2592,4137 2708,4134 2824,4130 2940,4126 3056,4121 3172,4115 3288,4108 3404,4100"
                         HEIGHT="141"
                         WIDTH="2353"
                         VPOS="4043"
                         HPOS="1064">
                  <String ID="string_region_1643968480308_4560l46"
                          HEIGHT="141"
                          WIDTH="2353"
                          VPOS="4043"
                          HPOS="1064"
                          CONTENT="dat hebbe oock noyt gewaeght hebbe de 32 met 2u drogent"/>
               </TextLine>
               <TextLine ID="region_1643968480308_4560l47"
                         BASELINE="1084,4288 1198,4283 1312,4278 1426,4272 1540,4270 1655,4266 1769,4264 1883,4262 1997,4260 2111,4258 2226,4258 2340,4256 2454,4256 2568,4254 2682,4252 2797,4250 2911,4248 3025,4244 3139,4242 3253,4238 3368,4232"
                         HEIGHT="199"
                         WIDTH="2316"
                         VPOS="4151"
                         HPOS="1068">
                  <String ID="string_region_1643968480308_4560l47"
                          HEIGHT="199"
                          WIDTH="2316"
                          VPOS="4151"
                          HPOS="1068"
                          CONTENT="geopent alounde die veel slechter in quacitye als de rouge"/>
               </TextLine>
               <TextLine ID="region_1643968480308_4560l48"
                         BASELINE="1078,4394 1187,4388 1297,4382 1407,4377 1516,4372 1626,4368 1736,4364 1845,4361 1955,4359 2065,4356 2175,4354 2284,4352 2394,4352 2504,4350 2613,4348 2723,4348 2833,4346 2942,4344 3052,4344 3162,4342 3272,4340"
                         HEIGHT="185"
                         WIDTH="2227"
                         VPOS="4266"
                         HPOS="1063">
                  <String ID="string_region_1643968480308_4560l48"
                          HEIGHT="185"
                          WIDTH="2227"
                          VPOS="4266"
                          HPOS="1063"
                          CONTENT="geweest hebben &amp; sien die in N 34: noch al soo ergh sijn"/>
               </TextLine>
            </TextBlock>
            <TextBlock ID="region_1643968483916_4563"
                       HEIGHT="4002"
                       WIDTH="2577"
                       VPOS="143"
                       HPOS="3508">
               <Shape>
                  <Polygon POINTS="3508,143 6085,143 6085,4145 3508,4145"/>
               </Shape>
               <TextLine ID="region_1643968483916_4563l1"
                         BASELINE="3638,258 3759,256 3880,254 4002,254 4123,254 4245,252 4366,252 4487,254 4609,254 4730,255 4852,256 4973,256 5094,258 5216,258 5337,260 5459,260 5580,260 5701,260 5823,260 5944,258 6066,256"
                         HEIGHT="100"
                         WIDTH="2462"
                         VPOS="190"
                         HPOS="3621">
                  <String ID="string_region_1643968483916_4563l1"
                          HEIGHT="100"
                          WIDTH="2462"
                          VPOS="190"
                          HPOS="3621"
                          CONTENT="dat eghter niet welgedaen is, want men heeft noch meyte genoeghs"/>
               </TextLine>
               <TextLine ID="region_1643968483916_4563l2"
                         BASELINE="3614,358 3730,354 3847,350 3964,347 4080,345 4197,344 4314,342 4430,342 4547,342 4664,342 4781,342 4897,342 5014,342 5131,342 5247,340 5364,340 5481,338 5597,336 5714,334 5831,329 5948,324"
                         HEIGHT="137"
                         WIDTH="2365"
                         VPOS="266"
                         HPOS="3597">
                  <String ID="string_region_1643968483916_4563l2"
                          HEIGHT="137"
                          WIDTH="2365"
                          VPOS="266"
                          HPOS="3597"
                          CONTENT="om de beste aen den man te brenghen, soo die vorders geordoneert"/>
               </TextLine>
               <TextLine ID="region_1643968483916_4563l3"
                         BASELINE="3614,446 3734,442 3855,440 3976,438 4097,437 4218,436 4338,436 4459,436 4580,436 4701,436 4822,436 4942,436 5063,436 5184,434 5305,432 5426,430 5546,425 5667,420 5788,414 5909,406 6030,398"
                         HEIGHT="132"
                         WIDTH="2450"
                         VPOS="349"
                         HPOS="3596">
                  <String ID="string_region_1643968483916_4563l3"
                          HEIGHT="132"
                          WIDTH="2450"
                          VPOS="349"
                          HPOS="3596"
                          CONTENT="hebben, moeten betor sijn, segge noch mael dat geen andre goederen"/>
               </TextLine>
               <TextLine ID="region_1643968483916_4563l4"
                         BASELINE="3608,550 3731,544 3854,542 3977,538 4100,536 4223,534 4346,534 4469,532 4592,532 4715,530 4839,529 4962,528 5085,526 5208,524 5331,520 5454,516 5577,511 5700,504 5823,497 5946,489 6070,478"
                         HEIGHT="148"
                         WIDTH="2498"
                         VPOS="417"
                         HPOS="3590">
                  <String ID="string_region_1643968483916_4563l4"
                          HEIGHT="148"
                          WIDTH="2498"
                          VPOS="417"
                          HPOS="3590"
                          CONTENT="begeiren, als van de beste soorten  van de beste makers clijne fijne"/>
               </TextLine>
               <TextLine ID="region_1643968483916_4563l5"
                         BASELINE="3606,654 3728,646 3850,642 3973,636 4095,632 4218,630 4340,626 4462,624 4585,622 4707,622 4830,620 4952,618 5074,616 5197,614 5319,612 5442,608 5564,603 5686,599 5809,593 5931,585 6054,576"
                         HEIGHT="154"
                         WIDTH="2485"
                         VPOS="523"
                         HPOS="3587">
                  <String ID="string_region_1643968483916_4563l5"
                          HEIGHT="154"
                          WIDTH="2485"
                          VPOS="523"
                          HPOS="3587"
                          CONTENT="mengelinge boven al wel bedecht met soo draet seyndigh gelijck dese"/>
               </TextLine>
               <TextLine ID="region_1643968483916_4563l6"
                         BASELINE="3600,750 3723,744 3847,740 3970,736 4094,732 4217,728 4341,725 4464,722 4588,720 4711,718 4835,716 4958,712 5082,710 5205,708 5329,706 5452,702 5576,700 5699,696 5823,693 5946,688 6070,684"
                         HEIGHT="145"
                         WIDTH="2503"
                         VPOS="618"
                         HPOS="3583">
                  <String ID="string_region_1643968483916_4563l6"
                          HEIGHT="145"
                          WIDTH="2503"
                          VPOS="618"
                          HPOS="3583"
                          CONTENT="sijn dooch wel geperst u antw hier entrent sal gaerne verneme"/>
               </TextLine>
               <TextLine ID="region_1643968483916_4563l7"
                         BASELINE="3626,850 3747,846 3869,842 3991,839 4113,836 4235,833 4356,830 4478,828 4600,824 4722,822 4844,818 4965,816 5087,812 5209,808 5331,804 5453,798 5574,794 5696,788 5818,782 5940,774 6062,766"
                         HEIGHT="216"
                         WIDTH="2472"
                         VPOS="700"
                         HPOS="3608">
                  <String ID="string_region_1643968483916_4563l7"
                          HEIGHT="216"
                          WIDTH="2472"
                          VPOS="700"
                          HPOS="3608"
                          CONTENT="ingeslote remittere ue stl £500:- ten laste Jaqius Chauvell in sonde"/>
               </TextLine>
               <TextLine ID="region_1643968483916_4563l8"
                         BASELINE="3604,944 3720,942 3837,938 3954,936 4071,934 4188,932 4305,930 4422,928 4539,926 4656,924 4773,920 4889,918 5006,914 5123,911 5240,907 5357,903 5474,898 5591,893 5708,888 5825,880 5942,874"
                         HEIGHT="210"
                         WIDTH="2372"
                         VPOS="788"
                         HPOS="3586">
                  <String ID="string_region_1643968483916_4563l8"
                          HEIGHT="210"
                          WIDTH="2372"
                          VPOS="788"
                          HPOS="3586"
                          CONTENT="waervoren het nodigh gelieve te besorgen aden ontfangh cito"/>
               </TextLine>
               <TextLine ID="region_1643968483916_4563l9"
                         BASELINE="3600,1052 3676,1048 3752,1045 3829,1042 3905,1040 3982,1038 4058,1036 4134,1034 4211,1034 4287,1032 4364,1030 4440,1028 4516,1028 4593,1026 4669,1024 4746,1022 4822,1020 4898,1018 4975,1015 5051,1012 5128,1008"
                         HEIGHT="165"
                         WIDTH="1562"
                         VPOS="925"
                         HPOS="3582">
                  <String ID="string_region_1643968483916_4563l9"
                          HEIGHT="165"
                          WIDTH="1562"
                          VPOS="925"
                          HPOS="3582"
                          CONTENT="tadviseren aen die blijve naer gooet misse"/>
               </TextLine>
               <TextLine ID="region_1643968483916_4563l10"
                         BASELINE="3540,1210 3584,1205 3628,1202 3672,1200 3716,1198 3760,1196 3804,1196 3848,1196 3892,1194 3936,1194 3980,1194 4024,1194 4068,1194 4112,1194 4156,1194 4200,1194 4244,1194 4288,1192 4332,1190 4376,1188 4420,1184"
                         HEIGHT="217"
                         WIDTH="914"
                         VPOS="1052"
                         HPOS="3523">
                  <String ID="string_region_1643968483916_4563l10"
                          HEIGHT="217"
                          WIDTH="914"
                          VPOS="1052"
                          HPOS="3523"
                          CONTENT="twerton Beresfneck marck "/>
               </TextLine>
               <TextLine ID="region_1643968483916_4563l11"
                         BASELINE="5508,1208 5534,1207 5560,1206 5586,1206 5613,1204 5639,1204 5665,1202 5692,1202 5718,1200 5744,1200 5771,1198 5797,1198 5823,1197 5849,1196 5876,1194 5902,1193 5928,1192 5955,1191 5981,1189 6007,1188 6034,1186"
                         HEIGHT="166"
                         WIDTH="560"
                         VPOS="1081"
                         HPOS="5489">
                  <String ID="string_region_1643968483916_4563l11"
                          HEIGHT="166"
                          WIDTH="560"
                          VPOS="1081"
                          HPOS="5489"
                          CONTENT="Adij 20 mart 171"/>
               </TextLine>
               <TextLine ID="region_1643968483916_4563l12"
                         BASELINE="3618,1298 3734,1296 3850,1294 3966,1292 4082,1292 4198,1290 4314,1288 4430,1286 4546,1285 4662,1284 4779,1282 4895,1280 5011,1278 5127,1276 5243,1275 5359,1274 5475,1272 5591,1270 5707,1268 5823,1266 5940,1264"
                         HEIGHT="174"
                         WIDTH="2353"
                         VPOS="1181"
                         HPOS="3603">
                  <String ID="string_region_1643968483916_4563l12"
                          HEIGHT="174"
                          WIDTH="2353"
                          VPOS="1181"
                          HPOS="3603"
                          CONTENT="op &amp; 15 deser was aen ul mijnen laesten met den tweeden remise, voore"/>
               </TextLine>
               <TextLine ID="region_1643968483916_4563l13"
                         BASELINE="3602,1386 3723,1384 3845,1384 3966,1382 4088,1380 4209,1380 4331,1378 4452,1376 4574,1374 4695,1371 4817,1369 4938,1366 5060,1364 5181,1360 5303,1356 5424,1352 5546,1348 5667,1344 5789,1339 5910,1332 6032,1328"
                         HEIGHT="151"
                         WIDTH="2462"
                         VPOS="1274"
                         HPOS="3586">
                  <String ID="string_region_1643968483916_4563l13"
                          HEIGHT="151"
                          WIDTH="2462"
                          VPOS="1274"
                          HPOS="3586"
                          CONTENT=" £100:- ten laste Edward frouwd in london referrere mij aun den selven"/>
               </TextLine>
               <TextLine ID="region_1643968483916_4563l14"
                         BASELINE="3608,1484 3730,1481 3853,1479 3976,1476 4099,1474 4222,1472 4344,1470 4467,1468 4590,1466 4713,1464 4836,1462 4958,1459 5081,1456 5204,1452 5327,1448 5450,1444 5572,1440 5695,1434 5818,1428 5941,1423 6064,1416"
                         HEIGHT="212"
                         WIDTH="2489"
                         VPOS="1337"
                         HPOS="3590">
                  <String ID="string_region_1643968483916_4563l14"
                          HEIGHT="212"
                          WIDTH="2489"
                          VPOS="1337"
                          HPOS="3590"
                          CONTENT="sedert geene van ul desen al noch tot couverte van dingelijde remise"/>
               </TextLine>
               <TextLine ID="region_1643968483916_4563l15"
                         BASELINE="3600,1582 3724,1578 3848,1574 3972,1572 4096,1569 4220,1566 4344,1564 4468,1563 4592,1562 4716,1560 4841,1558 4965,1556 5089,1554 5213,1552 5337,1548 5461,1544 5585,1538 5709,1534 5833,1527 5957,1519 6082,1510"
                         HEIGHT="158"
                         WIDTH="2515"
                         VPOS="1444"
                         HPOS="3585">
                  <String ID="string_region_1643968483916_4563l15"
                          HEIGHT="158"
                          WIDTH="2515"
                          VPOS="1444"
                          HPOS="3585"
                          CONTENT="van stl £100:- ten laste voors dward frouwd, die is geaccepteert, gelieve"/>
               </TextLine>
               <TextLine ID="region_1643968483916_4563l16"
                         BASELINE="3588,1698 3702,1691 3817,1686 3932,1680 4047,1676 4162,1672 4276,1668 4391,1666 4506,1662 4621,1660 4736,1658 4850,1656 4965,1654 5080,1650 5195,1648 5310,1646 5424,1642 5539,1638 5654,1634 5769,1628 5884,1624"
                         HEIGHT="189"
                         WIDTH="2333"
                         VPOS="1535"
                         HPOS="3569">
                  <String ID="string_region_1643968483916_4563l16"
                          HEIGHT="189"
                          WIDTH="2333"
                          VPOS="1535"
                          HPOS="3569"
                          CONTENT="de waerde op sijn tijdt in te voordren eden ontfangh desen, soo haest"/>
               </TextLine>
               <TextLine ID="region_1643968483916_4563l17"
                         BASELINE="3592,1798 3714,1792 3836,1788 3958,1784 4081,1780 4203,1778 4325,1776 4448,1774 4570,1770 4692,1768 4815,1766 4937,1764 5059,1760 5181,1756 5304,1752 5426,1748 5548,1742 5671,1736 5793,1727 5915,1719 6038,1708"
                         HEIGHT="175"
                         WIDTH="2479"
                         VPOS="1667"
                         HPOS="3574">
                  <String ID="string_region_1643968483916_4563l17"
                          HEIGHT="175"
                          WIDTH="2479"
                          VPOS="1667"
                          HPOS="3574"
                          CONTENT="mogelijck te adviseren, te meer, om dat den selven geaccepteert is dat wat"/>
               </TextLine>
               <TextLine ID="region_1643968483916_4563l18"
                         BASELINE="3608,1906 3642,1902 3676,1900 3710,1896 3744,1895 3778,1893 3812,1892 3846,1892 3880,1892 3914,1892 3948,1892 3982,1892 4016,1892 4050,1892 4084,1892 4118,1891 4152,1890 4186,1890 4220,1888 4254,1885 4288,1884"
                         HEIGHT="119"
                         WIDTH="714"
                         VPOS="1808"
                         HPOS="3591">
                  <String ID="string_region_1643968483916_4563l18"
                          HEIGHT="119"
                          WIDTH="714"
                          VPOS="1808"
                          HPOS="3591"
                          CONTENT="minst verooosacc t"/>
               </TextLine>
               <TextLine ID="region_1643968483916_4563l19"
                         BASELINE="3584,2004 3702,2000 3820,1994 3938,1991 4057,1988 4175,1986 4293,1984 4412,1982 4530,1982 4648,1980 4767,1980 4885,1978 5003,1976 5121,1974 5240,1970 5358,1966 5476,1962 5595,1954 5713,1948 5831,1939 5950,1928"
                         HEIGHT="236"
                         WIDTH="2401"
                         VPOS="1820"
                         HPOS="3566">
                  <String ID="string_region_1643968483916_4563l19"
                          HEIGHT="236"
                          WIDTH="2401"
                          VPOS="1820"
                          HPOS="3566"
                          CONTENT="hebbe brieven van costij van andre vrinden die meeden dat bwinge den"/>
               </TextLine>
               <TextLine ID="region_1643968483916_4563l20"
                         BASELINE="3602,2102 3725,2098 3849,2096 3972,2092 4096,2090 4219,2086 4343,2083 4466,2080 4590,2076 4713,2073 4837,2070 4960,2065 5084,2060 5207,2056 5331,2050 5454,2044 5578,2036 5701,2030 5825,2021 5948,2013 6072,2004"
                         HEIGHT="195"
                         WIDTH="2503"
                         VPOS="1942"
                         HPOS="3586">
                  <String ID="string_region_1643968483916_4563l20"
                          HEIGHT="195"
                          WIDTH="2503"
                          VPOS="1942"
                          HPOS="3586"
                          CONTENT="26 pas. handen steel sijnde 9 deses van costij stont te vertrecken esedert"/>
               </TextLine>
               <TextLine ID="region_1643968483916_4563l21"
                         BASELINE="3592,2192 3711,2190 3830,2190 3949,2188 4069,2186 4188,2183 4307,2180 4427,2176 4546,2172 4665,2169 4785,2164 4904,2158 5023,2154 5142,2148 5262,2142 5381,2136 5500,2130 5620,2124 5739,2117 5858,2111 5978,2104"
                         HEIGHT="194"
                         WIDTH="2420"
                         VPOS="2033"
                         HPOS="3575">
                  <String ID="string_region_1643968483916_4563l21"
                          HEIGHT="194"
                          WIDTH="2420"
                          VPOS="2033"
                          HPOS="3575"
                          CONTENT="heeft den wint al eenen gemijnen tijdt goet geweert dogh tot noch"/>
               </TextLine>
               <TextLine ID="region_1643968483916_4563l22"
                         BASELINE="3586,2294 3707,2290 3828,2288 3949,2286 4070,2282 4191,2280 4312,2278 4433,2275 4554,2272 4675,2270 4796,2267 4917,2264 5038,2260 5159,2256 5280,2251 5401,2245 5522,2238 5643,2231 5764,2224 5885,2214 6006,2204"
                         HEIGHT="186"
                         WIDTH="2458"
                         VPOS="2147"
                         HPOS="3566">
                  <String ID="string_region_1643968483916_4563l22"
                          HEIGHT="186"
                          WIDTH="2458"
                          VPOS="2147"
                          HPOS="3566"
                          CONTENT="fre, wat van hem niets vernomen, gistren &amp; desen nacht, heeft het al"/>
               </TextLine>
               <TextLine ID="region_1643968483916_4563l23"
                         BASELINE="3584,2400 3707,2397 3831,2392 3955,2388 4079,2386 4203,2382 4327,2380 4451,2378 4575,2374 4699,2372 4823,2368 4946,2366 5070,2362 5194,2357 5318,2352 5442,2348 5566,2342 5690,2335 5814,2328 5938,2320 6062,2310"
                         HEIGHT="155"
                         WIDTH="2511"
                         VPOS="2277"
                         HPOS="3565">
                  <String ID="string_region_1643968483916_4563l23"
                          HEIGHT="155"
                          WIDTH="2511"
                          VPOS="2277"
                          HPOS="3565"
                          CONTENT="dapper gewaeydt, wil hoope op e niet sal sijn geweest aden den solven"/>
               </TextLine>
               <TextLine ID="region_1643968483916_4563l24"
                         BASELINE="3596,2500 3717,2497 3838,2494 3959,2490 4080,2486 4202,2484 4323,2481 4444,2478 4565,2476 4686,2472 4808,2470 4929,2466 5050,2462 5171,2458 5292,2455 5414,2450 5535,2446 5656,2442 5777,2435 5898,2431 6020,2424"
                         HEIGHT="153"
                         WIDTH="2457"
                         VPOS="2362"
                         HPOS="3577">
                  <String ID="string_region_1643968483916_4563l24"
                          HEIGHT="153"
                          WIDTH="2457"
                          VPOS="2362"
                          HPOS="3577"
                          CONTENT="in salvo sal arriveren dat godt wil geven de helft van d'assurant ie "/>
               </TextLine>
               <TextLine ID="region_1643968483916_4563l25"
                         BASELINE="3584,2600 3703,2598 3822,2596 3942,2595 4061,2594 4181,2592 4300,2589 4419,2586 4539,2584 4658,2581 4778,2578 4897,2574 5016,2570 5136,2565 5255,2562 5375,2555 5494,2550 5613,2543 5733,2536 5852,2529 5972,2522"
                         HEIGHT="197"
                         WIDTH="2423"
                         VPOS="2445"
                         HPOS="3567">
                  <String ID="string_region_1643968483916_4563l25"
                          HEIGHT="197"
                          WIDTH="2423"
                          VPOS="2445"
                          HPOS="3567"
                          CONTENT="van de baele 83: 84: 8 5 blijft voor ue ieck. als gescreve groete ue van"/>
               </TextLine>
               <TextLine ID="region_1643968483916_4563l26"
                         BASELINE="3594,2702 3621,2700 3649,2699 3676,2696 3704,2696 3732,2694 3759,2694 3787,2692 3814,2692 3842,2691 3870,2690 3897,2689 3925,2688 3952,2687 3980,2685 4008,2684 4035,2681 4063,2680 4090,2678 4118,2675 4146,2672"
                         HEIGHT="152"
                         WIDTH="592"
                         VPOS="2615"
                         HPOS="3574">
                  <String ID="string_region_1643968483916_4563l26"
                          HEIGHT="152"
                          WIDTH="592"
                          VPOS="2615"
                          HPOS="3574"
                          CONTENT="herten &amp; blijven"/>
               </TextLine>
               <TextLine ID="region_1643968483916_4563l27"
                         BASELINE="5536,2790 5563,2793 5590,2794 5617,2794 5644,2792 5671,2789 5698,2786 5725,2782 5752,2777 5779,2773 5806,2769 5833,2765 5860,2764"
                         HEIGHT="150"
                         WIDTH="364"
                         VPOS="2693"
                         HPOS="5512">
                  <String ID="string_region_1643968483916_4563l27"
                          HEIGHT="150"
                          WIDTH="364"
                          VPOS="2693"
                          HPOS="5512"
                          CONTENT="Adj "/>
               </TextLine>
               <TextLine ID="region_1643968483916_4563l28"
                         BASELINE="3520,2866 3563,2866 3606,2866 3649,2864 3692,2863 3735,2860 3778,2858 3821,2854 3864,2850 3907,2847 3950,2844 3993,2841 4036,2837 4079,2833 4122,2831 4165,2827 4208,2825 4251,2822 4294,2820 4337,2818 4380,2818"
                         HEIGHT="172"
                         WIDTH="895"
                         VPOS="2729"
                         HPOS="3502">
                  <String ID="string_region_1643968483916_4563l28"
                          HEIGHT="172"
                          WIDTH="895"
                          VPOS="2729"
                          HPOS="3502"
                          CONTENT="firerten wilt &amp; sam: sewis"/>
               </TextLine>
               <TextLine ID="region_1643968483916_4563l29"
                         BASELINE="3584,2964 3701,2960 3819,2958 3937,2954 4055,2950 4173,2948 4290,2944 4408,2940 4526,2937 4644,2932 4762,2928 4879,2924 4997,2920 5115,2914 5233,2910 5351,2904 5468,2898 5586,2892 5704,2885 5822,2878 5940,2870"
                         HEIGHT="202"
                         WIDTH="2388"
                         VPOS="2817"
                         HPOS="3565">
                  <String ID="string_region_1643968483916_4563l29"
                          HEIGHT="202"
                          WIDTH="2388"
                          VPOS="2817"
                          HPOS="3565"
                          CONTENT="op 17 pass was aen ue mijnen laetten met remise voor stl £100:"/>
               </TextLine>
               <TextLine ID="region_1643968483916_4563l30"
                         BASELINE="3572,3068 3694,3064 3816,3060 3938,3054 4060,3050 4182,3046 4304,3042 4426,3037 4548,3033 4670,3028 4792,3024 4914,3019 5036,3014 5158,3008 5280,3003 5402,2997 5524,2990 5646,2984 5768,2976 5890,2969 6012,2960"
                         HEIGHT="199"
                         WIDTH="2474"
                         VPOS="2894"
                         HPOS="3554">
                  <String ID="string_region_1643968483916_4563l30"
                          HEIGHT="199"
                          WIDTH="2474"
                          VPOS="2894"
                          HPOS="3554"
                          CONTENT="ten latte Jan herm: d'olmins in sonden als oock ordre voor 60 sanges"/>
               </TextLine>
               <TextLine ID="region_1643968483916_4563l31"
                         BASELINE="3566,3158 3689,3158 3813,3156 3937,3154 4060,3150 4184,3148 4308,3142 4431,3139 4555,3134 4679,3129 4803,3124 4926,3119 5050,3112 5174,3107 5297,3101 5421,3095 5545,3088 5668,3081 5792,3076 5916,3069 6040,3062"
                         HEIGHT="230"
                         WIDTH="2509"
                         VPOS="2986"
                         HPOS="3547">
                  <String ID="string_region_1643968483916_4563l31"
                          HEIGHT="230"
                          WIDTH="2509"
                          VPOS="2986"
                          HPOS="3547"
                          CONTENT="ngese ad sont &amp; 4o drapeen bette 22ps, waer aen mij gedroge, sedert"/>
               </TextLine>
               <TextLine ID="region_1643968483916_4563l32"
                         BASELINE="3560,3268 3683,3266 3806,3264 3929,3261 4053,3258 4176,3254 4299,3250 4423,3246 4546,3240 4669,3235 4793,3230 4916,3225 5039,3218 5162,3213 5286,3206 5409,3199 5532,3193 5656,3187 5779,3180 5902,3173 6026,3166"
                         HEIGHT="250"
                         WIDTH="2499"
                         VPOS="3090"
                         HPOS="3543">
                  <String ID="string_region_1643968483916_4563l32"
                          HEIGHT="250"
                          WIDTH="2499"
                          VPOS="3090"
                          HPOS="3543"
                          CONTENT="geene van f: verhope eghter den selven voor ne al wel geworden"/>
               </TextLine>
               <TextLine ID="region_1643968483916_4563l33"
                         BASELINE="3564,3378 3687,3376 3810,3374 3933,3372 4057,3368 4180,3364 4303,3359 4427,3355 4550,3350 4673,3344 4797,3338 4920,3332 5043,3326 5166,3320 5290,3312 5413,3306 5536,3300 5660,3292 5783,3286 5906,3280 6030,3274"
                         HEIGHT="208"
                         WIDTH="2501"
                         VPOS="3187"
                         HPOS="3546">
                  <String ID="string_region_1643968483916_4563l33"
                          HEIGHT="208"
                          WIDTH="2501"
                          VPOS="3187"
                          HPOS="3546"
                          CONTENT="is, desen, om al: al noch te senden dingeslote remise van 183:14"/>
               </TextLine>
               <TextLine ID="region_1643968483916_4563l34"
                         BASELINE="3562,3488 3683,3486 3805,3482 3926,3478 4048,3474 4170,3470 4291,3465 4413,3461 4534,3456 4656,3450 4778,3445 4899,3439 5021,3432 5142,3426 5264,3420 5386,3413 5507,3406 5629,3398 5750,3390 5872,3382 5994,3374"
                         HEIGHT="191"
                         WIDTH="2469"
                         VPOS="3318"
                         HPOS="3542">
                  <String ID="string_region_1643968483916_4563l34"
                          HEIGHT="191"
                          WIDTH="2469"
                          VPOS="3318"
                          HPOS="3542"
                          CONTENT="ten latte mathieu testas in londen waer vore het noodigh gelieve"/>
               </TextLine>
               <TextLine ID="region_1643968483916_4563l35"
                         BASELINE="3562,3580 3682,3580 3803,3578 3923,3576 4044,3573 4164,3570 4285,3566 4405,3561 4526,3555 4646,3550 4767,3543 4887,3538 5008,3532 5128,3525 5249,3518 5369,3512 5490,3506 5610,3500 5731,3494 5851,3488 5972,3484"
                         HEIGHT="197"
                         WIDTH="2444"
                         VPOS="3402"
                         HPOS="3545">
                  <String ID="string_region_1643968483916_4563l35"
                          HEIGHT="197"
                          WIDTH="2444"
                          VPOS="3402"
                          HPOS="3545"
                          CONTENT="te besorgken dienende tot slos van de drij gesondene baele, waer op"/>
               </TextLine>
               <TextLine ID="region_1643968483916_4563l36"
                         BASELINE="3570,3688 3686,3688 3802,3686 3919,3684 4035,3680 4152,3676 4268,3672 4384,3668 4501,3663 4617,3658 4734,3651 4850,3645 4966,3638 5083,3632 5199,3624 5316,3618 5432,3612 5548,3604 5665,3598 5781,3591 5898,3586"
                         HEIGHT="206"
                         WIDTH="2363"
                         VPOS="3528"
                         HPOS="3550">
                  <String ID="string_region_1643968483916_4563l36"
                          HEIGHT="206"
                          WIDTH="2363"
                          VPOS="3528"
                          HPOS="3550"
                          CONTENT="n'ainden sal £1:400 en minder voort packdoeck alrooard dat aen"/>
               </TextLine>
               <TextLine ID="region_1643968483916_4563l37"
                         BASELINE="3582,3808 3705,3804 3828,3800 3951,3798 4074,3794 4197,3790 4320,3786 4443,3782 4566,3776 4689,3772 4813,3766 4936,3760 5059,3755 5182,3748 5305,3741 5428,3734 5551,3726 5674,3717 5797,3708 5920,3698 6044,3688"
                         HEIGHT="325"
                         WIDTH="2496"
                         VPOS="3556"
                         HPOS="3563">
                  <String ID="string_region_1643968483916_4563l37"
                          HEIGHT="325"
                          WIDTH="2496"
                          VPOS="3556"
                          HPOS="3563"
                          CONTENT="niemant goedt doen, derhalve gelieve die rest. daer mede te salderen"/>
               </TextLine>
               <TextLine ID="region_1643968483916_4563l38"
                         BASELINE="3570,3932 3688,3924 3807,3918 3926,3912 4045,3908 4164,3903 4283,3898 4402,3894 4521,3890 4640,3886 4759,3881 4877,3878 4996,3872 5115,3867 5234,3861 5353,3856 5472,3849 5591,3840 5710,3832 5829,3823 5948,3812"
                         HEIGHT="207"
                         WIDTH="2414"
                         VPOS="3741"
                         HPOS="3551">
                  <String ID="string_region_1643968483916_4563l38"
                          HEIGHT="207"
                          WIDTH="2414"
                          VPOS="3741"
                          HPOS="3551"
                          CONTENT="&amp; den ontfangh deser lodiederen aen naer gerdiale, groetenisse"/>
               </TextLine>
               <TextLine ID="region_1643968483916_4563l39"
                         BASELINE="3554,4062 3580,4060 3607,4058 3634,4055 3660,4050 3687,4046 3714,4042 3741,4037 3767,4032 3794,4029 3821,4026 3848,4024"
                         HEIGHT="174"
                         WIDTH="334"
                         VPOS="3941"
                         HPOS="3531">
                  <String ID="string_region_1643968483916_4563l39"
                          HEIGHT="174"
                          WIDTH="334"
                          VPOS="3941"
                          HPOS="3531"
                          CONTENT="blijve"/>
               </TextLine>
            </TextBlock>
         </PrintSpace>
      </Page>
   </Layout>
</alto>
