<?xml version="1.0" encoding="UTF-8"?>
<alto xmlns:xsi="http://www.w3.org/2001/XMLSchema-instance"
      xmlns="http://www.loc.gov/standards/alto/ns-v4#"
      xmlns:page="http://schema.primaresearch.org/PAGE/gts/pagecontent/2013-07-15"
      xsi:schemaLocation="http://www.loc.gov/standards/alto/ns-v4# https://www.loc.gov/standards/alto/v4/alto.xsd">
   <Description>
      <MeasurementUnit>pixel</MeasurementUnit>
      <OCRProcessing ID="IdOcr">
         <ocrProcessingStep>
            <processingDateTime>2022-02-11T21:38:37.017+01:00</processingDateTime>
            <processingSoftware>
               <softwareCreator>READ COOP</softwareCreator>
               <softwareName>Transkribus</softwareName>
            </processingSoftware>
         </ocrProcessingStep>
      </OCRProcessing>
   </Description>
   <Layout>
      <Page ID="Page1" PHYSICAL_IMG_NR="1" HEIGHT="4617" WIDTH="8378">
         <TopMargin HEIGHT="0" WIDTH="8378" VPOS="0" HPOS="0"/>
         <LeftMargin HEIGHT="4617" WIDTH="0" VPOS="0" HPOS="0"/>
         <RightMargin HEIGHT="4617" WIDTH="0" VPOS="0" HPOS="8378"/>
         <BottomMargin HEIGHT="0" WIDTH="8378" VPOS="4617" HPOS="0"/>
         <PrintSpace HEIGHT="4617" WIDTH="8378" VPOS="0" HPOS="0">
            <TextBlock ID="region_1643962316766_1368"
                       HEIGHT="4279"
                       WIDTH="2653"
                       VPOS="151"
                       HPOS="669">
               <Shape>
                  <Polygon POINTS="669,151 3322,151 3322,4430 669,4430"/>
               </Shape>
               <TextLine ID="region_1643962316766_1368l1"
                         BASELINE="984,244 1050,246 1117,246 1183,246 1250,246 1316,248 1383,247 1449,246 1516,246 1582,246 1649,246 1715,246 1782,245 1848,244 1915,244 1981,244 2048,244 2114,244 2181,244 2247,244 2314,246"
                         HEIGHT="124"
                         WIDTH="1360"
                         VPOS="185"
                         HPOS="969">
                  <String ID="string_region_1643962316766_1368l1"
                          HEIGHT="124"
                          WIDTH="1360"
                          VPOS="185"
                          HPOS="969"
                          CONTENT="oorders versoecke mij te crediteren"/>
               </TextLine>
               <TextLine ID="region_1643962316766_1368l2"
                         BASELINE="1046,348 1094,346 1143,343 1192,340 1240,340 1289,338 1338,338 1386,338 1435,338 1484,338 1533,340 1581,340 1630,340 1679,342 1727,342 1776,342 1825,342 1873,340 1922,340 1971,338 2020,336"
                         HEIGHT="175"
                         WIDTH="1005"
                         VPOS="237"
                         HPOS="1030">
                  <String ID="string_region_1643962316766_1368l2"
                          HEIGHT="175"
                          WIDTH="1005"
                          VPOS="237"
                          HPOS="1030"
                          CONTENT="voor 1 sarge battard 22 gd. "/>
               </TextLine>
               <TextLine ID="region_1643962316766_1368l3"
                         BASELINE="2958,342 2983,344 3008,346 3034,347 3059,348 3085,348 3110,348 3135,348 3161,347 3186,346 3212,344"
                         HEIGHT="133"
                         WIDTH="286"
                         VPOS="245"
                         HPOS="2941">
                  <String ID="string_region_1643962316766_1368l3"
                          HEIGHT="133"
                          WIDTH="286"
                          VPOS="245"
                          HPOS="2941"
                          CONTENT="ƒ 22:10"/>
               </TextLine>
               <TextLine ID="region_1643962316766_1368l4"
                         BASELINE="980,446 1095,442 1211,440 1327,438 1442,436 1558,436 1674,436 1789,436 1905,436 2021,436 2137,436 2252,438 2368,438 2484,440 2599,440 2715,440 2831,440 2946,440 3062,440 3178,440 3294,438"
                         HEIGHT="129"
                         WIDTH="2344"
                         VPOS="372"
                         HPOS="965">
                  <String ID="string_region_1643962316766_1368l4"
                          HEIGHT="129"
                          WIDTH="2344"
                          VPOS="372"
                          HPOS="965"
                          CONTENT="in wissel gelde hebbe ul gecrediteert voor een hondert negentigh"/>
               </TextLine>
               <TextLine ID="region_1643962316766_1368l5"
                         BASELINE="992,550 1105,544 1218,540 1332,536 1445,532 1559,528 1672,526 1785,523 1899,522 2012,520 2126,518 2239,518 2352,518 2466,520 2579,520 2693,522 2806,526 2919,528 3033,533 3146,538 3260,544"
                         HEIGHT="168"
                         WIDTH="2298"
                         VPOS="432"
                         HPOS="976">
                  <String ID="string_region_1643962316766_1368l5"
                          HEIGHT="168"
                          WIDTH="2298"
                          VPOS="432"
                          HPOS="976"
                          CONTENT="guldens wissel gelde, die e beminde mij betaelt heeft waer in "/>
               </TextLine>
               <TextLine ID="region_1643962316766_1368l6"
                         BASELINE="992,642 1097,636 1203,632 1308,629 1414,626 1519,622 1625,620 1730,616 1836,614 1941,612 2047,610 2152,608 2258,606 2363,605 2469,604 2574,602 2680,602 2785,600 2891,600 2996,598 3102,598"
                         HEIGHT="134"
                         WIDTH="2140"
                         VPOS="518"
                         HPOS="977">
                  <String ID="string_region_1643962316766_1368l6"
                          HEIGHT="134"
                          WIDTH="2140"
                          VPOS="518"
                          HPOS="977"
                          CONTENT="e vorders dinstigh magh wesen gelieve te commanderen"/>
               </TextLine>
               <TextLine ID="region_1643962316766_1368l7"
                         BASELINE="980,742 1093,740 1206,738 1319,735 1432,732 1545,729 1658,726 1771,724 1884,720 1997,717 2110,714 2223,712 2336,710 2449,707 2562,706 2675,704 2788,702 2901,702 3014,702 3127,704 3240,706"
                         HEIGHT="193"
                         WIDTH="2293"
                         VPOS="596"
                         HPOS="963">
                  <String ID="string_region_1643962316766_1368l7"
                          HEIGHT="193"
                          WIDTH="2293"
                          VPOS="596"
                          HPOS="963"
                          CONTENT="gelieve het ingeslote stael boekie cito te rugge te senden met"/>
               </TextLine>
               <TextLine ID="region_1643962316766_1368l8"
                         BASELINE="1006,826 1033,828 1060,828 1088,828 1115,826 1143,826 1170,824 1197,824 1225,824 1252,824 1280,824"
                         HEIGHT="118"
                         WIDTH="308"
                         VPOS="743"
                         HPOS="989">
                  <String ID="string_region_1643962316766_1368l8"
                          HEIGHT="118"
                          WIDTH="308"
                          VPOS="743"
                          HPOS="989"
                          CONTENT="ie ordres"/>
               </TextLine>
               <TextLine ID="region_1643962316766_1368l9"
                         BASELINE="2612,932 2644,930 2676,930 2708,930 2741,930 2773,932 2805,932 2838,933 2870,934 2902,936 2935,936 2967,938 2999,938 3031,939 3064,940 3096,940 3128,940 3161,940 3193,940 3225,939 3258,938"
                         HEIGHT="169"
                         WIDTH="679"
                         VPOS="833"
                         HPOS="2595">
                  <String ID="string_region_1643962316766_1368l9"
                          HEIGHT="169"
                          WIDTH="679"
                          VPOS="833"
                          HPOS="2595"
                          CONTENT="Adij 23 febru 1714"/>
               </TextLine>
               <TextLine ID="region_1643962316766_1368l10"
                         BASELINE="862,978 907,978 953,978 999,976 1045,976 1091,976 1136,974 1182,974 1228,973 1274,972 1320,972 1365,970 1411,969 1457,967 1503,966 1549,964 1594,962 1640,961 1686,959 1732,957 1778,954"
                         HEIGHT="220"
                         WIDTH="949"
                         VPOS="831"
                         HPOS="843">
                  <String ID="string_region_1643962316766_1368l10"
                          HEIGHT="220"
                          WIDTH="949"
                          VPOS="831"
                          HPOS="843"
                          CONTENT="Tournant Jan Be Sobert"/>
               </TextLine>
               <TextLine ID="region_1643962316766_1368l11"
                         BASELINE="996,1070 1111,1066 1226,1063 1341,1060 1457,1058 1572,1056 1687,1054 1803,1053 1918,1052 2033,1050 2149,1050 2264,1050 2379,1050 2494,1050 2610,1050 2725,1050 2840,1050 2956,1050 3071,1050 3186,1050 3302,1050"
                         HEIGHT="171"
                         WIDTH="2334"
                         VPOS="931"
                         HPOS="981">
                  <String ID="string_region_1643962316766_1368l11"
                          HEIGHT="171"
                          WIDTH="2334"
                          VPOS="931"
                          HPOS="981"
                          CONTENT="ul aengename van 17 past. wel ontfangher qu assignatie ter present"/>
               </TextLine>
               <TextLine ID="region_1643962316766_1368l12"
                         BASELINE="996,1164 1106,1162 1217,1160 1327,1158 1438,1156 1549,1153 1659,1150 1770,1148 1880,1144 1991,1142 2102,1138 2212,1136 2323,1134 2433,1132 2544,1130 2655,1130 2765,1128 2876,1130 2986,1130 3097,1132 3208,1134"
                         HEIGHT="115"
                         WIDTH="2243"
                         VPOS="1081"
                         HPOS="978">
                  <String ID="string_region_1643962316766_1368l12"
                          HEIGHT="115"
                          WIDTH="2243"
                          VPOS="1081"
                          HPOS="978"
                          CONTENT="atie prompt voldaen, de tijcken sijn nu maer eerst van hier"/>
               </TextLine>
               <TextLine ID="region_1643962316766_1368l13"
                         BASELINE="986,1266 1098,1266 1210,1264 1323,1262 1435,1260 1548,1256 1660,1253 1772,1249 1885,1246 1997,1242 2110,1238 2222,1234 2334,1232 2447,1230 2559,1228 2672,1226 2784,1226 2896,1226 3009,1229 3121,1232 3234,1236"
                         HEIGHT="168"
                         WIDTH="2280"
                         VPOS="1136"
                         HPOS="969">
                  <String ID="string_region_1643962316766_1368l13"
                          HEIGHT="168"
                          WIDTH="2280"
                          VPOS="1136"
                          HPOS="969"
                          CONTENT="versonden hope den almogende de selve in salvo sal laten"/>
               </TextLine>
               <TextLine ID="region_1643962316766_1368l14"
                         BASELINE="982,1372 1096,1368 1211,1366 1325,1362 1440,1358 1554,1356 1669,1352 1783,1349 1898,1346 2012,1342 2127,1340 2241,1338 2356,1336 2470,1334 2585,1332 2699,1332 2814,1332 2928,1334 3043,1334 3157,1338 3272,1340"
                         HEIGHT="151"
                         WIDTH="2320"
                         VPOS="1268"
                         HPOS="966">
                  <String ID="string_region_1643962316766_1368l14"
                          HEIGHT="151"
                          WIDTH="2320"
                          VPOS="1268"
                          HPOS="966"
                          CONTENT="arriveren, soo haest die in Englant sijn, geloove noch meerdre"/>
               </TextLine>
               <TextLine ID="region_1643962316766_1368l15"
                         BASELINE="970,1458 1085,1456 1201,1454 1317,1452 1432,1450 1548,1446 1664,1442 1779,1440 1895,1436 2011,1433 2127,1429 2242,1426 2358,1424 2474,1422 2589,1420 2705,1420 2821,1420 2936,1420 3052,1422 3168,1426 3284,1430"
                         HEIGHT="149"
                         WIDTH="2346"
                         VPOS="1337"
                         HPOS="953">
                  <String ID="string_region_1643962316766_1368l15"
                          HEIGHT="149"
                          WIDTH="2346"
                          VPOS="1337"
                          HPOS="953"
                          CONTENT="partijen sal ontbeeden soo enigh avance daer bij te halen is"/>
               </TextLine>
               <TextLine ID="region_1643962316766_1368l16"
                         BASELINE="992,1574 1104,1572 1216,1569 1328,1566 1440,1562 1552,1558 1664,1552 1776,1546 1888,1542 2000,1536 2113,1530 2225,1526 2337,1520 2449,1517 2561,1513 2673,1510 2785,1509 2897,1508 3009,1510 3121,1512 3234,1516"
                         HEIGHT="216"
                         WIDTH="2272"
                         VPOS="1420"
                         HPOS="975">
                  <String ID="string_region_1643962316766_1368l16"
                          HEIGHT="216"
                          WIDTH="2272"
                          VPOS="1420"
                          HPOS="975"
                          CONTENT="verhalve gelieve te laten weten, oft die fabrigne niet aent"/>
               </TextLine>
               <TextLine ID="region_1643962316766_1368l17"
                         BASELINE="970,1670 1085,1668 1200,1665 1315,1662 1431,1658 1546,1653 1661,1648 1777,1643 1892,1638 2007,1633 2123,1628 2238,1623 2353,1619 2468,1616 2584,1612 2699,1610 2814,1608 2930,1608 3045,1608 3160,1610 3276,1612"
                         HEIGHT="145"
                         WIDTH="2340"
                         VPOS="1545"
                         HPOS="951">
                  <String ID="string_region_1643962316766_1368l17"
                          HEIGHT="145"
                          WIDTH="2340"
                          VPOS="1545"
                          HPOS="951"
                          CONTENT="daelen is &amp; de prijsen te noteren dit sijnde het nodige de ses"/>
               </TextLine>
               <TextLine ID="region_1643962316766_1368l18"
                         BASELINE="998,1794 1043,1790 1088,1785 1133,1783 1178,1780 1223,1777 1268,1775 1313,1773 1358,1770 1403,1770 1449,1768 1494,1766 1539,1765 1584,1763 1629,1762 1674,1760 1719,1758 1764,1755 1809,1754 1854,1750 1900,1748"
                         HEIGHT="208"
                         WIDTH="939"
                         VPOS="1648"
                         HPOS="977">
                  <String ID="string_region_1643962316766_1368l18"
                          HEIGHT="208"
                          WIDTH="939"
                          VPOS="1648"
                          HPOS="977"
                          CONTENT="blijve naer groetenijse"/>
               </TextLine>
               <TextLine ID="region_1643962316766_1368l19"
                         BASELINE="2742,1972 2768,1970 2794,1967 2820,1966 2846,1966 2873,1966 2899,1966 2925,1967 2951,1968 2978,1970 3004,1971 3030,1973 3056,1975 3082,1978 3109,1980 3135,1982 3161,1984 3187,1985 3214,1988"
                         HEIGHT="183"
                         WIDTH="506"
                         VPOS="1852"
                         HPOS="2727">
                  <String ID="string_region_1643962316766_1368l19"
                          HEIGHT="183"
                          WIDTH="506"
                          VPOS="1852"
                          HPOS="2727"
                          CONTENT="Adij d 1714"/>
               </TextLine>
               <TextLine ID="region_1643962316766_1368l20"
                         BASELINE="948,2014 1011,2010 1074,2006 1137,2003 1201,1999 1264,1996 1327,1991 1391,1987 1454,1984 1517,1979 1581,1976 1644,1972 1707,1968 1770,1964 1834,1962 1897,1958 1960,1955 2024,1953 2087,1950 2150,1948 2214,1946"
                         HEIGHT="220"
                         WIDTH="1301"
                         VPOS="1846"
                         HPOS="929">
                  <String ID="string_region_1643962316766_1368l20"
                          HEIGHT="220"
                          WIDTH="1301"
                          VPOS="1846"
                          HPOS="929"
                          CONTENT="Brugge Gillis Van Coppenolle"/>
               </TextLine>
               <TextLine ID="region_1643962316766_1368l21"
                         BASELINE="988,2120 1094,2116 1200,2112 1307,2110 1413,2106 1520,2104 1626,2101 1732,2098 1839,2096 1945,2094 2052,2092 2158,2090 2264,2090 2371,2088 2477,2088 2584,2088 2690,2088 2796,2088 2903,2089 3009,2090 3116,2092"
                         HEIGHT="168"
                         WIDTH="2157"
                         VPOS="1979"
                         HPOS="973">
                  <String ID="string_region_1643962316766_1368l21"
                          HEIGHT="168"
                          WIDTH="2157"
                          VPOS="1979"
                          HPOS="973"
                          CONTENT="ul aengename 21 desen wel ontfanghen daer benevens eene "/>
               </TextLine>
               <TextLine ID="region_1643962316766_1368l22"
                         BASELINE="994,2210 1105,2210 1216,2206 1327,2204 1439,2200 1550,2196 1661,2192 1773,2188 1884,2186 1995,2182 2107,2178 2218,2176 2329,2174 2440,2172 2552,2172 2663,2174 2774,2176 2886,2179 2997,2184 3108,2190 3220,2198"
                         HEIGHT="149"
                         WIDTH="2256"
                         VPOS="2075"
                         HPOS="979">
                  <String ID="string_region_1643962316766_1368l22"
                          HEIGHT="149"
                          WIDTH="2256"
                          VPOS="2075"
                          HPOS="979"
                          CONTENT="notitie voor twee centificatien ten weeten d'eene van 6 balloten"/>
               </TextLine>
               <TextLine ID="region_1643962316766_1368l23"
                         BASELINE="1008,2314 1120,2310 1232,2306 1344,2302 1456,2299 1568,2296 1680,2292 1792,2288 1904,2285 2016,2282 2128,2278 2240,2276 2352,2274 2464,2272 2576,2272 2688,2272 2800,2272 2912,2272 3024,2274 3136,2276 3248,2280"
                         HEIGHT="172"
                         WIDTH="2272"
                         VPOS="2178"
                         HPOS="991">
                  <String ID="string_region_1643962316766_1368l23"
                          HEIGHT="172"
                          WIDTH="2272"
                          VPOS="2178"
                          HPOS="991"
                          CONTENT="met 273 ps sarges dat met d'accord bevinde wel 40 ps de cont"/>
               </TextLine>
               <TextLine ID="region_1643962316766_1368l24"
                         BASELINE="986,2420 1101,2418 1216,2416 1331,2412 1446,2408 1561,2404 1676,2399 1791,2393 1906,2388 2021,2384 2137,2380 2252,2376 2367,2372 2482,2370 2597,2368 2712,2368 2827,2368 2942,2372 3057,2376 3172,2381 3288,2390"
                         HEIGHT="189"
                         WIDTH="2334"
                         VPOS="2256"
                         HPOS="969">
                  <String ID="string_region_1643962316766_1368l24"
                          HEIGHT="189"
                          WIDTH="2334"
                          VPOS="2256"
                          HPOS="969"
                          CONTENT="soo gelieve te leten hoe die certificatien vraghen moet, d'andren"/>
               </TextLine>
               <TextLine ID="region_1643962316766_1368l25"
                         BASELINE="1004,2520 1117,2518 1230,2514 1343,2511 1456,2508 1569,2504 1682,2500 1795,2494 1908,2490 2021,2486 2134,2482 2247,2478 2360,2475 2473,2472 2586,2470 2699,2470 2812,2468 2925,2470 3038,2472 3151,2474 3264,2478"
                         HEIGHT="168"
                         WIDTH="2293"
                         VPOS="2371"
                         HPOS="986">
                  <String ID="string_region_1643962316766_1368l25"
                          HEIGHT="168"
                          WIDTH="2293"
                          VPOS="2371"
                          HPOS="986"
                          CONTENT="van 9 ballotten met 467 ps is wel hebbe aen ul pack, met"/>
               </TextLine>
               <TextLine ID="region_1643962316766_1368l26"
                         BASELINE="992,2606 1104,2605 1217,2603 1330,2600 1443,2598 1556,2594 1668,2592 1781,2590 1894,2586 2007,2582 2120,2580 2232,2576 2345,2574 2458,2572 2571,2569 2684,2568 2796,2566 2909,2566 3022,2564 3135,2566 3248,2566"
                         HEIGHT="127"
                         WIDTH="2288"
                         VPOS="2479"
                         HPOS="976">
                  <String ID="string_region_1643962316766_1368l26"
                          HEIGHT="127"
                          WIDTH="2288"
                          VPOS="2479"
                          HPOS="976"
                          CONTENT="tyeken gesonden om op londen te laden &amp; terwijlen u leghen "/>
               </TextLine>
               <TextLine ID="region_1643962316766_1368l27"
                         BASELINE="972,2690 1082,2690 1192,2690 1302,2688 1412,2686 1523,2684 1633,2682 1743,2680 1853,2676 1963,2674 2074,2672 2184,2668 2294,2666 2404,2664 2514,2661 2625,2658 2735,2657 2845,2655 2955,2654 3065,2654 3176,2652"
                         HEIGHT="177"
                         WIDTH="2238"
                         VPOS="2571"
                         HPOS="954">
                  <String ID="string_region_1643962316766_1368l27"
                          HEIGHT="177"
                          WIDTH="2238"
                          VPOS="2571"
                          HPOS="954"
                          CONTENT="dat ad van linmbergen in ladinge leght soo dat een goet"/>
               </TextLine>
               <TextLine ID="region_1643962316766_1368l28"
                         BASELINE="1000,2774 1114,2773 1229,2772 1343,2770 1458,2768 1573,2766 1687,2766 1802,2764 1916,2762 2031,2760 2146,2758 2260,2756 2375,2754 2489,2751 2604,2748 2719,2746 2833,2744 2948,2740 3062,2738 3177,2734 3292,2732"
                         HEIGHT="153"
                         WIDTH="2321"
                         VPOS="2654"
                         HPOS="985">
                  <String ID="string_region_1643962316766_1368l28"
                          HEIGHT="153"
                          WIDTH="2321"
                          VPOS="2654"
                          HPOS="985"
                          CONTENT="schip en schipper is moght het selve wel in hem laden dagh"/>
               </TextLine>
               <TextLine ID="region_1643962316766_1368l29"
                         BASELINE="1020,2872 1133,2869 1246,2866 1359,2862 1472,2860 1585,2856 1698,2854 1811,2850 1924,2848 2037,2846 2150,2844 2263,2841 2376,2839 2489,2836 2602,2834 2715,2832 2828,2829 2941,2826 3054,2824 3167,2822 3280,2818"
                         HEIGHT="141"
                         WIDTH="2292"
                         VPOS="2775"
                         HPOS="1002">
                  <String ID="string_region_1643962316766_1368l29"
                          HEIGHT="141"
                          WIDTH="2292"
                          VPOS="2775"
                          HPOS="1002"
                          CONTENT="wel te sorghen, dat het ontrent de weter pompt, niet gestont wort"/>
               </TextLine>
               <TextLine ID="region_1643962316766_1368l30"
                         BASELINE="994,2972 1107,2970 1220,2967 1333,2964 1446,2960 1559,2956 1672,2952 1785,2949 1898,2946 2011,2942 2125,2938 2238,2935 2351,2932 2464,2929 2577,2926 2690,2924 2803,2921 2916,2919 3029,2918 3142,2916 3256,2916"
                         HEIGHT="182"
                         WIDTH="2294"
                         VPOS="2829"
                         HPOS="977">
                  <String ID="string_region_1643962316766_1368l30"
                          HEIGHT="182"
                          WIDTH="2294"
                          VPOS="2829"
                          HPOS="977"
                          CONTENT="die sorge wert ul gerecommandeent, moet geaddreseert worden"/>
               </TextLine>
               <TextLine ID="region_1643962316766_1368l31"
                         BASELINE="1006,3070 1113,3068 1221,3066 1328,3063 1436,3061 1544,3059 1651,3056 1759,3054 1866,3052 1974,3049 2082,3046 2189,3044 2297,3042 2404,3038 2512,3036 2620,3032 2727,3029 2835,3026 2942,3022 3050,3018 3158,3014"
                         HEIGHT="195"
                         WIDTH="2185"
                         VPOS="2939"
                         HPOS="990">
                  <String ID="string_region_1643962316766_1368l31"
                          HEIGHT="195"
                          WIDTH="2185"
                          VPOS="2939"
                          HPOS="990"
                          CONTENT="aen d heer Charles hamilton tot london tot u governe"/>
               </TextLine>
               <TextLine ID="region_1643962316766_1368l32"
                         BASELINE="1002,3186 1115,3183 1228,3180 1341,3177 1454,3174 1567,3172 1680,3170 1793,3168 1906,3165 2019,3162 2132,3160 2245,3156 2358,3154 2471,3150 2584,3146 2697,3140 2810,3135 2923,3129 3036,3122 3149,3114 3262,3106"
                         HEIGHT="180"
                         WIDTH="2293"
                         VPOS="3038"
                         HPOS="984">
                  <String ID="string_region_1643962316766_1368l32"
                          HEIGHT="180"
                          WIDTH="2293"
                          VPOS="3038"
                          HPOS="984"
                          CONTENT="Buridge van abson, wort verwaght, dagh geloeve niet noch"/>
               </TextLine>
               <TextLine ID="region_1643962316766_1368l33"
                         BASELINE="1012,3278 1117,3273 1222,3270 1327,3266 1433,3262 1538,3260 1643,3258 1749,3256 1854,3254 1959,3252 2065,3250 2170,3246 2275,3244 2380,3241 2486,3238 2591,3234 2696,3230 2802,3225 2907,3220 3012,3214 3118,3206"
                         HEIGHT="149"
                         WIDTH="2140"
                         VPOS="3141"
                         HPOS="995">
                  <String ID="string_region_1643962316766_1368l33"
                          HEIGHT="149"
                          WIDTH="2140"
                          VPOS="3141"
                          HPOS="995"
                          CONTENT="haet, voor den daeh comer sal soo a daer iets van"/>
               </TextLine>
               <TextLine ID="region_1643962316766_1368l34"
                         BASELINE="1016,3362 1126,3358 1236,3355 1346,3352 1456,3350 1566,3346 1676,3344 1786,3342 1896,3340 2006,3339 2116,3336 2226,3334 2336,3332 2446,3330 2556,3326 2666,3323 2776,3318 2886,3314 2996,3308 3106,3302 3216,3296"
                         HEIGHT="138"
                         WIDTH="2230"
                         VPOS="3248"
                         HPOS="999">
                  <String ID="string_region_1643962316766_1368l34"
                          HEIGHT="138"
                          WIDTH="2230"
                          VPOS="3248"
                          HPOS="999"
                          CONTENT="vernempt gelieve te laten weten ben daer bij geintresseert"/>
               </TextLine>
               <TextLine ID="region_1643962316766_1368l35"
                         BASELINE="1012,3452 1071,3454 1131,3454 1191,3454 1250,3454 1310,3454 1370,3454 1429,3452 1489,3452 1549,3450 1609,3447 1668,3446 1728,3443 1788,3440 1847,3438 1907,3436 1967,3434 2026,3431 2086,3428 2146,3426 2206,3424"
                         HEIGHT="176"
                         WIDTH="1226"
                         VPOS="3334"
                         HPOS="995">
                  <String ID="string_region_1643962316766_1368l35"
                          HEIGHT="176"
                          WIDTH="1226"
                          VPOS="3334"
                          HPOS="995"
                          CONTENT="ie ven herte groentende Blijve"/>
               </TextLine>
               <TextLine ID="region_1643962316766_1368l36"
                         BASELINE="2692,3566 2719,3563 2746,3561 2773,3560 2801,3560 2828,3558 2855,3558 2883,3558 2910,3558 2937,3558 2965,3558 2992,3558 3019,3558 3046,3558 3074,3558 3101,3558 3128,3558 3156,3556 3183,3556 3210,3554 3238,3552"
                         HEIGHT="193"
                         WIDTH="578"
                         VPOS="3426"
                         HPOS="2675">
                  <String ID="string_region_1643962316766_1368l36"
                          HEIGHT="193"
                          WIDTH="578"
                          VPOS="3426"
                          HPOS="2675"
                          CONTENT="Ady d 1714"/>
               </TextLine>
               <TextLine ID="region_1643962316766_1368l37"
                         BASELINE="924,3592 969,3594 1015,3595 1061,3596 1107,3597 1153,3598 1198,3598 1244,3596 1290,3596 1336,3594 1382,3593 1427,3592 1473,3589 1519,3588 1565,3585 1611,3582 1656,3580 1702,3576 1748,3574 1794,3572 1840,3568"
                         HEIGHT="214"
                         WIDTH="949"
                         VPOS="3440"
                         HPOS="907">
                  <String ID="string_region_1643962316766_1368l37"
                          HEIGHT="214"
                          WIDTH="949"
                          VPOS="3440"
                          HPOS="907"
                          CONTENT="Cadix Louis alle baut"/>
               </TextLine>
               <TextLine ID="region_1643962316766_1368l38"
                         BASELINE="1016,3688 1130,3688 1244,3688 1359,3686 1473,3685 1588,3683 1702,3681 1816,3678 1931,3676 2045,3672 2160,3670 2274,3668 2388,3664 2503,3662 2617,3660 2732,3658 2846,3658 2960,3658 3075,3658 3189,3658 3304,3660"
                         HEIGHT="200"
                         WIDTH="2320"
                         VPOS="3547"
                         HPOS="999">
                  <String ID="string_region_1643962316766_1368l38"
                          HEIGHT="200"
                          WIDTH="2320"
                          VPOS="3547"
                          HPOS="999"
                          CONTENT="tot antwoort op ul: mij altijdt seen aengename van 31 xber 1223 est"/>
               </TextLine>
               <TextLine ID="region_1643962316766_1368l39"
                         BASELINE="982,3774 1098,3776 1215,3776 1331,3774 1448,3774 1564,3772 1681,3772 1797,3770 1914,3768 2030,3766 2147,3764 2263,3763 2380,3762 2496,3760 2613,3758 2729,3756 2846,3756 2962,3756 3079,3756 3195,3756 3312,3756"
                         HEIGHT="126"
                         WIDTH="2363"
                         VPOS="3694"
                         HPOS="965">
                  <String ID="string_region_1643962316766_1368l39"
                          HEIGHT="126"
                          WIDTH="2363"
                          VPOS="3694"
                          HPOS="965"
                          CONTENT="seggen dat dheer ni casso sche naerts de £ 13:1:2 a 123 en onsvoldaen"/>
               </TextLine>
               <TextLine ID="region_1643962316766_1368l40"
                         BASELINE="996,3874 1104,3870 1213,3868 1322,3868 1431,3866 1540,3864 1648,3862 1757,3862 1866,3860 1975,3860 2084,3858 2192,3858 2301,3856 2410,3854 2519,3854 2628,3852 2736,3850 2845,3848 2954,3846 3063,3842 3172,3840"
                         HEIGHT="147"
                         WIDTH="2208"
                         VPOS="3773"
                         HPOS="979">
                  <String ID="string_region_1643962316766_1368l40"
                          HEIGHT="147"
                          WIDTH="2208"
                          VPOS="3773"
                          HPOS="979"
                          CONTENT="heeft ghebbe ul rek. op vaders saligers boeken, daer voren"/>
               </TextLine>
               <TextLine ID="region_1643962316766_1368l41"
                         BASELINE="994,3980 1019,3980 1045,3980 1071,3980 1096,3979 1122,3978 1148,3978 1173,3977 1199,3975 1225,3973 1250,3972 1276,3970 1302,3970 1327,3968 1353,3966 1379,3964 1404,3963 1430,3962 1456,3960"
                         HEIGHT="175"
                         WIDTH="496"
                         VPOS="3861"
                         HPOS="975">
                  <String ID="string_region_1643962316766_1368l41"
                          HEIGHT="175"
                          WIDTH="496"
                          VPOS="3861"
                          HPOS="975"
                          CONTENT="gecoediteert"/>
               </TextLine>
               <TextLine ID="region_1643962316766_1368l42"
                         BASELINE="1002,4080 1114,4078 1227,4074 1339,4071 1452,4068 1565,4064 1677,4060 1790,4057 1902,4054 2015,4050 2128,4048 2240,4044 2353,4042 2465,4040 2578,4038 2691,4038 2803,4038 2916,4038 3028,4038 3141,4040 3254,4044"
                         HEIGHT="206"
                         WIDTH="2282"
                         VPOS="3914"
                         HPOS="985">
                  <String ID="string_region_1643962316766_1368l42"
                          HEIGHT="206"
                          WIDTH="2282"
                          VPOS="3914"
                          HPOS="985"
                          CONTENT="het is mij van herten leedt geene meerdre occasien hebben "/>
               </TextLine>
               <TextLine ID="region_1643962316766_1368l43"
                         BASELINE="1002,4174 1114,4172 1226,4170 1338,4168 1450,4164 1562,4162 1674,4158 1786,4154 1898,4150 2010,4148 2123,4144 2235,4142 2347,4140 2459,4138 2571,4136 2683,4134 2795,4134 2907,4134 3019,4136 3131,4138 3244,4142"
                         HEIGHT="189"
                         WIDTH="2271"
                         VPOS="4039"
                         HPOS="988">
                  <String ID="string_region_1643962316766_1368l43"
                          HEIGHT="189"
                          WIDTH="2271"
                          VPOS="4039"
                          HPOS="988"
                          CONTENT="om te schrijven &amp; de vrintschap te onder handen, even wel"/>
               </TextLine>
               <TextLine ID="region_1643962316766_1368l44"
                         BASELINE="998,4264 1107,4264 1216,4262 1325,4262 1435,4260 1544,4258 1653,4256 1763,4253 1872,4250 1981,4248 2091,4245 2200,4242 2309,4240 2418,4238 2528,4236 2637,4234 2746,4232 2856,4232 2965,4232 3074,4232 3184,4232"
                         HEIGHT="160"
                         WIDTH="2219"
                         VPOS="4133"
                         HPOS="981">
                  <String ID="string_region_1643962316766_1368l44"
                          HEIGHT="160"
                          WIDTH="2219"
                          VPOS="4133"
                          HPOS="981"
                          CONTENT="sijdt versekert van onse genegheneydt &amp; sullen altijdt a intrest"/>
               </TextLine>
               <TextLine ID="region_1643962316766_1368l45"
                         BASELINE="990,4360 1098,4362 1206,4364 1314,4364 1422,4362 1530,4362 1638,4360 1746,4356 1854,4354 1962,4350 2071,4346 2179,4343 2287,4340 2395,4336 2503,4333 2611,4330 2719,4328 2827,4328 2935,4328 3043,4328 3152,4330"
                         HEIGHT="175"
                         WIDTH="2196"
                         VPOS="4262"
                         HPOS="972">
                  <String ID="string_region_1643962316766_1368l45"
                          HEIGHT="175"
                          WIDTH="2196"
                          VPOS="4262"
                          HPOS="972"
                          CONTENT="behertighen, dat mijn broeden pedro in verschot is geweest"/>
               </TextLine>
            </TextBlock>
            <TextBlock ID="region_1643962320062_1371"
                       HEIGHT="3995"
                       WIDTH="2583"
                       VPOS="138"
                       HPOS="3391">
               <Shape>
                  <Polygon POINTS="3391,138 5974,138 5974,4133 3391,4133"/>
               </Shape>
               <TextLine ID="region_1643962320062_1371l1"
                         BASELINE="3564,236 3683,236 3803,236 3922,236 4042,236 4162,238 4281,238 4401,240 4520,242 4640,242 4760,244 4879,246 4999,247 5118,248 5238,248 5358,250 5477,250 5597,249 5716,248 5836,247 5956,244"
                         HEIGHT="84"
                         WIDTH="2424"
                         VPOS="193"
                         HPOS="3549">
                  <String ID="string_region_1643962320062_1371l1"
                          HEIGHT="84"
                          WIDTH="2424"
                          VPOS="193"
                          HPOS="3549"
                          CONTENT="voor u huijsen wat wijnigh geloove eghter nu bons heeft terwijlen 3"/>
               </TextLine>
               <TextLine ID="region_1643962320062_1371l2"
                         BASELINE="3576,314 3695,310 3814,308 3933,306 4053,306 4172,306 4291,306 4411,308 4530,310 4649,312 4769,314 4888,318 5007,320 5126,322 5246,324 5365,324 5484,326 5604,326 5723,324 5842,323 5962,320"
                         HEIGHT="99"
                         WIDTH="2418"
                         VPOS="267"
                         HPOS="3560">
                  <String ID="string_region_1643962320062_1371l2"
                          HEIGHT="99"
                          WIDTH="2418"
                          VPOS="267"
                          HPOS="3560"
                          CONTENT="een van de huerlinge wel onder alf saen ure ten aghteren was gis comen"/>
               </TextLine>
               <TextLine ID="region_1643962320062_1371l3"
                         BASELINE="3552,400 3668,396 3784,393 3900,391 4017,390 4133,388 4249,388 4366,390 4482,390 4598,390 4715,392 4831,394 4947,396 5063,397 5180,398 5296,400 5412,400 5529,400 5645,400 5761,398 5878,396"
                         HEIGHT="98"
                         WIDTH="2356"
                         VPOS="324"
                         HPOS="3537">
                  <String ID="string_region_1643962320062_1371l3"
                          HEIGHT="98"
                          WIDTH="2356"
                          VPOS="324"
                          HPOS="3537"
                          CONTENT="te sterven &amp; hebben datelijck de goedren die den gevonden wirden"/>
               </TextLine>
               <TextLine ID="region_1643962320062_1371l4"
                         BASELINE="3562,490 3682,490 3802,488 3922,486 4042,486 4163,484 4283,484 4403,484 4523,484 4643,484 4764,483 4884,482 5004,482 5124,482 5244,482 5365,482 5485,480 5605,480 5725,478 5845,478 5966,476"
                         HEIGHT="155"
                         WIDTH="2436"
                         VPOS="396"
                         HPOS="3547">
                  <String ID="string_region_1643962320062_1371l4"
                          HEIGHT="155"
                          WIDTH="2436"
                          VPOS="396"
                          HPOS="3547"
                          CONTENT="gesommeert &amp; tat ue voldoeninge doen vercopen, watter voorders gepast"/>
               </TextLine>
               <TextLine ID="region_1643962320062_1371l5"
                         BASELINE="3574,582 3691,580 3808,578 3925,578 4043,576 4160,576 4277,574 4395,574 4512,572 4629,572 4747,572 4864,570 4981,570 5098,570 5216,568 5333,568 5450,566 5568,566 5685,564 5802,562 5920,562"
                         HEIGHT="137"
                         WIDTH="2378"
                         VPOS="485"
                         HPOS="3558">
                  <String ID="string_region_1643962320062_1371l5"
                          HEIGHT="137"
                          WIDTH="2378"
                          VPOS="485"
                          HPOS="3558"
                          CONTENT="eert is wete niet, soo haest aets van belange in caste sal sijn"/>
               </TextLine>
               <TextLine ID="region_1643962320062_1371l6"
                         BASELINE="3556,696 3672,692 3788,686 3904,682 4020,680 4136,676 4252,674 4368,672 4484,670 4600,668 4716,668 4832,666 4948,666 5064,664 5180,662 5296,662 5412,660 5528,660 5644,658 5760,656 5876,654"
                         HEIGHT="150"
                         WIDTH="2350"
                         VPOS="571"
                         HPOS="3540">
                  <String ID="string_region_1643962320062_1371l6"
                          HEIGHT="150"
                          WIDTH="2350"
                          VPOS="571"
                          HPOS="3540"
                          CONTENT="sal mijn broeder uu de rek. over senden, voorders, sien de negotie"/>
               </TextLine>
               <TextLine ID="region_1643962320062_1371l7"
                         BASELINE="3542,784 3662,781 3783,778 3903,774 4024,772 4145,768 4265,765 4386,762 4506,760 4627,756 4748,754 4868,752 4989,750 5109,748 5230,746 5351,744 5471,742 5592,740 5712,738 5833,736 5954,734"
                         HEIGHT="124"
                         WIDTH="2443"
                         VPOS="662"
                         HPOS="3527">
                  <String ID="string_region_1643962320062_1371l7"
                          HEIGHT="124"
                          WIDTH="2443"
                          VPOS="662"
                          HPOS="3527"
                          CONTENT="al omme in de verderffeniste loopt hier magh men met reght segge"/>
               </TextLine>
               <TextLine ID="region_1643962320062_1371l8"
                         BASELINE="3532,864 3608,864 3685,864 3761,862 3838,862 3914,862 3991,862 4067,862 4144,862 4220,862 4297,862 4373,862 4450,862 4526,860 4603,860 4679,858 4756,856 4832,852 4909,850 4985,845 5062,840"
                         HEIGHT="166"
                         WIDTH="1560"
                         VPOS="764"
                         HPOS="3517">
                  <String ID="string_region_1643962320062_1371l8"
                          HEIGHT="166"
                          WIDTH="1560"
                          VPOS="764"
                          HPOS="3517"
                          CONTENT="datse eyt het lant gebannen is a blijve"/>
               </TextLine>
               <TextLine ID="region_1643962320062_1371l9"
                         BASELINE="5310,998 5342,999 5374,1000 5406,1000 5438,1000 5470,998 5502,996 5534,995 5566,994 5598,991 5630,990 5662,988 5694,986 5726,984 5758,984 5790,982 5822,982 5854,982 5886,982 5918,984 5950,986"
                         HEIGHT="207"
                         WIDTH="676"
                         VPOS="852"
                         HPOS="5291">
                  <String ID="string_region_1643962320062_1371l9"
                          HEIGHT="207"
                          WIDTH="676"
                          VPOS="852"
                          HPOS="5291"
                          CONTENT="Adij 26 fbru. 17142"/>
               </TextLine>
               <TextLine ID="region_1643962320062_1371l10"
                         BASELINE="3458,1030 3516,1026 3575,1021 3633,1018 3692,1014 3751,1011 3809,1009 3868,1007 3926,1005 3985,1004 4044,1003 4102,1002 4161,1002 4219,1000 4278,1000 4337,1000 4395,998 4454,998 4512,996 4571,996 4630,994"
                         HEIGHT="190"
                         WIDTH="1203"
                         VPOS="871"
                         HPOS="3441">
                  <String ID="string_region_1643962320062_1371l10"
                          HEIGHT="190"
                          WIDTH="1203"
                          VPOS="871"
                          HPOS="3441"
                          CONTENT="rotterdam Roujs Verburgh"/>
               </TextLine>
               <TextLine ID="region_1643962320062_1371l11"
                         BASELINE="3548,1102 3668,1100 3788,1100 3908,1100 4028,1100 4149,1100 4269,1102 4389,1104 4509,1106 4629,1108 4750,1110 4870,1112 4990,1114 5110,1114 5230,1116 5351,1116 5471,1116 5591,1116 5711,1114 5831,1112 5952,1110"
                         HEIGHT="150"
                         WIDTH="2437"
                         VPOS="1020"
                         HPOS="3532">
                  <String ID="string_region_1643962320062_1371l11"
                          HEIGHT="150"
                          WIDTH="2437"
                          VPOS="1020"
                          HPOS="3532"
                          CONTENT="op 22 deser, was aen ul mijnen laeste, waer aen mij gedrage sedert van ul"/>
               </TextLine>
               <TextLine ID="region_1643962320062_1371l12"
                         BASELINE="3552,1186 3672,1186 3793,1186 3914,1188 4035,1188 4156,1188 4276,1190 4397,1190 4518,1191 4639,1192 4760,1192 4880,1194 5001,1194 5122,1194 5243,1194 5364,1194 5484,1194 5605,1194 5726,1192 5847,1192 5968,1190"
                         HEIGHT="106"
                         WIDTH="2445"
                         VPOS="1116"
                         HPOS="3538">
                  <String ID="string_region_1643962320062_1371l12"
                          HEIGHT="106"
                          WIDTH="2445"
                          VPOS="1116"
                          HPOS="3538"
                          CONTENT="niets vernomen waerende nochtant in afwachtinge te verstaen de verand"/>
               </TextLine>
               <TextLine ID="region_1643962320062_1371l13"
                         BASELINE="3530,1286 3651,1284 3773,1282 3894,1280 4016,1280 4137,1280 4259,1280 4380,1280 4502,1280 4623,1280 4745,1280 4866,1280 4988,1280 5109,1280 5231,1278 5352,1278 5474,1276 5595,1274 5717,1272 5838,1268 5960,1264"
                         HEIGHT="125"
                         WIDTH="2461"
                         VPOS="1219"
                         HPOS="3514">
                  <String ID="string_region_1643962320062_1371l13"
                          HEIGHT="125"
                          WIDTH="2461"
                          VPOS="1219"
                          HPOS="3514"
                          CONTENT="ringe ontrent de Wissel op Londen die tot amst getallen is op den "/>
               </TextLine>
               <TextLine ID="region_1643962320062_1371l14"
                         BASELINE="3552,1378 3672,1376 3793,1374 3914,1374 4035,1374 4156,1374 4276,1374 4397,1374 4518,1374 4639,1374 4760,1374 4880,1374 5001,1374 5122,1374 5243,1372 5364,1370 5484,1368 5605,1366 5726,1362 5847,1358 5968,1352"
                         HEIGHT="134"
                         WIDTH="2445"
                         VPOS="1272"
                         HPOS="3538">
                  <String ID="string_region_1643962320062_1371l14"
                          HEIGHT="134"
                          WIDTH="2445"
                          VPOS="1272"
                          HPOS="3538"
                          CONTENT="selben borstijdt Jan 35:8:7:6:5 en ½ gandre hoteren tot 4 op laeste"/>
               </TextLine>
               <TextLine ID="region_1643962320062_1371l15"
                         BASELINE="3546,1462 3662,1462 3778,1462 3895,1462 4011,1464 4128,1464 4244,1466 4360,1466 4477,1468 4593,1468 4710,1468 4826,1468 4942,1468 5059,1468 5175,1466 5292,1464 5408,1462 5524,1458 5641,1454 5757,1449 5874,1444"
                         HEIGHT="137"
                         WIDTH="2356"
                         VPOS="1392"
                         HPOS="3532">
                  <String ID="string_region_1643962320062_1371l15"
                          HEIGHT="137"
                          WIDTH="2356"
                          VPOS="1392"
                          HPOS="3532"
                          CONTENT="van de borse, met gedaghten, op morghen, noch lager comen soud"/>
               </TextLine>
               <TextLine ID="region_1643962320062_1371l16"
                         BASELINE="3552,1564 3672,1560 3793,1558 3914,1557 4035,1556 4156,1556 4277,1558 4398,1558 4519,1560 4640,1560 4761,1562 4881,1562 5002,1562 5123,1562 5244,1562 5365,1560 5486,1557 5607,1554 5728,1548 5849,1542 5970,1534"
                         HEIGHT="189"
                         WIDTH="2448"
                         VPOS="1442"
                         HPOS="3536">
                  <String ID="string_region_1643962320062_1371l16"
                          HEIGHT="189"
                          WIDTH="2448"
                          VPOS="1442"
                          HPOS="3536"
                          CONTENT="twijfele niet oft die wissel a costiy sagh schicht naer die van amst"/>
               </TextLine>
               <TextLine ID="region_1643962320062_1371l17"
                         BASELINE="3540,1672 3660,1668 3781,1666 3902,1664 4023,1662 4144,1662 4265,1662 4386,1662 4507,1662 4628,1662 4749,1662 4869,1662 4990,1662 5111,1661 5232,1659 5353,1656 5474,1652 5595,1648 5716,1643 5837,1634 5958,1626"
                         HEIGHT="169"
                         WIDTH="2448"
                         VPOS="1541"
                         HPOS="3524">
                  <String ID="string_region_1643962320062_1371l17"
                          HEIGHT="169"
                          WIDTH="2448"
                          VPOS="1541"
                          HPOS="3524"
                          CONTENT="mede naer advenant sal getallen sijn, soo ul a costij tot 36:10"/>
               </TextLine>
               <TextLine ID="region_1643962320062_1371l18"
                         BASELINE="3532,1762 3650,1756 3769,1754 3887,1752 4006,1750 4124,1748 4243,1748 4361,1748 4480,1748 4598,1750 4717,1750 4835,1750 4954,1750 5072,1750 5191,1750 5309,1748 5428,1746 5546,1744 5665,1740 5783,1734 5902,1728"
                         HEIGHT="111"
                         WIDTH="2402"
                         VPOS="1688"
                         HPOS="3517">
                  <String ID="string_region_1643962320062_1371l18"
                          HEIGHT="111"
                          WIDTH="2402"
                          VPOS="1688"
                          HPOS="3517"
                          CONTENT="oft minden can afgeven gelieve te disponeren van de pennenghen "/>
               </TextLine>
               <TextLine ID="region_1643962320062_1371l19"
                         BASELINE="3532,1858 3653,1856 3775,1856 3896,1856 4018,1854 4140,1854 4261,1852 4383,1852 4504,1852 4626,1850 4748,1850 4869,1848 4991,1848 5112,1846 5234,1844 5356,1844 5477,1842 5599,1840 5720,1838 5842,1836 5964,1834"
                         HEIGHT="118"
                         WIDTH="2464"
                         VPOS="1766"
                         HPOS="3515">
                  <String ID="string_region_1643962320062_1371l19"
                          HEIGHT="118"
                          WIDTH="2464"
                          VPOS="1766"
                          HPOS="3515"
                          CONTENT="recommandere de netto stt £86:10:0 en te procureren de rest gelijck het"/>
               </TextLine>
               <TextLine ID="region_1643962320062_1371l20"
                         BASELINE="3534,1944 3655,1944 3776,1942 3898,1942 4019,1942 4141,1942 4262,1944 4383,1944 4505,1944 4626,1944 4748,1946 4869,1946 4990,1944 5112,1944 5233,1944 5355,1942 5476,1940 5597,1936 5719,1932 5840,1928 5962,1922"
                         HEIGHT="168"
                         WIDTH="2461"
                         VPOS="1844"
                         HPOS="3517">
                  <String ID="string_region_1643962320062_1371l20"
                          HEIGHT="168"
                          WIDTH="2461"
                          VPOS="1844"
                          HPOS="3517"
                          CONTENT="doorcomen sal als door desen genoteert latende alles in ue goede directe"/>
               </TextLine>
               <TextLine ID="region_1643962320062_1371l21"
                         BASELINE="3534,2044 3655,2039 3776,2036 3897,2034 4018,2034 4139,2032 4260,2034 4381,2034 4502,2035 4623,2036 4744,2038 4865,2038 4986,2040 5107,2040 5228,2038 5349,2038 5470,2036 5591,2032 5712,2028 5833,2021 5954,2014"
                         HEIGHT="160"
                         WIDTH="2452"
                         VPOS="1942"
                         HPOS="3518">
                  <String ID="string_region_1643962320062_1371l21"
                          HEIGHT="160"
                          WIDTH="2452"
                          VPOS="1942"
                          HPOS="3518"
                          CONTENT="blijve in afsdaghtinge te verstaen wat sal sijn gepasseert &amp; groeten ul"/>
               </TextLine>
               <TextLine ID="region_1643962320062_1371l22"
                         BASELINE="3532,2136 3557,2136 3582,2134 3608,2133 3633,2132 3659,2132 3684,2132 3709,2132 3735,2132 3760,2132 3786,2131 3811,2130 3836,2130 3862,2129 3887,2128 3913,2127 3938,2126 3964,2124"
                         HEIGHT="120"
                         WIDTH="464"
                         VPOS="2049"
                         HPOS="3517">
                  <String ID="string_region_1643962320062_1371l22"
                          HEIGHT="120"
                          WIDTH="464"
                          VPOS="2049"
                          HPOS="3517"
                          CONTENT="van herten"/>
               </TextLine>
               <TextLine ID="region_1643962320062_1371l23"
                         BASELINE="3486,2286 3545,2282 3605,2278 3664,2276 3724,2273 3784,2272 3843,2270 3903,2270 3962,2270 4022,2270 4082,2270 4141,2270 4201,2270 4260,2270 4320,2270 4380,2270 4439,2270 4499,2268 4558,2268 4618,2266 4678,2264"
                         HEIGHT="178"
                         WIDTH="1224"
                         VPOS="2142"
                         HPOS="3470">
                  <String ID="string_region_1643962320062_1371l23"
                          HEIGHT="178"
                          WIDTH="1224"
                          VPOS="2142"
                          HPOS="3470"
                          CONTENT="Amtterdam Franciiio rousseau"/>
               </TextLine>
               <TextLine ID="region_1643962320062_1371l24"
                         BASELINE="5384,2296 5409,2294 5434,2293 5459,2292 5484,2292 5509,2292 5534,2292 5559,2293 5584,2294 5609,2295 5635,2296 5660,2296 5685,2298 5710,2298 5735,2298 5760,2298 5785,2296 5810,2296 5835,2293 5860,2291 5886,2286"
                         HEIGHT="217"
                         WIDTH="530"
                         VPOS="2146"
                         HPOS="5370">
                  <String ID="string_region_1643962320062_1371l24"
                          HEIGHT="217"
                          WIDTH="530"
                          VPOS="2146"
                          HPOS="5370"
                          CONTENT="adij di 1714"/>
               </TextLine>
               <TextLine ID="region_1643962320062_1371l25"
                         BASELINE="3530,2374 3651,2371 3772,2368 3893,2368 4014,2368 4135,2368 4256,2368 4377,2370 4498,2372 4619,2374 4740,2378 4861,2380 4982,2382 5103,2384 5224,2386 5345,2389 5466,2390 5587,2390 5708,2392 5829,2390 5950,2388"
                         HEIGHT="128"
                         WIDTH="2451"
                         VPOS="2266"
                         HPOS="3514">
                  <String ID="string_region_1643962320062_1371l25"
                          HEIGHT="128"
                          WIDTH="2451"
                          VPOS="2266"
                          HPOS="3514"
                          CONTENT="ul seer aengename van 23 deser wel ontfanghen dien volgens sien de wissel op"/>
               </TextLine>
               <TextLine ID="region_1643962320062_1371l26"
                         BASELINE="3524,2454 3645,2450 3767,2448 3888,2446 4010,2444 4132,2444 4253,2444 4375,2444 4496,2446 4618,2447 4740,2448 4861,2451 4983,2453 5104,2456 5226,2458 5348,2460 5469,2462 5591,2464 5712,2466 5834,2466 5956,2466"
                         HEIGHT="118"
                         WIDTH="2464"
                         VPOS="2388"
                         HPOS="3509">
                  <String ID="string_region_1643962320062_1371l26"
                          HEIGHT="118"
                          WIDTH="2464"
                          VPOS="2388"
                          HPOS="3509"
                          CONTENT="londen seer aen vallen is terwijle niet veel onder ul hebbe beruftende soo en "/>
               </TextLine>
               <TextLine ID="region_1643962320062_1371l27"
                         BASELINE="3540,2534 3659,2532 3779,2528 3898,2528 4018,2526 4138,2526 4257,2526 4377,2526 4496,2526 4616,2527 4736,2528 4855,2530 4975,2532 5094,2534 5214,2536 5334,2537 5453,2539 5573,2541 5692,2542 5812,2544 5932,2546"
                         HEIGHT="115"
                         WIDTH="2424"
                         VPOS="2463"
                         HPOS="3523">
                  <String ID="string_region_1643962320062_1371l27"
                          HEIGHT="115"
                          WIDTH="2424"
                          VPOS="2463"
                          HPOS="3523"
                          CONTENT="met disponeren hebbe een appant noodigh van tC 886:10:0 en soo soude mij"/>
               </TextLine>
               <TextLine ID="region_1643962320062_1371l28"
                         BASELINE="3518,2630 3637,2624 3757,2620 3877,2616 3996,2614 4116,2612 4236,2612 4355,2612 4475,2612 4595,2614 4715,2614 4834,2616 4954,2618 5074,2620 5193,2622 5313,2624 5433,2624 5552,2626 5672,2626 5792,2624 5912,2624"
                         HEIGHT="150"
                         WIDTH="2426"
                         VPOS="2552"
                         HPOS="3502">
                  <String ID="string_region_1643962320062_1371l28"
                          HEIGHT="150"
                          WIDTH="2426"
                          VPOS="2552"
                          HPOS="3502"
                          CONTENT="seer aen genaem sijn waert dat ue mij dat coste provideren soo de wissel op"/>
               </TextLine>
               <TextLine ID="region_1643962320062_1371l29"
                         BASELINE="3536,2726 3644,2720 3752,2714 3861,2710 3969,2706 4078,2704 4186,2704 4294,2704 4403,2704 4511,2704 4620,2706 4728,2707 4836,2708 4945,2710 5053,2712 5162,2714 5270,2716 5378,2716 5487,2718 5595,2718 5704,2718"
                         HEIGHT="134"
                         WIDTH="2200"
                         VPOS="2631"
                         HPOS="3519">
                  <String ID="string_region_1643962320062_1371l29"
                          HEIGHT="134"
                          WIDTH="2200"
                          VPOS="2631"
                          HPOS="3519"
                          CONTENT="costij noch wat betert, ben gesint ue eenige remises toe te senden"/>
               </TextLine>
               <TextLine ID="region_1643962320062_1371l30"
                         BASELINE="3544,2832 3665,2828 3786,2824 3907,2820 4028,2818 4149,2816 4270,2814 4391,2812 4512,2810 4633,2810 4755,2808 4876,2808 4997,2806 5118,2806 5239,2806 5360,2806 5481,2804 5602,2804 5723,2804 5844,2802 5966,2802"
                         HEIGHT="117"
                         WIDTH="2455"
                         VPOS="2726"
                         HPOS="3528">
                  <String ID="string_region_1643962320062_1371l30"
                          HEIGHT="117"
                          WIDTH="2455"
                          VPOS="2726"
                          HPOS="3528"
                          CONTENT="nu resende de spiegels sien iec opinie waer in mede invalle soo geleve"/>
               </TextLine>
               <TextLine ID="region_1643962320062_1371l31"
                         BASELINE="3530,2918 3582,2920 3635,2921 3688,2922 3740,2922 3793,2922 3846,2922 3898,2921 3951,2920 4004,2920 4057,2918 4109,2916 4162,2914 4215,2912 4267,2910 4320,2908 4373,2906 4425,2903 4478,2901 4531,2898 4584,2896"
                         HEIGHT="161"
                         WIDTH="1087"
                         VPOS="2816"
                         HPOS="3514">
                  <String ID="string_region_1643962320062_1371l31"
                          HEIGHT="161"
                          WIDTH="1087"
                          VPOS="2816"
                          HPOS="3514"
                          CONTENT="te laten besorgen als volght"/>
               </TextLine>
               <TextLine ID="region_1643962320062_1371l32"
                         BASELINE="3584,3010 3609,3009 3634,3008 3659,3008 3685,3008 3710,3008 3735,3008 3760,3008 3786,3008 3811,3008 3836,3006 3861,3006 3887,3006 3912,3004 3937,3004 3962,3002 3988,3001 4013,2999 4038,2996 4064,2994"
                         HEIGHT="153"
                         WIDTH="514"
                         VPOS="2921"
                         HPOS="3567">
                  <String ID="string_region_1643962320062_1371l32"
                          HEIGHT="153"
                          WIDTH="514"
                          VPOS="2921"
                          HPOS="3567"
                          CONTENT="2 spiegels a "/>
               </TextLine>
               <TextLine ID="region_1643962320062_1371l33"
                         BASELINE="5606,3012 5633,3014 5660,3015 5687,3014 5714,3014 5741,3012 5768,3011 5795,3010 5822,3010 5849,3012 5876,3014"
                         HEIGHT="173"
                         WIDTH="301"
                         VPOS="2911"
                         HPOS="5590">
                  <String ID="string_region_1643962320062_1371l33"
                          HEIGHT="173"
                          WIDTH="301"
                          VPOS="2911"
                          HPOS="5590"
                          CONTENT="ƒ160:"/>
               </TextLine>
               <TextLine ID="region_1643962320062_1371l34"
                         BASELINE="4502,3026 4528,3024 4555,3024 4581,3022 4608,3020 4634,3020 4661,3020 4687,3018 4714,3020 4740,3020 4767,3021 4794,3022"
                         HEIGHT="137"
                         WIDTH="322"
                         VPOS="2916"
                         HPOS="4486">
                  <String ID="string_region_1643962320062_1371l34"
                          HEIGHT="137"
                          WIDTH="322"
                          VPOS="2916"
                          HPOS="4486"
                          CONTENT=" ƒ 80:"/>
               </TextLine>
               <TextLine ID="region_1643962320062_1371l35"
                         BASELINE="3616,3122 3642,3124 3669,3126 3695,3126 3722,3128 3748,3128 3775,3128 3801,3128 3828,3128 3854,3130 3881,3130 3907,3133 3934,3136"
                         HEIGHT="143"
                         WIDTH="352"
                         VPOS="3055"
                         HPOS="3599">
                  <String ID="string_region_1643962320062_1371l35"
                          HEIGHT="143"
                          WIDTH="352"
                          VPOS="3055"
                          HPOS="3599"
                          CONTENT="1ditto"/>
               </TextLine>
               <TextLine ID="region_1643962320062_1371l36"
                         BASELINE="3968,3162 4064,3158 4160,3155 4256,3154 4353,3152 4449,3152 4545,3152 4642,3152 4738,3152 4834,3154 4931,3154 5027,3156 5123,3156 5219,3156 5316,3156 5412,3154 5508,3154 5605,3151 5701,3148 5797,3144 5894,3138"
                         HEIGHT="195"
                         WIDTH="1959"
                         VPOS="3025"
                         HPOS="3952">
                  <String ID="string_region_1643962320062_1371l36"
                          HEIGHT="195"
                          WIDTH="1959"
                          VPOS="3025"
                          HPOS="3952"
                          CONTENT="¼ t hoogh dat de breede uyt masken meet „ 36:-"/>
               </TextLine>
               <TextLine ID="region_1643962320062_1371l37"
                         BASELINE="3518,3256 3640,3258 3763,3260 3885,3264 4008,3266 4130,3268 4253,3270 4375,3272 4498,3274 4620,3276 4743,3278 4865,3278 4988,3280 5110,3280 5233,3278 5355,3278 5478,3276 5600,3274 5723,3270 5845,3267 5968,3262"
                         HEIGHT="178"
                         WIDTH="2482"
                         VPOS="3150"
                         HPOS="3503">
                  <String ID="string_region_1643962320062_1371l37"
                          HEIGHT="178"
                          WIDTH="2482"
                          VPOS="3150"
                          HPOS="3503"
                          CONTENT="recommandere soo naue te bedingken als mogelijck is gwel sorgh te "/>
               </TextLine>
               <TextLine ID="region_1643962320062_1371l38"
                         BASELINE="3522,3346 3644,3346 3766,3346 3888,3348 4011,3350 4133,3352 4255,3354 4378,3356 4500,3358 4622,3360 4745,3362 4867,3364 4989,3365 5111,3366 5234,3366 5356,3366 5478,3364 5601,3362 5723,3360 5845,3356 5968,3350"
                         HEIGHT="170"
                         WIDTH="2479"
                         VPOS="3263"
                         HPOS="3506">
                  <String ID="string_region_1643962320062_1371l38"
                          HEIGHT="170"
                          WIDTH="2479"
                          VPOS="3263"
                          HPOS="3506"
                          CONTENT="draeghen dat de spiegels niet de sigureren ade selve heel in den lijst"/>
               </TextLine>
               <TextLine ID="region_1643962320062_1371l39"
                         BASELINE="3516,3426 3637,3430 3759,3434 3881,3437 4002,3440 4124,3442 4246,3444 4367,3446 4489,3446 4611,3446 4733,3446 4854,3448 4976,3448 5098,3448 5219,3446 5341,3446 5463,3446 5584,3446 5706,3446 5828,3446 5950,3448"
                         HEIGHT="106"
                         WIDTH="2467"
                         VPOS="3377"
                         HPOS="3499">
                  <String ID="string_region_1643962320062_1371l39"
                          HEIGHT="106"
                          WIDTH="2467"
                          VPOS="3377"
                          HPOS="3499"
                          CONTENT="to laten selten, soo als ul noteent ben daer mede noch soo seer"/>
               </TextLine>
               <TextLine ID="region_1643962320062_1371l40"
                         BASELINE="3526,3514 3645,3516 3765,3518 3885,3520 4005,3521 4125,3523 4245,3524 4365,3526 4485,3528 4605,3528 4725,3530 4844,3530 4964,3530 5084,3530 5204,3530 5324,3530 5444,3530 5564,3528 5684,3526 5804,3524 5924,3522"
                         HEIGHT="88"
                         WIDTH="2429"
                         VPOS="3444"
                         HPOS="3511">
                  <String ID="string_region_1643962320062_1371l40"
                          HEIGHT="88"
                          WIDTH="2429"
                          VPOS="3444"
                          HPOS="3511"
                          CONTENT="niet gepresseert soo dat het niet gemoek can gemackt worden soo"/>
               </TextLine>
               <TextLine ID="region_1643962320062_1371l41"
                         BASELINE="3526,3614 3645,3614 3764,3616 3883,3616 4003,3616 4122,3618 4241,3618 4361,3618 4480,3618 4599,3618 4719,3618 4838,3618 4957,3618 5076,3618 5196,3620 5315,3620 5434,3620 5554,3622 5673,3622 5792,3624 5912,3624"
                         HEIGHT="114"
                         WIDTH="2417"
                         VPOS="3521"
                         HPOS="3511">
                  <String ID="string_region_1643962320062_1371l41"
                          HEIGHT="114"
                          WIDTH="2417"
                          VPOS="3521"
                          HPOS="3511"
                          CONTENT="haest die geprepareert sijn versoecke toe te senden &amp; te sorghen"/>
               </TextLine>
               <TextLine ID="region_1643962320062_1371l42"
                         BASELINE="3520,3708 3640,3708 3761,3706 3882,3706 4003,3706 4124,3706 4244,3706 4365,3706 4486,3706 4607,3706 4728,3706 4848,3706 4969,3706 5090,3706 5211,3706 5332,3706 5452,3706 5573,3706 5694,3706 5815,3704 5936,3704"
                         HEIGHT="114"
                         WIDTH="2448"
                         VPOS="3607"
                         HPOS="3504">
                  <String ID="string_region_1643962320062_1371l42"
                          HEIGHT="114"
                          WIDTH="2448"
                          VPOS="3607"
                          HPOS="3504"
                          CONTENT="dat te wel gepackt werden want is een dagerense ware gelieve"/>
               </TextLine>
               <TextLine ID="region_1643962320062_1371l43"
                         BASELINE="3530,3808 3643,3808 3757,3808 3871,3808 3985,3806 4099,3806 4212,3806 4326,3804 4440,3804 4554,3802 4668,3802 4781,3800 4895,3798 5009,3798 5123,3796 5237,3794 5350,3792 5464,3790 5578,3788 5692,3786 5806,3784"
                         HEIGHT="133"
                         WIDTH="2309"
                         VPOS="3705"
                         HPOS="3514">
                  <String ID="string_region_1643962320062_1371l43"
                          HEIGHT="133"
                          WIDTH="2309"
                          VPOS="3705"
                          HPOS="3514"
                          CONTENT="mede de breede naer het clijntte gesondene coordeseel te"/>
               </TextLine>
               <TextLine ID="region_1643962320062_1371l44"
                         BASELINE="3516,3908 3634,3904 3752,3902 3870,3900 3988,3898 4106,3898 4224,3898 4342,3898 4460,3898 4578,3898 4697,3896 4815,3896 4933,3896 5051,3896 5169,3894 5287,3892 5405,3890 5523,3886 5641,3884 5759,3878 5878,3872"
                         HEIGHT="138"
                         WIDTH="2394"
                         VPOS="3804"
                         HPOS="3499">
                  <String ID="string_region_1643962320062_1371l44"
                          HEIGHT="138"
                          WIDTH="2394"
                          VPOS="3804"
                          HPOS="3499"
                          CONTENT="bbserven dit doende sult verobligeren die blijve naer cordiale "/>
               </TextLine>
               <TextLine ID="region_1643962320062_1371l45"
                         BASELINE="3508,4000 3533,4002 3559,4002 3585,4002 3611,4002 3636,4002 3662,4002 3688,4002 3714,4002 3740,4001 3765,4000 3791,3999 3817,3998 3843,3998 3868,3996 3894,3995 3920,3993 3946,3990 3972,3990"
                         HEIGHT="146"
                         WIDTH="499"
                         VPOS="3921"
                         HPOS="3491">
                  <String ID="string_region_1643962320062_1371l45"
                          HEIGHT="146"
                          WIDTH="499"
                          VPOS="3921"
                          HPOS="3491"
                          CONTENT="groettenisse"/>
               </TextLine>
            </TextBlock>
         </PrintSpace>
      </Page>
   </Layout>
</alto>
