8077 4699
2751 194 564 169 Adij 19 gber 1715

709 184 777 177 brussel Jan de Boe

910 317 2333 165 sende aen ul. heden p beurtschip de sesthien stucken sarges, door ue hier

915 409 2374 156 sijnde bij mij hebt uytgesoght, benevens tace stucken van meijouffrow

903 513 2401 100 geins & tiuee van mons: van oppervelt sijnde te samen gepacktt in een

897 574 2399 126 packie gemarckt £:D:D, sijnde droogh, & wel geconditioneert naer

904 692 2410 149 soo danigen ontfanckt gelieve de vracht te betalen, & waer in Capabel

924 760 2377 169 ben ul voordren dinst te doen, gelieve te commanderen die blijve

737 822 1077 180 brugge gillis van Dopenolle

2742 870 548 142 Adij 19 gber 1712

923 889 2355 200 us aengename, van 17 deser met de rek van onkosten, op de laeste packen

895 1034 2370 125 als oock de reke courant wel ontfanghen die bijde hebbe naer gesien de

889 1125 2402 130 oncost rek wel bevonden deralven ƒ 2:10: die u stelt voor packen lijn vraert

895 1233 2374 115 & op de baeltiens 188:189:190 tant march  bevinde die alleenelijck

901 1304 2408 109 met de selve soorde om bewonden te samen, sonder iets meer, & dat soude

908 1399 2371 156 men wel voor een boytie become, soo die caragatien sijnder niet noodigh

894 1494 2349 152 op de rekeninge courant, heeft ul mij gedibiteeet op 28 meij 1712 voor

899 1586 2318 156 onkoste op diverse 11 bale ƒ 849:17:9 et moet maer sijn ƒ845:17:9

891 1667 2376 132 soo dat ul daer ƒ4:-:- in a bujs heeft, dat gelieve te redresseren, sal

900 1746 2379 210 ul traitte van vijshoudent achten tachtigh guldens een  stuyvers wissel

895 1881 2377 167 gelt prompt vereeren, & vermits ue ƒ 4:- heeft meer getrocken, als

925 1972 2369 174 hebben moet soo sal ul mij p rest daer vooren crediteren, als oock de

925 2064 2210 146 refactie van  188:189:190. hier op ue antwoort verwachtende

922 2181 794 144 blijve naer groettenisse

685 2271 950 175 geel. Cornelis Willems

2520 2278 613 180 Adij 25 gber 1712

907 2420 2359 130 op 16 geber lest was aen ul mijnen laeste, maer mede ul geadviseert hadde

900 2479 2307 141 dat alle engelsche goedren opgeslagen waeren, & dat seer groete partije sarges

908 2561 2337 177 bij hadde, sedert, van ul niets vernomen, soo neme de brijegheyt met

897 2645 2354 157 desen ul noch mael te versoecken van de laette partije te voldoen is verkog

891 2730 2350 184 et geweest pm april dat nu ontrent 8 maenden geleden is, versekere, ue

887 2845 2315 102 dat het slecht profijdt dat daer bij te halen is den intrest, van den tijdt

896 2926 2380 164 niet rendeert daerom versoecke van sulckx te considereren & mij het gelt

888 2989 2415 158 toe te senden te meer omdat het seer noodigh hebbe, moete groete somme

900 3126 2383 160 naer Englant remitteren, in afwachtinge, met groot verlange blijve naer

913 3185 702 155 Cordiale graettenisse

666 3292 560 157 Mons Masson

2518 3336 597 139 Adij 25 gber 1712

1171 3383 131 89 ad

913 3383 2328 208 le 26  daoust passe, fut a vre grace, ma derniere, avec une pettite facture

895 3499 2306 195 d'un piece de perpetuaen que j'ay l'honneur de vous vendre a feu madi

891 3627 2372 154 vre maine depuis rien de vre grace ce que me fait craine, que ma preced,

901 3684 2383 157 ente ne vous fut pas rendu c'ettois le bagattelle de le 3me d'octobre 1711 quand

908 3803 2311 173 la ps fut vendu et comme cela, n'est qu'un bagatelle, & que vre grace

885 3915 2379 161 ne continuera que la negoce de draps se vous prie de faire salder vre

913 3988 2339 143 petit coite cependent sij y a quelque schose ou je vous puis rendre

896 4097 2410 130 service  ayez la bonte de commander celuy que at l'honneur d'estre

3347 200 905 192 Padire Lous Callebout

5326 240 647 164 Adij 25 gber 1712

3567 304 2485 182 op 9 deser was aen ul: mijnen laeste dienende tot antwoordt op due van 2 & 9 sber waer

3561 386 2458 188 aen mij gedrage, sedert become beyde ul aengename van 22 & 23 pasto met den eerte

3566 467 2459 200 de rekk courant van de 3 resterende sortimenten canten N.A:B:C. die in Plierto

3566 569 2443 174 velo verkoght waeren, waer van de netto procedide was tep. 3989½ voorders

3565 659 2400 186 is de helft den provenue deser verloren in capp, door het opspringen van schip

3540 736 2506 208 dat al lanck geweten hebbe, der alven, moete patientie hebbe ate vieden sijn

3568 829 2483 213 met het lot dat den heere ons over sendt wat de andre helft aen gaet, sien, dat

3564 908 2467 209 die seer naer door provisie & indulto ingeslocken wort, men seght hier voor

3573 1034 2465 172 een spreckevoors het is een neurenborghsche rekeninge, maer dese, magh wel

3556 1082 2494 226 genesche genoems worden, verneme, dat andre vrinden op den selven scam

3543 1208 2477 193 geschoren sijn, soo valter niet anders te doen, als de rek te laeederen, & te

3573 1331 2459 171 aproberen, & hebbe ul: op vader saligers boecken gedebiteert voor het netto

3545 1381 2500 223 procudido voor rep 1226 ¼, en daer tegens gecrediteert voor £110:18:7 a 123 en

3562 1512 2474 200 uyt de remise van £359:14:4. op louis sJaen mendes de cotte, in amsterd

3552 1596 2383 175 am mackende rep. 1223 ½, & noch voor machelaerdij a 2 p mille op de

3546 1651 2478 202 partije rep. 2, dat same de voors rep. 2226 ¼ saldert, hebbe ue remise

3531 1758 2402 206 vernegotient a  p verlies, & de resterende £248:15:7 a 123 en aen

3531 1840 2503 238 megouffrow de vred: Claesens betaelt a 3 pt verlies waer voore in deser

3552 1961 2469 216 wisselgelde heft genoten £123:0:7 en tot ick governo bedancke ul vrinde

3531 2059 2506 206 lyck, voor alle ue presentatien van dinst waer in reciproquelijck ul dinste

3542 2167 2490 215 tigh magh wesen, gelieve te commanderen die naer cordiale groettenisse

3553 2233 855 157 aen ul famelie blijve

5373 2338 652 147 Ady: 28 d 1712

3418 2308 786 195 Culen Gerard Muses

3546 2442 2444 161 ue aengename va 8 deser is op sijn tijdt mij wil gewerde sedert is

3545 2577 2428 174 d'aan wijn oock wel aencome, die med al reede geproeft hebbe

3528 2695 2492 175 & wel bevonden, dogh valt wat vollen souck, & compt ps t hoop

3520 2804 2478 160 te scosten, als het stuck van voorleeden jan, bedancke in hetelijck

3527 2898 2449 138 voor de genomene moeyte & goede sorge, voorders gelieve ue

3531 2998 2483 190 aslignatie a 1: van de cruyten to be fade salt te proutatie

3519 3128 2375 181 betalen, & soo voorders noch ers mooghte noodigh hebben d

3531 3192 1371 200 lbertijt nemen nu te serijven

3372 3299 771 148 mons ricolaes hamalt

5255 3330 632 150 Adij 29 gber 1712

3548 3414 2475 152 j'aij bien recu les deux agreables vres du 15 passe & 27 courant avec la derniere

3539 3510 2455 171 une remise sur mons: jacomo de Cleves de quatre cent, quatre vingt florinz, qui

3539 3576 2450 179 n'est que argent courant selon la lettre, & vre grace me marque ƒ480:- de

3538 3674 2482 187 change, qui selon vre caleule serioent pour salde des partye du 10 sevrier & 11 maj

3534 3727 2450 178 1712 ce qui j'ay contronte, et trouve pour salde de ces deux parties ƒ481:14de

3533 3862 2408 167 change, faissant £80:5:8 et, & vre remise en argent courant de ƒ480:- ne

3516 3922 2496 201 fait en argent de change, que ƒ211:8½ en livres de gros de change £68:11:5:

4959 4053 107 61 reus

3527 4045 2449 183 ainsij je vous prie de me marquer si je vous renvoyer la lettre, & salors mad:

3532 4116 2475 198 recg vous poura faire une autre de ƒ481:14, qui serons justement saldere

3542 4193 2461 217 les deux parties predites, j'ay rendu l'incaisse a mons voire fils, qui m'at

3521 4322 2393 151 fait l'honneur de me venir voir, & m'at apporte cette incluse je vous envoye
