8399 4637
2805 228 511 142 Adij 14 xberr

929 235 1037 179 Brussel de wed: PBorremans

1081 287 2259 203 ue seer aengename, a 12 deser is mij bij tijts geworden met de staelen

1087 393 2143 183 van de royaeles terugge, sien dat ue geabuseert sijt geweest want

1082 458 2303 168 mert ue vorige van 10 deser hebt Claelije  staelen van roijaeles gerraegt

2411 556 72 84 diu

1041 557 2329 186 daer eghter niet aengelegen is, sien nn het drapeen moeten weesen

1087 652 2139 205 waer op tot antw segge, dat maer een baeltien van 10 ps

1079 729 2143 237 van de couleuren die ue vraeght tot brugge gearriveert hebbe

1078 845 2209 229 swaer van 5ps verkoght sijn op de staelen hier ingeslotien

1097 973 2201 226 sijn de staelen van de 5 retterende hebbe wel 200 ps drap een

1081 1049 2280 246 geordoneert gehat & maer 10 gis becomen, tot groote verwindeinge

1092 1217 2211 184 uwen wel hebbe liever gane, als 17 pps. aen de drapar meer te

1087 1291 2244 276 betteden, als de hooghtte sarges costen imen senytt mij dat die

1019 1435 2285 230 drapee blijven un 2p  gemonteert sijn & dat andre soo wel

1068 1570 2159 190 daer aen betteedt hebbeno bij mensen gedencken is sulckx

1111 1682 2005 202 niet gehoort laet u considereren oft wij die negotie connen

1069 1754 2106 225 continueren dese drapeen, sullen ƒ24:- ten alder mimete

1089 1880 2244 179 moeten costen & daer sullender noch wijnige te becomen sijn, soo

1057 1972 2292 234 soude u raeden van met den eerste daer mede te voorsier want

1058 2071 2258 234 daer naer, sullender geene meer, van die couleure te becomen sijn

1086 2157 2299 314 hebbe 80 ps geordoneert voor het eerste aenstaende convoij dogh

1011 2379 2329 178 die sullen soo veel meer cotten e die dusdanige, sal willen hebben

1078 2493 2049 185 sal die puiys benevens ons moeten betteden hebbe gistren

1084 2623 2215 217 in gevolge ul ordre het baettien & 253. met 15 ps pburt schip

1087 2721 2114 235 toegesonden, dogh ick can die inder dat niet minder geven, als

1086 2807 2153 240 & 23: 5 & dan hebbe daer noch niet aen aen andre hebbe die

1094 2933 2264 243 ƒ 23:15 het aldermiste verkogt, soo geve aen ue voorde te uyte

1089 3035 2131 290 het profijt datter aen is. gelieve mij te creiteren als volght

1146 3197 2208 228 Ap 13 sber 1714„: baeltien met 15 sarges bette 22gb a ƒ 23:15 ƒ 348:15

1111 3330 2214 253 wissel gelde waer voren, mij geleve te crediteren hebbe nu vers

1115 3434 2280 204 eane baele, met 60 witte perpet becomen te weten 10 ps N.60. 20 N. 70

1103 3555 2212 209 15 ƒ: 80:10 ps. N.90. 5 ps ƒ100., met d'een, oft d'ander ul connende

1024 3690 2217 215 dient doen geleve te commandere du attijt sal sijn

1074 3845 1511 202 dese drapeen, sijn noch tot brugge

5495 212 546 110 Adij 14 sber 173

3490 237 940 145 Dornnek Livinus Watteramp

3592 334 2385 174 jaij appres de mes freres, Jan michne &piere melijn que vre grace at este icy

3585 447 2454 172 en ville pour faire, vos emplaittes, done j'ay ettez fort surpris princi pa

3566 531 2495 183 lement que vre grace n'at pas ette me voire pour des sarges donne ie ne

3845 676 256 88 persnne

3574 636 2450 213 crois pas , vous servira au plus juste prix que ie ne vous ey fait le me

3572 763 2461 204 yber 1713 sur quelle partie vre grace ne m'at pas remitte un sols. Considerez

3571 866 2367 223 le temps du 13 mais de credit & outre prendre vre marchandise a lieur

3556 988 2406 185 ie vous assure mons. que cela dore du chagrin & pour le miserable

3571 1075 2418 222 profit, que nous faitons principale ment au sarges ne peut feuffris

3567 1211 2468 193 3 mois de temp nous de vons acheter nottre marchandise argent contant

3565 1311 2410 214 il vous ett bibre d'accheter ou qu'il vous plaire, mais aussij pette de

3581 1434 2415 189 me remettre apres un si long credit le grand convoy avec des sarges

3570 1534 2306 175 ett arive grace a dieu) & comme ie dois remettre beaucoup a mes

3582 1644 2396 210 amis d'engleterre, il vous plaira, me resmettre pour la partie du

5571 1767 403 141 ƒ 493:10

3576 1852 1274 132 4 sber 1713 paste 13 mais qui perte

3561 1873 2480 238 de change en attendant l'honneur de vre remise ie vous sallue & suis

3574 2058 701 157 en tous occasions(

5363 2228 642 165 Adij d. 1714

3516 2210 997 225 Brussel Cornelis le fays

3558 2338 2446 220 in lange deere niet gehat van ul iits te vernemen, desen som tadviseren

3560 2449 2500 205 als dat het groot engels convoij met sarges belandin is gearriveert godt dancken

3554 2559 2414 171 verhope in 8 daegen mijne packen thuyste hebben, sal van een seer schoone

5171 2675 94 62 sel

3568 2653 2446 206 assortement voorsien sijn tot u dienste de goedren sijn gemonteert principaelijck

3503 2740 2492 180 die drepeen de nu 17 stuijvers meer costen, als de Reste sargesy moeten ƒ24:-

3554 2848 2396 205 dhotten de castas met name, hebbe al ƒ25:- verkoght aen differente vinden

3571 2957 2438 232 van Brussel tott u governo. hebbe het de laette tijle genoegh voorseyt dat

3559 3086 2354 178 het daer toe comen soude terwijlen, al wat gelt nodigh hebbe, om mijne

3565 3201 2293 146 vinden van englant te remitteren sult mij plaisir doen van eenige

3558 3282 2469 180 penninge te tellen, aen heer rousseau dat aen mons de wemer mede

3534 3394 2382 205 geleve te laeten weeten a verhope ul hier te sun om een goede

3546 3540 2415 147 partije te cooper recommandere, mij altijt in ue gene gentheyt &waer

3561 3636 1957 194 in a dinstigh magh weeten geluve te commonderen

5264 3713 518 185 Aej 14

3451 3749 820 210 Brugge Coppuolle

3575 3822 2401 222 op 12 dse wis a in mijn letten wat an my gedrage sedirt

3541 3923 2368 215 geen van ue hude sijde sie die brien hebb vn cloij die

3549 4040 2406 137 milde dat d: de groot noch wet vertrocke is sor segge met

3529 4122 2368 177 desen, dat mjn goederen op ontfangh deser sult versende thy

3559 4184 2432 228 op den, oft dander maniste hebbe de ieeren ge depiteertde

3548 4328 1551 156 vn cosstin de wegens hier gelyofenn
