7940 4644
836 170 2441 100 laterdagh wel ontfangen nu versoecke ul vrindelijck dan mij een pout groenen

835 269 2398 127 the te senden, van de beste sorte sult mij ten uytirsten verobligeren, geloove

819 329 2419 87 arnout de roij voor nu drederom a costy is ul soeede het  thee aem hem

816 403 2472 125 connen behandigen om op sijne eerste aenstaende rijse, mede te brengen

849 502 2438 131 in afwachtinge blijve met versoeckx van Dingeleyde voorganck te geve

2657 578 596 147 Adij 28 Julij 1712

632 555 1010 191 Londen CCharles Kamilton

822 714 2467 148 op 20 deser was aen ue mijnen laeste, dienende tot antwoort op den ue van 4 ditto waer

837 811 2382 153 aen mij gedrage nu hebbe voor mij ue resuve van 17 d. sien dat ue de st 400:

830 868 2446 170 noch niet teytgegeven hadt voor  dagh dat ue in een dagh oft twee soude uyt

816 994 2421 105 setten, als genateert, soo hope  eerste van ue sulckxx te vernemen ick weete

828 1083 2452 128 niets waerom ue tardeert, ul heeft em mers het in casse : hebbe ue traitte

824 1144 2480 166 prompt vercert, jae selfter presentatie betaelt, wat aengaet m. beardige

835 1248 2367 158 ben verwondert dat hij de oncosten komt vraghen die geresen sijn op het pack

824 1319 2471 149 M7. ick hebbe soo aenstons de boecken van onse comp. gaen naer sien, & bevin

824 1422 2428 132 de monsr. buridge gecrediteert voor onkosten tot londen gereken op de bale

828 1546 2424 151 N°6 voor £2:6:4: als oock voor oncosten op de bale N.1 £ 3:11:16:

820 1618 2447 189 in het jaer 1707, & die rekeninge is gesaldeert, & gesloten, & hebbe sedert die

815 1723 2467 173 tijdt met hem geen affaires meer gedaen, soo moet ue de rekeninge van mons.

828 1817 2446 143 burdige daer vooren belasten vermits hijde weirde van ons daer voore ge

819 1935 2467 150 noten heeft, bedanckende hem hertelijckx van sijne presentatie van dinst

828 2006 1198 163 & groote ue benevens hem & blijve

825 2102 660 144 london a 32:8

843 2205 671 133 anss bancos ½ Pe

808 2277 769 157 courant „ 4½ p

766 2385 2520 201 te soo aenstons become ue aengenaeme van 11 deser sien dat ue op 9 d 2 400:

835 2551 2451 128 op den exguer hebt aen genomen, ue seght dat die binnen 6 n aen den suller

830 2626 2458 166 in casse comen soo niet dat ul depeninge verscheten sal wel als men

831 2705 2471 179 in den exquer leghtrast voor 6 maenden, soo moete die met den int

832 2811 2457 158 rest van dien precus naer den verval dage gerestatiert worden want

830 2886 2427 193 anders waer daer geen staet op te maecken, & soude mijne peninge op geen

849 2974 2414 183 ander maniere willen emploieren, ickx geloove niet dat mijne groeders

815 3032 2421 217 voor maekeldry icts hebben betaelt sal mij daerna informeren & ben te

842 3140 2390 194 vreden te geven gelijck andre, doch soude met gaire meer geven tot

834 3247 1627 186 u governo voorders referene mij aen het voorss

632 3271 1031 202 Cortrjcke jouffrousr. Coet gebeur

2645 3338 639 140 Adij 29 Julij 1712

834 3419 2468 162 ul seer aengename van 23 deser wel ontfangen, tot antwoort de amme lakens

832 3512 2378 113 van a 3 breede connen mij niet dienen, soo gelieve te wachten tot dat het stuck

849 3592 2441 143 van a 2 brede, dat noch op den blijck is gedaen, dogh recomandere dat het magh

820 3685 2451 154 fijne wist & dich seer gelijckx het stuuckx servet, nu weete dat ic een seer groote

840 3784 2352 145 kenster daer van is, & dat se al moyte souden hebben om ul: het goet met

835 3869 2427 158 prijsen aen soude spreken ick ben daer soo niet me verlegen, even wel soo

821 3960 2430 132 het ul korts in d hant valt sal mij aengenaeem sijn, & gelieve het versenden

837 4006 2357 184 als voore wij velangen soo naer ul over comste, alle de convoyen sijn nu

834 4080 2439 144 gearriseert, & hebbe present wel ontrent 3000 stucken sargie van

821 4196 2438 93 alle soorten tot ue dinste doch alle goederen sijn apgeslagen & monteren

818 4282 2423 123 noch meer in engelant vaer naer geheve te reguleren ule van herten

851 4326 631 100 groetende blijven

5509 170 528 133 Adij 29 july 191d

3311 169 944 159 mechelen Jacobus Paradaens

3557 269 2455 113 verhope ul: voor dese gesondene goederen wel gecrediteert sult hebben ontfangen

3530 337 2516 146 desen om ue te laten weten als dat aen ue heden p wagens naer naeh toe sende

3545 418 2454 103 de acht geteeckende drapeen, in een pakie gemarckt IP. sijnde droogh

3541 501 2501 134 & wel geconditioneert & staen op de gegevene fracture van de andre goederen

3535 611 2451 136 soo dat ul: daer voore gecrebiteert is de sarges sijn wederom noch al 1 so

3527 686 2527 172 stin engelant gemonteent, soo dat het nu eenen gulden schilt tot ue gover

3538 825 2507 138 no alle mjne verwachte packen sijn nu thuys & vermits noch seer grooe

3544 908 2492 116 somme remittere moete, soo versoeke van mij wat t'afsisteren om dat seer

3539 996 2503 111 scrap by casse staen mijn heer exccuseert mijn liberteydt doch dat niet in noede

3535 1070 2409 176 ias soude as daer van niet willen schrijven ue & de familie van herte

3551 1138 643 134 groetende blijve

5380 1204 620 171 Adij 29 Julij 1712

3308 1194 1246 207 brusselen diepassroa r: Borremans

3554 1304 2475 142 sende saen ul volgens ul: vrindelijck versoeckx hier in geslote het stael van de

3534 1416 2513 165 groen perpetuanen te rugge wil hopen dat het gesonde staek aen ul vrinden

3519 1494 2510 170 contentement sal geven, waer in 6 apabel ben ue eenigen dinst gelieve te

3511 1574 1408 180 commanderen die naer groetenisse blijve

5326 1693 589 170 Adij 30 July 1712

3333 1687 899 177 hen 2 dan de. Kinder

3535 1816 2488 140 sende aen ul: heden gevoegh wagens 3 stucken engelsche creppies in een packie

3553 1940 2494 133 met ue addres, sijnde droogh en wel geconditioneert, sijnde door me ruff: ul leef st

3537 1995 2075 125 bj mij uyt gesocht, soo gelieve mij te crediteren als volght voor

3841 2094 794 147 3 engelsche creppies

5730 2048 265 174 ƒ54

5087 2106 290 161 a ƒ:18:-

3540 2147 2495 176 in wissel gelde, sij heeft mij oock geordoneert wee perpetuenen swert eese oen verde

3520 2277 2515 120 die heden bestellen sal, & soo haest de selve gereede sijn, sal die aen ulige wagens

3521 2340 2498 173 toesenden, waer in capabel ben ue eenigen dinst te doen, versoecke van mij te

3513 2437 1551 159 commanderen & blijve naer Cordiale groetenissee

3403 2515 494 150 Gent Wecloekh

5285 2526 722 178 Ady 31 july 1712

3542 2663 2486 155 op gistere hebbe ae ul: toegesende en pack genanht A:X

3516 2773 2460 99 p beurtschip, sijnde voor rek meduse te nden roete

3513 2845 2526 194 dornick, die veshier nae hollant vertrookn is sij heeft mij versogh

3526 2951 2510 129 ver nul: te late weeten, dat hae goedere vn costij niet moge

3527 3084 2455 152 vesonde wordenn voor der tij tot gent sal e come sj soo

3533 3159 2374 167 versoecke ve het voers pack by in te lete beruste, tot

3507 3232 2243 195 kan donste, ditto pack hustin alls volght te weeten

3779 3360 398 130 56 sarqet

3833 3409 887 181 2 gestrepte flannelle

3933 3534 339 142 e pes

3530 3647 2441 149 same 55 stucte waer nae ligh geloeve te regeilere tot

3514 3730 2495 178 de verclainge, op de comptoire rines pall sa sutresd

3526 3827 1699 157 dit doerde sult verobligern die blije

5328 3884 661 195 Dsnyn 122

3332 3920 802 159 tiventon kerij blagdon

3531 4074 2507 152 op 11 paste was aen ul mijnen laeste met remise van st £100:- ten lasten

3502 4153 2528 161 ward froud in londen, dienende voor de eerste remise op onse niu ue rekeninge

3521 4275 2460 107 met ul alleen ul voorders referre mij aen den selven, sedert hebbe alle mijne
