8276 4651
2736 166 609 177 Adij 13 July 1715

766 178 900 176 London John Jatnalle

938 264 2411 157 op 6 deserwas aen ue mijnen laesten waeraen mij gedragen sedert geend

937 370 2420 181 van ue desen principael om ue te laeten weeten, als dat heden 12opt

914 489 2448 194 tijken p waegens adroiture op brugge hebbe versonden, met ordre

925 585 2370 166 van de selve p eerste scip u te laeten toecomen daer stonden

907 681 2332 213 dese weeke 3 seepen tot brugge gereet om naer costij te sejlen

918 809 2417 194 & ternvijlen den wint altijdt contraitie is geweest soo geloove, dat

907 946 2329 144 vertrocken sijn, daerom hebbe de baele p waegens versonden, om

935 1005 2330 201 in tijdts noch daer te weesen verhope, dat ue dese goedren int cat

924 1121 2288 235 naer contentement sult ontfanghen & bij soo verre ue noch

918 1300 2375 175 voorders hoodigh hebt versoeke tijdelijck u ordre, want ick doen

920 1399 2333 186 die expoet maken, om den uytfcot van een ander met te hebben

921 1496 2408 198 soo dat wel versehert ben u het beste goet hebben sal cande

899 1659 2443 191 facture, noch niet senden voor dat de encotten tot brugge geven,

918 1775 2445 174 become, eghter sal de selve benevens cognossement op het spoedight

930 1936 2367 140 u laeten toecomen de baele is gemarcht als aen den voet desen

916 2034 1163 200 groete u van herten blijven

1016 2163 141 200 y

1174 2176 210 171 N.

940 2263 2417 245 al sal ten uytsten content sijn als u sult sien hoe wel gecondioneer

912 2387 2387 220 het pack is & geloove met u oyt op soodanige maniere soo een

889 2563 985 159 oontfanghen sult hebben

2701 2623 488 232 Adij d. 1715

803 2711 1295 198 Brugge gillis van Coppenolle

931 2769 2354 228 ue aengename van 9 deser wel ontfanghen de leepen, van Jan de meuy

933 2969 2354 139 ad van greimborghen attt geegoj stonden dese weke op ostende & soo

932 3049 2376 185 na london te vertrecken, terwijlen den wint sedert altijdt contrane

911 3180 2433 157 is geweert soo twijfele niet oft noch a costij sullen sijn & op hope hebbe

923 3292 2407 169 heden e waegens van hier op costij adroiture u toegesenden twee

913 3401 2354 213 poeken tijken gemarckt, als aen den voet deser die maendagh

923 3516 2376 206 avont met godts gratie a costy sullen weeren, versoekende de

934 3663 2383 165 selve te laeten seepen in het beste scip &addresseeren het hene aen

909 3747 2426 225 H1. aen d heer charles hamitten in Londewa het ander aen N.1

924 3901 2429 156 aen M. John tatnal in londen den ethant van de packe hebt mede

904 4006 2429 198 hier endergeroteert versoekende op ontfangh de ercost ick. aenstont

903 4118 2410 197 toe te senden benevens de cognossementen aen die naer Cordiale

907 4253 890 181 groetenissen blijve

5964 164 143 136 201

3605 196 2300 138 voor theer Charles Hamitton A... hant in 71 guo tyken

3593 278 2037 157 voor m John tatnall  N. 1 hant in 120 p0 ditto

5555 433 534 169 Adij 13 July 1715

3473 401 1066 229 twerten Beresreck marck

3611 544 2432 182 ue seer aengenamen van 22 pasto wel ontfanghen, can niet resalveren, tot

3608 686 2480 179 de voordre fijne drogetten temeer, om dat het winter lesoen aenstoende

3596 790 2466 192 is ue gelieft te seggen, dat geen abuys cont hebben inde maete omdat

3597 900 2451 182 die twee mael gemeeten sijn, ick cant niet helpen bevinde eghter

3581 1001 2494 167 volgens u facture & die nagesien aen de staeken op het loot als mede naer

3585 1098 2528 199 de sneden in den selfhant van de stucken die mede goij uyt wijten &bevinde

3569 1198 2534 184 die coreet gelijck aen den voet deser genoteert soo u can sien hoe veel daer

3576 1320 2525 216 bij te cort come & dat magha bij waerheydt gelooven & tijdt verschert

3575 1446 2529 212 dat ick noydt geet voor stellen soude dat niet reght matigh waere e waert

3565 1548 2529 216 dat ick meer bevondt soude u het selve goet doen sal traghten op de

3558 1678 2508 210 borse eene remise te become om de drogetten un meerdre somme de

3572 1813 2496 182 voldoen eghter maete rabattere de £2:-:- & ade mate die daer aen

3548 1920 2474 209 be cort come de ps. waer van de staeltiens gesonden hebbe sijn wel

3581 2084 2442 183 genogh geperst, maer tis datse soo grof van wolle b&draet seijndogh sijn

3586 2136 2489 242 voorders bevinde dat wel eenige sarges espines nodigh sal hebben, als

3570 2279 2534 152 mede leades, derhalve gelieve de selve te besorghen naer den gesonden

3551 2405 2465 176 stael boeck a instructie aen den voet deser, dogh moet van het

3570 2502 2538 163 alderbeste goet senden van clijne & fijne mengelinge awel bedecht, dat van herten

3559 2632 2539 163 recommandere, oock moet u wel sorghen op de leingde van de goedren want

3568 2709 2524 188 hebbe die will clahten daer over gehadt sae sommrge soo veer, dat se niet

3562 2853 2304 177 graegh aen u goedren comen tot uue naright groete u van herten

3733 2918 2370 189 te prepareren voor D. G melijn em met het eerste aen leggende, for popostende

5955 3083 100 60 110

3745 3054 403 119 te versenden

3682 3101 2389 133 60 blives  „ 60 olives naer het gesondene stael boekie aordre van 5 p s

4093 3164 1989 160 „ 30 coups naer N 34:35. van den grootten gesondene stal

4110 3272 1461 136 „60 ditto jets lighter naer N. 36. 37 van ditto

3637 3295 358 180 120 Louyi

4034 3320 2082 163 n„ 30 ditto noch lighter  „ 38: van d. le vender van couleur

4050 3435 1925 161 10 sarges rose naer N. 59 wel met blouw root a wet gemengelt

4063 3546 1291 143 „ 10 ditto doneher BRouseades naer N.43

5122 3624 235 114 „ 45

4191 3643 255 106 5 ditto

4095 3671 68 93 9:

5155 3693 206 117 „ 46

4093 3722 345 110 „ 10 ditto

5137 3782 221 106 „ 48

3658 3750 785 209 60 seade „ 10 ditto

5235 3854 112 88 61

4095 3868 331 110 „10 ditto

5231 3934 111 91 62:

4202 3957 246 93 5 ditto

5139 4005 205 124 „65

4059 4010 397 135 d„ 10 ditto

4102 4076 1961 166 „ 60 sarges olives naer het gesondene stael boekie waer onder wel

3530 4047 466 170 nich 60 olives

4297 4161 1759 189 30 ps mogen sijn naer N4:5 naden grooten staelboeck

3594 4197 321 154 2300 pp:

3857 4274 696 143 in 5 groote baelen
