8372 4617
3036 72 100 126 24

976 175 2264 78 maey met ter haeste opgemaeckt ade wissel gerekent tot 33:4 en

896 228 1111 147 dat is pary 10 stuijvers 1 p st

2347 230 763 157 Adij 19 febru 1714 2

830 305 927 161 Gent Jan  D defadelare

985 340 2290 173 ue mij altijdt seer aengename van 28 gber lest, tot nu tre on beantwoordt

970 482 2240 184 gebleven, bj faute van occasie desen principael om ue te adviseren

950 570 2231 138 als dat aen ue togesonden hebbe e beurtschop een pack met 100 ps

1960 681 50 53 6

1876 677 58 54 7

964 665 2238 188 tijken, sijnde gemarckt N.R1. is tolvoy, terwijlen voor mijn

979 742 2290 171 eijgen rcke wesende versoecke het selve voorders te versenden aen

948 881 2261 123 dheer gillis van coppenalle tot brugge, hier ingesloten heeft ue

967 946 2279 207 een cetificatie om voorders voor de tollen te bevrijden, soo daer

969 1054 2257 171 noch eenen tolbrief bij moedt wesen, gelieve den selven van den

942 1152 2291 155 faiteur opsome af te don halen doncoten op ditto pack, sal

950 1300 2268 113 te genoedt lien, ul: sal mijn broedes ick: daer mede belasten

956 1356 2303 193 waer in capabel ue eenigen dienst te don, gelieve te comandetrn

984 1472 1413 175 die naer hertelijcke groetenisse blijve

2777 1588 548 187 Adj 20 februu 1714

838 1626 1110 179 Amtterdam Francisio Rousseau

988 1690 2309 166 ue gheerde van 15 4 19 deser, wel ontfanghen bijden eersten verstaen, dat

986 1811 2335 164 ul de ƒ1250:- wel heeft ontfanghen gvervolgens gecrediteert voor

967 1921 2285 137 £208:6:8 en & voor de diffetentie vant banck geldt a 4ght

950 2008 2313 121 £9:4:2 en gedebiteert dat benevens ul gereteert hebbe terwijlen

912 2115 2310 130 de wissel op londen soo hoogh loopt soo sal noch wat aen sien

951 2189 2240 179 gelaeve eghter int cort vallen sal dat den tijdt moet seeren

980 2286 2263 161 met u laette, become netto notitie ontrent de versoghte spisels

963 2394 2305 133 vermits ul geen 5 kan becomen van brede naer het gesondene

950 2495 2331 150 lijnste coorderen soo hebbe andre resolutie genomen & sal mijn

974 2580 2330 161 spegel die doen toe gedestineent hadde niet gebruyken soo versoecke

980 2692 1197 166 drij spiegels de nemen te weten

1067 2804 771 134 een spigel van 5

1083 2892 754 137 een ditto van

1080 2894 2225 232 een ditto, dan„ ¼ dat samen in dhoogde uyt maeckt, te, sende

967 3038 2330 170 daerom hier ingesloten een pampiertie van hooghdee gelijck het sijn

989 3126 2272 153 moet, & soo sal de breede sijn volgens mijn gesondene clijn coor

966 3203 2323 165 desen &iu seght de 5½ hoogh preeus breet naer mijn maet, ul

979 3340 2296 125 maete van de breede hier benevens te ruge, hebbe dat gemeden

1000 3408 2279 179 op de breede gelijck de spie gelt vallen moeten sijnde ooeskgelijck

980 3496 2290 165 het cortte gesondene coordesen, de twee 5 ½ spegels moetlengeheel

983 3589 2297 176 blijven den andrey die minder is ovael geslepen worden naer

970 3668 2338 185 dit ingelyde model de gelake lijte waer mede de drij spegelt

989 3785 2298 163 aen malhandren moeten geroeght worden geliene die meden te

981 3916 2256 142 laten raken: ick gebruycke mijn siegel, om dat vreete

999 4039 2328 115 niet om t  met malhandren sonder accorderen

987 4109 2281 149 even de breede, moet sijn als genoteert daerem neme 2 van 2

989 4222 2323 135 men seght mij hier dat meu a costij die gelasen op een set met

987 4308 2209 108 een lest rentsem & van aghter met bant, oft perneel bel leedt

3556 194 2465 98 en fau soo geprepareert dat ment, als hier is maer op de plaets te lelte

3548 274 2465 98 is dat gaerne hebben soude het lestien dat roimsom, moet loopen, soude

3557 328 2478 129 moeten gemackt werden naer de beeekeningh, die op ovael model stert

3524 389 2472 157 segge van haut & dat sende hier, op de plaette laeten vergulden als alles

3553 482 2444 141 vaerdigh en bij een geset is soude een haute casse moeten laten maten

3546 551 2466 171 van breede gelijck het gheel wercke soude sijn &wel saeght te poesken

3535 663 2422 163 op dat daer geen ongelijck aen geschiede geleeve e vrint, daer over te

3528 757 2419 129 spreken gepasseert, sal gaerne vernemen, soo daer noch eenige

3529 867 2541 142 vordre instractie vereijtt wert gelieve mede te noteren de deught j

3522 937 2447 128 gede sehoonte van glas, wert a van herten gerecommandeeert waer

3523 1014 2522 206 in ie reciprequelijek capabel u dienst te doen gelieve te commande

3523 1132 645 168 ven de Blijve

3509 1244 2536 181 K het ingelyde model voort vael, is oock die breede van de sugels

3516 1357 2418 123 naer het getordene Cordeken, als comen de 3 spiegels iets hooger, als

3495 1467 2472 167 d'ingelijde mate daer is niet aen geleghen dogh boven het zverendeel

3506 1573 2219 129 chooger, magh het niet wesen & minder, als de mate oock niet

3436 1734 1116 188 rotterdam Dionijs verbargh

5167 1705 676 226 Adij 22 febru 1714

3521 1876 2491 152 i seer aengename van 20 deser wel ontfanghen dien volgers hebbe ul gedebit

3498 1964 2504 132 eert voor ƒ2854:17 voor de provenue van de goedren N. 4: 13:6:1

3511 2055 2444 160 vorders, sien de groote verandringe in de wissel op londen dat eghter

3500 2162 2388 141 geloeve int cort een ander wesen aen nemen sal terwijl men verstaet

3514 2260 2472 149 alle de aetten seer aert vallen sijn gmen hier ommogelijck schickt

3496 2312 2450 138 die wissel soo sonde continuerenn, om de waerde naer amsp

3511 2436 2409 132 te senden, can present met uyt mahen daer eenige avantagie

3483 2503 2447 186 bij te becomen is, soo sullen noch mael de engelsche brieven af

3499 2617 2402 132 waghten voor aleen, daer van disponeren sal hebbe dese

3503 2758 2362 110 penninge alleenelijck gedettineert, om op londen ofte geven

3509 2859 2340 113 soo sullen het noch wat laten berijften tot dat betere

3513 2966 2449 127 occasie voorcompt dit sijnde het noodigh delles & dat blijve naer

3492 3005 767 176 Cordiele groetenise

3430 3169 856 192 Geel Cornelis Willems

5194 3161 692 201 Adij 23 febriu 1714

3506 3325 2465 134 in gevolge de mondelinge ordre van ue beminde soo sendee u heden

3501 3437 2481 116 e wagens een ps sarge moon, dat sij bij mij heeft uytgelijdt sijnde van

3495 3527 2466 121 de schulp & terwijle sij mede versoght hadde van die qualitijdt staeleny

3501 3618 2434 129 toe te senden soo is hier benevens een stael boeckie van 15 us alle

3502 3713 2446 133 seer khoone & goede couleuren, soo u kan doen uyt liesen, die u gelieft

3489 3792 2494 154 sal die u toe senden, het is mij leedt geweest, dat buyten was even wel

3495 3901 2438 166 mijn comptoir gast kan ider satiffactie geven & de sarges connen

3499 3981 2480 168 om mogelijck niet minder gelaten worden als hij aen mijns ul heeft

3475 4089 2472 212 gesijdt, te weten de superfyuste alder beste bastardes 229d a ƒ23:10

3489 4237 2412 150 het stuck dat sij uyt gelosen heeft is elts minder en prijs galst

3491 4293 2432 127 u daer mede doen sont sult wel ie avantagie daer by vinden
