8385 4637
909 166 697 143 tiverton Jokn upcott

2727 193 530 152 Adij 7 gbre 1714

1058 298 2241 159 op 27 past. was aen ul mijnen laeste met ordre, voor 30 sarges

1055 370 2234 179 royacles 24 gd, &30 ditto bastardes 229 dy schades, torders referere my

1059 478 2252 178 aen den selven gistren become ue aengenaeme Jan 12 pass. med

1039 597 2146 168 facture & staelen van eene baele, met 40 drapeen bekoopen de

1030 692 2267 187 747-, de couleuren sijn daer ontrent wek maer ben seer

1072 831 2251 157 verwondert ul die stelt a 37 p te meer, om dat de drapeen altijd

1067 913 2211 199 minder in prijs sijn, als wel de bastardes,  hebbe tot noch tae

1053 1038 2280 193 van geen opslagh gehoort geloove eghter met den risico van

1061 1161 2227 169 de die van de prinse sarges in dese drapeen soecken will

1062 1337 2199 128 sijn de drapeen gementeers soo begeire geene meet als

1039 1406 2334 151 dise 40 ps a de sarges battardes &royacles du gevraeght hebbe

1058 1534 2199 149 met mijnen van 27 pass, soo die meer moeten costen als

1045 1605 2193 200 voordeser soo sult geene gelieve te senden, want soude

1066 1740 2212 191 mijne rek. daer bij niet connen vinden dit sijnde het nodige de ses

999 1824 1491 203 Blijve naer Cordiale groetenisse

1115 1956 112 85 s

989 2010 2312 146 versoeke u antwe op ontfangh deser, om volgens de reguleren

957 2114 1034 188 Brussel de wed: Borremans

2710 2141 624 158 Adij 8 gber 1714

1078 2252 2209 136 ul seer aengename van 5 deser wel ontfanghen daer benevens,

1066 2343 2248 136 eene remise van ƒ 465:- guldens wisselgelde ten faete

1065 2427 2209 191 Corneliy pauwels, die is geaccepteert. &naer ontfangh wend:

1069 2523 2082 160 ul: voorde waerde gecrediteert & deser, sal dienen tot

1063 2641 2234 185 quittantie in voldoeninge van de 15 sarges a ƒ 23:5:4de 5.

1042 2762 2259 163 drapeen hebt u gesonden, terwijlen u niet meer gelieft te

1064 2861 2250 177 geven, even wel syt versehert het niet doenelijck is, om

1001 2971 2319 169 daer iets bij te profiteeren, het sal eghter, op de 5 pij niet

1053 3108 2287 146 aencomen, hebbe voor gistrerij noch staelen becmen van

1042 3193 2269 179 draheen, die alle nu 1p  hooger in prijs sijn aes des

1055 3303 2226 150 beste bastardes oyt comen, enfin het is eene bedooefde

1072 3379 2263 173 negotia, soo iets van ul domande is versoecke te gebieden

1067 3470 2065 213 e ingesloten is aen mjens. rens prompt behandight

1066 3635 2233 180 waet aengaet de 3 gesondene quitantien versoecke op syn

1056 3731 2227 168 sydt in te voordren &oft het wat aenloopt, daer is niet

1056 3833 2205 184 aergelegen groete u van serten ablijve naer cordiale

1034 3970 462 160 groetenisse

5895 181 143 94 11:

3511 207 934 158 Londen Charles Hamiston

5400 224 632 166 Adij 10 gber 1714

3579 341 2460 127 op 10 past. was aen ul mijnen laesten waer aen mij gedrage, sedert geene

3573 395 2478 180 van ue becomen, hadde eghter in afwaghtinge geweest iets te vernemen

3573 566 2499 126 onfrent het vercoopen van mijne tijken te meer, om dat die in prijs

3565 634 2403 159 hier monteeren blijven hebbe gistren vernomen dat onse tijcken a

3576 745 2392 177 costij voor reghten betaelen 5 p p stuck an noteert op de laeste

3562 838 2380 192 ick. 6 p pestuis waer van seer verwondert, ben dencke u niet

3584 936 2436 173 meen voor reghten, moet betaelen, als andre, derhalve sult die comisen

3569 1070 2417 189 geluven te spreken & het gelt weder vraghen, dat sij oock met alle

3550 1224 2376 169 reghten moeten wedergeven het bedraeght £ƒ:100. s van het

3551 1363 2466 118 eerste pack & wat iu sal gegeven hebben aen het tweede is mij noch

3571 1421 2468 205 on bekent eur soude men een offreier casseren, om sodanige aetien

3541 1567 2496 119 a dat sulckx mij hier gebaerde verschere, den comis wel gedencken

3552 1696 2341 151 son, op dese maniere verwondere mij niet dat de laette tijken

3545 1829 2434 151 en verkoght blijven, want nu connen die 1 p minder geladen

3545 1905 2446 150 als u genoteert hebbe waer na gelieft te reguleren, soo u het gelt

3563 2013 2408 188 weder becomen heeft daervoren mij te crediteren aversoeke te

3543 2126 2499 205 laeten weeten wat sal sijn gepasseert aen die naer cordiale

3526 2255 881 151 groetenisse blijve

3514 2367 1373 184 halle nicolas van den Bergen

5290 2422 715 183 Adij 10 gber 1714

3535 2542 2537 169 16: mij seer aengename van 2 dese wel ontfanghen daer benevens het

3529 2646 2496 112 stael bochie & 174 te rugge  het baeetien 173 hade behanden hebbe

3543 2743 2513 136 tot heden gedilayeert u te beantwoorden om dat gedaght hadde de goedren

3536 2854 2486 157 met die van mijn broeder pedro mede te senden, dogh die niet gereet

3539 2938 2456 163 sijnde hadde gemijnt mijne goedren heden ul toe te senden gald de

3525 3072 2490 171 baeltiens gaen examineren, soo bevinde, dat een erreur gedaen hebbe

3532 3159 2506 192 in ue de staelen ten senden gelieft eerst te noteren, als dat 60ps

3538 3274 2471 179 alle gasparde in een groote baele waeren waer in 4 clijne baeltiens

3553 3372 2441 202 ider van 15 ps & dese groote baele, is beschadight geweest door peck

3536 3484 2467 181 oft taer waer van gult de twee baeltiens waeren daer u de stalen,

3517 3605 2417 162 van toegesenden hadde niets anders meijnende oft die waerent

3466 3688 2522 187 die onbescadight waeren, dat heden contrarie bevonden hebbe, als

3473 3803 2518 191 de selve wande gaen uytkiesen, om a toe te senden dat mij gelieve

3511 3929 2447 205 te pteuseren voor mijn gedaene a buys ingesloten sende dan

3523 4081 2423 157 aen ul de twee stael bochus uyt de selve baele die gans niet

3506 4148 2452 188 bescadight sijn sijn meest alle op een manier geassorteert

3480 4286 2472 172 soo versake van dese twee baettiens een ander te hiuren dat u
