7823 4637
673 199 2382 144 alle de smalle drogette witte & geverfde sacqet. & dougetts, als coffees &

687 294 2442 146 wel ick ordonnere geen andere goederen als geverfde sacqes soo dunc

688 397 2420 115 mij dat met hemy blageon moet continieren & ten maer met eenen

695 479 2459 121 rek houden & de rek. van desen coopende gare, is voor den ontfangh

687 560 2244 141 van ul: brief begenst geeweest soo moet dit jaer noch soo blijven

689 672 2505 123 maer wilt ue dat ue hemen blagdon alleen scrijve, & de wissel brieven

694 771 2338 135 aen sijn ordre alleen indortere sal gaerne doen gijliede mooght n

695 858 2448 145 marquen van u sacqes niet veranderen goort op de belte blijven

677 965 2443 143 slan george thorne ghmy blaydon met het claverblat int modden

680 1075 2471 161 want anders sende r de coopers hier daer aen stooten de bale N.24

690 1158 2505 149 over rott & N. 26 over ostende hebbe hier al wel ontfangen ventaeltre

684 1298 2515 126 daer van geopent, dat valt soo gestrent & geplecit dat het ee schande

694 1336 2303 174 is, & de coopes seggens dat ue die qualitijt vermindert & dat se

694 1462 2492 138 altijt minder & minde vandeight worden jae selfs dat se soo lanc

706 1552 2398 167 niet een vallen, als voor desen daeron bidde ue, wilt gsliede

708 1666 2493 177 te goedt n reputat ie blijve houden soo mooght ge de qualitijt

690 1756 2386 127 niet verminderen, nochte ander marcke sla tot u gouverno

705 1861 2405 180 versoecke van y alt qt prompt advis de geven va wat

695 1983 2487 167 passeert om volgens te regulera, dat sal vewaghte blijve

2473 2071 712 184 Adij 25d. rn

517 2077 1341 217 brugge thee gillis vn Copperolle

708 2196 2465 187 in aengename ve gisteren wel intfangln, waer bij gelve dat

657 2317 2566 137 de paiske noch noet vesonden ware, & dat ue nocl geen occasie

698 2419 2434 142 retcontreerde om de selve adroiture te sende, I dat mischi

704 2558 2489 116 n lange soo danige occasie niet voor sodde come soo ben

712 2637 2350 130 wel te vreeden dat e de resterende pase p rapelink

718 2733 2460 165 schip, dat twee mael ter weeke vertreckt mij toesende

748 2870 2367 114 gent te addresseere aen thee Lan B de sauclare mit

740 2944 2459 191 versoecke van te selve te versenden p eerste occasie sooer

723 3064 2344 186 beurtluijten te water va gent op antwerspen van

687 3160 2474 187 soo niet p wageots, doghh de schepe moete pespoort

683 3295 2414 187 hebbe voour sonde gesport wille absolitelijck

698 3448 2535 121 mijn goederen niet risqueren te afwaghtnge te verstae

733 3550 1124 156 wat sal bijn gepasteert

2536 3556 659 193 Ady 26d 1312

525 3631 959 192 Brussel Cornelis le bays

705 3714 2500 167 ue aengename van 24 deser wel ontfanghen dien volgens hebbe ue

717 3820 2332 184 gecrediteert voorde twee hendet gedent wissel gelde aen dheer

706 3947 2372 166 rousseau getelt de convoijen sij godt f alle wel geaniveert

688 4052 2357 172 & hebbe mijne pasa gisteren eerst becomen uyt genome noch 5

702 4161 2528 166 die noch tot brugge sijn, & vreese die noch soo haest niet hier sulle

700 4261 2405 134 syne,n om dutter soo geene occasie is m adroiture te sonde m

3494 193 2539 161 me het sijn meest couleuren die gijlu: noet noodigh hebt & sal ue sekerlijek

3490 270 2456 121 een goedt sortement uyt de gearriveerde komn hebbe mijn broedeer

3483 356 2544 159 kan michiel heeft in de sisen dagen tot brussel geweest, & hadde hen

3496 446 2411 148 vesoght, van an ule & dandere vrinden te laten weeten dat het

3498 579 2475 149 convoij gearriveert was wat heden gesent geweest ue te versoecken

3483 668 2475 162 van over te cancen q un afwaghtinge blijve niet versoeck va

3488 765 2255 148 ande wene  volhaert daer mede kennisse van te geven

5424 875 496 167 Ady 26 mey

3300 841 1181 212 Geefbergen ant. van opbroeck

3507 1017 2461 156 due van 28 23 deser op hion tijdt wel ontfangen, bij dueersten

3501 1124 2514 125 vestont dat ul sone sadde overcomen hebben om goederen te coopen

3483 1234 2494 119 mij all dan voldoen soude, met den laetten ordaneert ue dat bij

3464 1326 2509 168 den bode schallier soude gaan ontfange ƒ100:- wissel gel, & dat

3500 1430 2513 172 ue hen sulte geordonneert hadde, & dat schallier het hadde aengeat

3482 1520 2477 190 te voldoen, ben bij hem geweest met een quittantie & sejde dae

3488 1629 2554 174 geen gelt toe hadde, soo ick weete niet wat peijsen van soodanige

3475 1722 2402 206 conduite, hebbe nu lanck genoeh patientie ghadt ue hadde

3466 1853 2541 134 geseydt al lanck voor haeschen, van naer de paetdagen mij te

3492 1972 2418 162 betalen, & me sijn wij al twee maenden voorder, & hebbe noch

3505 2082 2465 167 niet een stuijvenr genoten als maer al brief poorten & wororden,

3484 2178 2480 126 mi versoecke van de naeste rijse mij te doen betalen dat ue

3479 2302 2494 152 sehvoldigh is, oft sal doen dat mijne raedt gedraegh, & toonen

3481 2418 2529 167 dat met geen soote conduite & omwegn te vreden bn  blijve

5227 2516 749 165 Adij 28 meij 1712

3289 2508 1053 204 Liverton dere &C nekemarch

3489 2701 2529 176 op 21 deser was aen ue mijne lesten met remise voor s £100:- ten

3468 2792 2567 161 latte Jan luch in sendon, seder geene van ue, alhoewel van andere

3479 2922 2422 162 vrinden, die leggen, als dat tan burridge van costij vertrocken is

3491 2977 2555 213 onder geleyde van twee convoijers naer de duynen, & dat van Ewnight

3478 3166 2551 131 seinior in ladinge op oft ende light, soo sal ue wederom de helft van

3496 3257 2545 158 de geordonneerde op ostende laden, & dander helft op rott verdeelende

3488 3358 2519 167 de packen soo danigh, dat het assortement op ostende is gelijck dat

3493 3505 2529 146 op ret.  maeck de facturen apaet van alle die op osteere, want

3493 3627 2551 120 samtijdes kompt deen voor dander te arriveen & dat maect dan

3490 3715 2542 143 maer confrsie op de resteninge hebbe e geordonneert te sende

3492 3830 2541 156 met mmijne van 9 pas de 60 sarges, 40 draper & de 30 royelys

3465 3924 2514 172 die ue seyde geriedt shedde, &op 27 d alnoch 2 balen ider met

3491 4046 2529 163 00 sarqes 22 gd: geasserteert die eene naer de e gesondene

3481 4154 2319 132 bale N. 31 & dander nar N.36. ne sal in de drapeen

3518 4270 2486 123 vermeerderen tot 80ps de royalis tot 60 & noct en bale me
