7947 4644
812 187 2443 111 packen van ostende ontfangen, doch eenige van duwe waren natint schip gewor

795 236 2431 131 den principael de bale met de 18 perpetuanen de bale met de 20 drapeen, I het

810 337 2465 156 baeltie & 179 met de long drogett, sagathuys & grijspies &fe soo hebbe die elle

791 450 2460 118 moete openen, & bevinde dat ue op de drapeen het clesver blat sonder naem

793 542 2493 144 hebt geslagen, & ue stelt die 36 ƒ, hebbe die aen eenige vrinden laten ien

755 611 2513 185 die begeire die voor de beste niet te considereren om het marck wille, & oude

793 703 2426 138 die maer voor de soorte van 31:6 en konnen vercoopen, soo moet ue sien

790 813 2441 160 wat daer mede gedaen gelieft te hebben, het baeltien 179 is de vrapper

825 911 2400 158 maer nat gevreest, die goederen gelijckx mij gans niet, principael de shont

800 996 2407 176 drogett broad bagathijs, narrouven, & long sagat huijs, om dat luyden dat

815 1107 2417 167 niet kennen, & daer niet willen aencomen, de longh drogest wel aennemen

815 1183 2405 183 om dat van die soonte wel hebben, soo eenige noodigh sal hebben sal ul

797 1262 2441 206 staelen sende, ick brjge de selve qualijteyt & dooute van andre ooc tot

803 1405 2469 163 17 en maer de shont drogett degaire, omdat die te smalvallen hebbe aen

807 1486 2403 167 piant vrems 3 ps van creppies verkoeht maer hier in stadt willen

793 1589 2394 185 de winckeliers daer niet aen, soo dat die soorte niet sal getrocken worden

792 1670 2471 142 bidde ue andermael van geen goederen toe te senden als icts vrage nu hebbe

779 1786 2484 160 voor mij ue aengename van 3 past ul moet mijn brieven niet wel verstaen

803 1853 2403 202 ick begure geene goederen met het een hoofe opgeslagen kan ue da bale

817 2001 2376 151 met 30 drapeen noor nu ontfangen niet laten voor, 32 s soo laet het

799 2083 2425 170 op machen van de 20 ps staken, de luyden willen altijdt de drap een beter

761 2161 2427 212 coop hebben als de sarges, de mode van de caffees vergaet, & de mooren

795 2277 2458 201 worden soo 300 sterck niet getrocken, soo magh ue geen mooren dende

783 2357 2446 207 hebbe noch alde mooren bij, & noch niet een stuck verkocht & alle de beste

778 2445 2381 183 caffees blijven leggen als steenen omdat de lieyden die prijs niet willen

801 2567 2381 193 besteden, soo ue die boven mijn ordre gesonden heeft, niet aenveirden, sent

793 2690 2475 156 dan met het eerste convoijs de twee geordoneerde bale van het claverblat

784 2731 2459 232 sonder naeme van 31 ƒ:6 en, en prepareert an bale met couleure sarges

782 2853 2392 192 naer dese ingeslote stalen in vier lijne baelkens & ider baeltie precies

787 2946 2409 171 geassorteert gelijckx dit ingeslote stael boetie geen andre couleure daer

763 2974 2493 245 bij te doen, & van prijse gelijckx ue hebt genoteent, &ue moet het laver

807 3085 2416 203 blat met den naeme daer op slaen & niet anders oft de luyden willen die

783 3170 2446 218 dan maer voor twee soorde bonsideren tot ul governo ingeslote remittere

791 3291 2487 198 aen ul: st£100 in seconde brief van den P. is geaccepteent in handen

786 3380 2481 229 van justus beck in londen sijnde tot laste van Elle de poij in londen bes

792 3509 2137 213 orght het noedigh, & geeft advis wan wat passeert, blijve

3489 190 2524 130 bevinde noch te beantwoorden den ue 28 pasto waer bijue seght dat ge dasoeura

3536 283 2440 138 prie op ue nemt van alle de gesondene cassees, & wachte als oock de drapeen

3533 370 2472 141 ick twijfele niet oft ue daer in continueren, want soude andre mesures moeten

3533 437 2481 114 nemen, vermits ue van de gemengelde niet doen wilt, soo sal den resies doen van

3523 518 1086 145 self aennemen tot ue governo

5651 652 161 101 Ding

3304 607 1125 208 rotterdam Dionijs verburghs

5419 675 582 145 Adij 3: augusty 171

3546 751 2466 185 op 28 pasto was aen ue mijnen laeste waermede versocht hadde van mij  groe

3519 849 2477 171 nen thie toe te senden e arnout de roij oft wel met een ander schipper dat sal

3531 912 2450 136 verwachten sedert hebbe van ue niets vernechen, de france partije loopen

3538 1021 2459 159 hier ontrent de stadt seer stercks,  dan groote uytspoighede sij hebben voor

3517 1093 2487 160 lede weeke de st: philip gesurprencert, & alle de hallancke daer daer quame

3532 1180 2474 169 om te veelaren aen gevat, & mede genomen, ben seer blijde dat mijne goedere

3545 1275 2452 142 thuys sijn, ick soude schippers van costij niet connen reden van sonder

3524 1343 2488 193 behoorlycke paspoort naer antwerpen te comen, om de overgroote parychele

3522 1461 2420 157 van de partije, hier light geen garnisoen genoeh, om hun te beletten desen

3518 1538 2489 160 principael tot courent van dingeslote, die gelieve voortganckx te geven blijve

3524 1593 779 178 naer Cordiale groetenisse

5835 1691 95 77 dito

5743 1694 109 98 pmo

5485 1728 498 137 Ady P. auqusij

3305 1711 698 170 tiverton John upcol

3527 1858 2461 153 op 18 pasto was aen ul mijnen laeste met remese voor ft° 82 ten laste daen

3522 1963 2456 157 Jaques Ceet in londen sedert geene van ul soo referrere mij aen den selven hebbe

3525 2062 2447 189 godt lof alle mijne packen thuys, soo die van rotterdam als oftende, hebbe

3526 2160 2491 200 eene van ue bale geopent, & bevinde ickx slechter als de voor gesondene, & hebben

3517 2234 2489 198 oock over groote lachte van de voor gesondene bale  36 hadde die geheel

3535 2315 2479 193 op de stalen verkocht, & nu seghtden cooper noodt soo slechter goet van ul: gesien ofte

3526 2406 2489 189 gehadt heeft & dat de stucken meer schijn van de tweede soorte hadden, als wel van

3533 2491 2489 225 de beste, & willen hun oock naer advenant reguleren ick verschere ul dat sulckx

3523 2574 2405 222 mij niet kan animeren, & dat doet maer pijn als men van sijne beste calanten

3501 2660 2507 226 vlachten hoost, en daerom versoeke int toecomende sulckx te voorsien wat de

3536 2765 2453 177 rest van uwe gesondene sijn sal, sal den tijdt moeten leeren laet mij weeten wat

3508 2820 2510 243 voor prijs men de besoe soorte a costij nu incoop om volgens te reguleren ingeslote

4646 2963 145 78 laste

3524 2936 2459 189 remittere ue st115:5:7 en ten tomaso welcams in londen waer voore het

3534 3007 2479 249 noodigh gelieve te besorgen preparcent voor het eerste aenstaende convoijs een bale

3518 3112 2498 231 met 30 prince sarges geassorteert als aen den voet desen in twee deser baeltiens

3536 3202 2457 240 ider bale van 15 ps. doch recomandere van fijn schoon & goet goet te senden

3527 3295 2489 239 selvendigh van couleure in aswachtinge te verstaen wat costij passeert blijve

3529 3405 591 140 naer groetenisse

4025 3495 1425 184 Van 30 prince sarges 24 gd. beste soortey

3918 3581 2100 223 10 stacken naer N.3:4 naer de stalen van 12 mey lestaen u gesonden

3921 3699 2092 185 6 ditto naer 12:13 de helft bruynder naer N°10 als voore

3894 3780 1619 196 10 ditton naer stael is seer schoon levendigh

3905 3855 744 145 4 ditto naer dite

3879 3981 714 175 3 Jo 17 tbl gitto

3879 4108 712 134 der sets van 15 ps

4257 4235 1753 133 geene lichter als close miscture lerendigh van couleur

4258 4287 393 127 oft giene
