8207 4658
3075 124 53 68 228

993 185 2289 106 die sorgelijck gelieve te besorgen &vant beste goet senden, voorders gelieve

1018 206 2349 152 mij op ontfangh deser te laten weten oft ue wel perped van 2 braban

1143 328 157 71 eet

1008 324 2284 121 elle in coopt, sijn dick qmoete oock fijn wesen van de beste soorte

1011 338 2343 185 soude eenige ordoneren versoeke me de prijse, can die soorte te roteren

1028 480 2228 146 als oock oft ue de voors ordre voor 120 ps sal provederen want

1010 574 2355 110 soude daer bij verlegen sijn, & soude die anders van andre vrinden moeten

1030 644 2298 167 vragen ue antwoort verwachtende blijve naer cordiale groetmesse

2858 1406 504 202 Adij 3 Juny 1713

802 1408 971 198 teverton DeresCneckmarck

1026 1562 2253 104 byde ue seer aengename van 29 t pas. wel ontfange waer bj sien ue

997 1662 2327 115 mijne remises voor  £151:18:4 e op Eduard froed £160: op charles

1008 1758 2280 110 bolangere £130: & 125:- op Jccob wachter wel sijn geworden,

1011 1807 2330 157 ue sent stalen voor 13 gestrepte flanelle, soude die wel laten comen

1032 1930 2281 113 maer daer sijn stucken onder die den witten gront, soo swert hebben

997 1954 2351 173 dat die met soude konnen debiteren & daer by oock & goof voor 137

1010 2070 2321 171 & terwijlen ue seght die coopres hebt laten maken, soo sent 10 ps

1010 2147 2355 135 van de selve, maer van hier aen den voet deser de helft van de stalen

996 2273 2336 127 boven dien noch 15 sarges drapie o, als oock 25 bastardes, witt

1018 2349 2259 115 met blouw groat precies naer dese ingeslotene staeltiens levendigh van

997 2376 2353 183 couleur  niet gestrept gelijck die soonteyt vallen, datse niet vercoopbaer

1005 2486 2322 176 sijn, wat aengaet d'a sseurantie, waer datter meer als een schip in ladinge

1002 2599 2272 168 quam, & dat den risico sconde verdeelen soude ue niet eens vragen, om

1017 2666 2213 163 'asseurantie, de goedren connent niet dragen, & in dier regarde ue

1024 2771 2257 176 moet doen gelijck andre om ue vrinden te accomoderen hebbe ue

1016 2855 2315 178 al gecrediteert voor ½ asseurantie van N.° 32:36 voor £3:18:27 a

1018 2958 2315 170 S., soo ul sal dat oock soo gelieve te noteren: daer is int mintte

1017 3050 2313 173 geen debut de goedrer staen als steenen godt betert hoe het vervolgh

1002 3136 2201 176 sijn sal, sal den tijt moeten seeren, om voorders mijn ordres te

1027 3240 2315 133 en largeren sent soo haest mogelijck facture attale, om volgens

1016 3336 973 134 te reguleren aen die blijve

1624 3360 1711 192 10 sarges drapie bruyk ross naer N. 11 van 30 april 1711

2579 3450 364 148 „ 10 ditto

1658 3514 238 95 5 ditto

979 3564 1514 174 eede  eeme mt ves 5 ps draheen in one sels

1901 3542 1205 235 10 sarges bastardes 2egos naer die staek

2464 3696 627 157 2ag naer ditt staek

1915 3742 267 129 5 ditto

1901 3791 580 149 15 ps in one sett

1574 3863 1337 189 20 ps gestrepte flanellen naer de se stalen

1626 3998 708 146 10 poen une sette

1497 4062 1822 168 samer 3 setts. & dese 3 setsopse packen in eene bale

5490 207 543 139 Adij 17 Juny 171313

3429 203 1201 152 meetielen Teedoeus van den hoeven

5360 272 304 86 verstaen

3583 320 2401 115 ue seer aengename van 4 deser wel ontfange, waer bijdat ue a c ostij

3579 408 2352 87 het loot gekoght heeft a 21 ½ je & dat ul oncosten van hier op mechelen

3546 461 2395 121 4 tuyvers op hondert sude besraren, & dat daerom maer 21 p geliefde

3570 543 2436 164 te geven tot antwort, het loods kan presens, voor die prijs uyt engelant

3561 631 2476 159 niet comen & dat het niet waere, omdat maer een clijne partijeis soude

3559 748 2475 134 voor 22 p niet laten dogh gelieft die noch a 21 ½ p, maer oock niet minder

3546 854 1751 142 soo sal ul tolbrief verwachte & blijve

3409 939 988 223 mon Ricolas Hamabt

5456 972 518 181 Adij d 1769

4987 1040 187 121 me

3565 1049 2464 188 j'ay bien recu la tres aggreable vre du 3 courant y joint une eschantille

3562 1188 2482 140 ion de sarge espine pour tous envoyer une carte a ladverant, mais que

3551 1288 2481 127 vre grace, ne sou haitte past y maittre d'avantage que ƒ23:- en crepons

3569 1376 2430 114 ce es sarges coutentt a moy mesme ƒ22:10 sans asseurance ainsij

3547 1456 2454 181 ie vous laisse considerer que profit, qu'il y at a faire, si ie n'estois

3558 1576 2448 158 pas l'honneur de vre chalandise ie le donnerois point a ƒ23:10, ie la

3563 1671 2457 159 vend ƒ24:- & pour le premier convoij qui viendra ils seront encor

3525 1773 2501 163 plus monte a couse que les sarges encheresent en Engletterre si vre

3546 1903 2473 154 grace souhait donne ƒ 23:10: ie vous envoyerez le plus belles vives

3539 1960 2435 209 & de la milleures qualite de l'estois avec le nom a lantout en

3544 2059 2443 165 attendant l'honneur de vre resolution & ie me dit tres cincerement

3568 2183 2130 165 apres avoir souhaitte reciprocurerent les bonnes faittes & ie suis

5398 2261 618 188 Adij 8 Junij 1710

3409 2297 1121 156 amsterdam Francisio Rousseau

3539 2373 2463 152 ue seer aengename, van 19 pas. op sijn tijt wel ontfange waer uyt met reet

3538 2489 2472 138 plaiser verstaen hebbe ue goet arrivement a costy, hebbe, tot nochtoe gedele

3543 2567 2454 156 eyeert den selve te beantwoorde bij faute, van de minste affaires voor

3548 2644 2481 165 vallende & meddeltertijt in afwachtinge gebleve, te vernemen, dat het brieffen

3541 2757 2432 142 van ƒ 2169: hollants courant ten laste pereray soude hebbe voldaen

3533 2817 2389 160 geweest ne hebbe become een brief van mijn vrint van Ba. l'olivier,

3534 2905 2423 148 waer bij ordoneert, dat bij aldien den 1de deser niet voldaen is, hot selve

3537 3001 2451 174 soude gelieve weder te senden, soo versoeke vrindelijck van het voorde

3545 3144 2470 130 laeste male noch mae, afte vragen, & soo niet voldaen wont, mij weder te

3531 3234 2413 127 senden. onde simplaets datse met den wede saude crleven vergaet

3538 3294 2438 169 noch dogelijckx, weer, & meer: in wissel & in andre affaires passeert

3543 3368 2479 173 seer wijnegh heden esser op costij gedaen seer kort a½  op lorde

3547 3517 2448 122 a 35: 4 e7 brieven, dogh geen gelt soo datter op die plaets niet en ue

3530 3595 2447 173 vernegotieert parijs a 66  a 67 y kort, tor ue governo, ue van herte

3522 3689 2459 152 groeterde blijve m afwochtinge d'eere van ue antwoort op voors

3408 3818 1100 175 brugge Gillis van Coppenolle

5337 3834 630 160 Adij 9 Juny 1213

3437 3922 2504 175 op 23 pasts was aen ul mijnen laeste, waer aen mij gedrage seder

3532 4021 2420 156 become van ue niets twijfele, oft mijnen broeder Jan mich iet, heeft

3544 4106 2447 171 ue geadviseert van op mij te trecken, omdat ue remittere soude

3515 4214 2438 162 sende ul dan hier benevens een duijtent guldens courant gelt

3524 4315 2478 93 makende in wissel gelde £357:3 ten laste francois du hames
