7967 4651
859 166 2423 113 becomen kan, soo op de borse ten rechten kan geraken, hebt ue hier benevens remise

853 233 2441 165 rat passeert gelieve te laten weten, & rendt de facture & stalen soo haest als moge

841 317 1386 172 lijck is blijve naer Cordiale groetenissee

981 407 1352 188 voor eene bale met 60 beste sarges .. 22 gd

1005 523 1280 152 20 po naer N4 van 11 meij voorolieles

996 605 1786 168 20 ditto naer de stalen op 11 Junij gesonden oock voor olives

1002 687 1186 145 4 blouw schades naer No 25 van 4 mey

992 779 1161 137 4 ditto. naer N.° 26: 27: 28 van ditto

971 830 1007 134 4 ditto. naer N°29: 30:31:32

984 911 1050 142 4 ditto. groen schades naer N.21

977 1011 1038 131 4 ditto naer N. 22: 23:24

963 1105 1962 198 60 ps in eence bale & 15 ps in one sett 4 setto inone bale

843 1196 2392 188 voor de betetfanges 30 drapeen 22gd: naer de stalen van 28 sber 1712 lest aen ue

850 1310 2408 160 gesonden geassorteert gelijckx dis daer gespecificeert twijfele oft ue heeft die stalenn aeh

847 1376 1317 137 bij omdat gecommandert hadde te bewares

820 1441 2405 208 ingeslote remitteren st£100 laste rayne de boyville in londen besorght

840 1536 1133 147 & geeft advis van den ontfangh desen

1868 1672 250 110 george

2797 1720 488 150 Ady 1 Jacuqusty d

642 1682 1678 201 swerten herez blagdon Wille segge. Thome

844 1817 2451 207 ue aengename van 14 deser als voore wel ontfanghen in antwoort om ue te faciliteren

822 1910 2431 186 & geene maij ljcheijdt van schrijven meer te hebben, soo sal de baeltiens No. 141:142 aen

814 1970 2458 212 bierden voor 28 s op hope van die op 1 ƒ36 en minder te konnen aen de man te bren

819 2069 2460 195 gen sal ue ge naeste het slot het slotremitteren & gelieve mij middelertijdt te credit

841 2150 2437 198 eren voor st£7:4:6 voor 1:6 en refactie op de 41 as van de hoost inde bale

840 2213 2403 231 141:142: omgelycke rekeninge te houden voorders versoecke van de gearde

834 2346 2393 196 neer de ouleure sarges sorge valdelijhx te provideren & de ouleure precies naer

821 2413 2449 207 te comen oft geene, & moet de claver met den naem daer op slaen & soo ue wel

825 2495 2429 232 daet sal int toecomende mijn ordres vergrooten blijve in a swachtinge van

821 2608 1134 158 vrat goets, & groete ue van herter

640 2671 2555 228 Ceverton George thorne segge henrij blagdon Adij 17 aug 1112

854 2784 2412 222 beyde ue aengename van 14 & 32 patt° wel ontfangen, vrat aen gaet de bale N.173

846 2903 2413 188 ue sal uyt mijne vorigesien hoe het daer mede gegaen is, & sedert hebbe deen & di

838 2945 2415 210 ander, die goederen aengepresen, doch niemant van onse winckelhouders willen

802 3052 2418 214 daeraen soo dat vreede ue daer andre mesures sult moeten opnemen de longh

819 3128 2446 217 drogetten sal wel aen veirden alhoewel noch niet verkocht sijn maer de sme

833 3231 2388 171 le dragetten  dienen mij gans niet en soo meerdre longh drogett noodigh

843 3307 2357 191 hebben sal ue staelen senden doch dat is somer goet wat aengaet de 30

832 3421 2441 197 gesondene caffees drapeen het is mij leedt het ue seggen moet dat de luyden

842 3484 2356 187 die maer voor 31 ƒ 6 en willen consideren gelijckx de sarges sonder naem jae

821 3558 2374 178 seggen noch meen dat de drapeen minder costen als de sarges soo dat daer

832 3623 2331 211 niet mede te doen valt & die van de hooft begeire in geen derlje maniene

810 3721 2435 213 rrant soude daer mede varen gelijckk met de sarges soo voltrecht mijn ordre

823 3803 2440 210 de drapeen niet omdat geene maijlscheyt saecke maer volbrenght de tuee bale

814 3867 2469 240 Caffees sarges 22gd claver blat sondernaem van 31 ƒ6 e, geen andre bij te doen

829 4002 2359 167 alle u beste gesondene goedren staen noch geslaten voor dese leste gesonde ne

822 4044 2460 190 mooren sijn noch niet geverft soo dat de beste noch niet aenveerde tat u governe

832 4132 2426 196 beede nochmael van geene moore meer toe te senden omdat die geen treck

834 4241 2450 103 meer hebben nu het is present oockj in het doodste vanden hadde heden gaerm

3555 178 2462 100 aen ue geremitteent doch de wissel is hier seer scheelijck gemonteert van 32:7 tot 33

3551 230 2469 120 & noch geene brieven a contento tot die prijs connen bekomen soude andres daer

3554 308 2475 89 noch door gepasseert hebben sal geen tijdt versuijme sal volgens ue schrijve de facture

3555 392 2475 89 vande de twel geordoneerde bale te gemoet sien & dat ue die op ostende laetladen

3537 475 2478 119 is wel in afwachtinge te verstaen wat passeent passeer  blijve naer groet

3552 528 244 89 nissel

4580 543 72 104 2

3314 588 1065 155 Londen Charles Ramilion

5345 609 496 158 Adij 18 aug 1712

4541 655 180 116 dno

3572 726 2421 122 beyde ue aengename van 25 pas., & B courant wel ontfangen aden inhout wel verstaen,

3555 784 2470 159 vermits ue seght dat niet minden als tot ¾  voor instaen van brieven courtagie, en

3556 858 2475 163 macheldrij & brief poorten mij bedienen vrilt, soo sal patientie hebben voor dese reyse, & het

3539 913 2479 203 selve ue sal goet doen, maer verclare noch mael, dat mijn broeden, heden mij gesijdt heeft als

3556 1004 2480 190 dat sijne vrinden op den selven niet meer braghen als ½  soo moete ue ⅓ p meerge

3551 1073 2476 163 ven wel wat resico loop ue, als ue mij in ue eijgen brieven remitteert. nu als ue ordone

3552 1151 2473 192 ren sal te remitteren, wil dencken dat andre accasie niet sult versuymen, soo ue niet

3541 1218 2484 206 te trecken keeft: nu wat aengaet de st £400:- inden Beequier, als men die pennin

3545 1316 2489 186 ge aen light op conditie van binnen 6 maenden met den intrest van dien te restitueren

3532 1412 2441 174 soo moete die penninge, oock prenes op kun tijdt in cassa comen, & geen tijdt

3550 1460 2481 210 meer afwachten, r daniel huys heeft mijne broeders inden reequier bedient, bij hadde

3544 1551 2482 194 hunne ordre aen hem gegeven, precus gelijck, ue oock ordoneert hebbe, hij heeft

3542 1648 2472 136 hien naer de 6 maenden hun gelt gereedt gehadt, soo dencke het me mij het selve

3535 1740 2497 181 sijn sal, soo vermits ul mijne penninge aengeleght hebt op 9 july lest soo dencke

3535 1814 2493 177 die gerestituert sullen worden op 9 ianuarij sijnde 6 maenden, als wanneer verhope

3538 1899 2492 183 goede retoure te hebben, dogh ue sal sonder mijn ordre niet remitteren. ben wel verwon

3523 1989 2493 188 dert dat dh' burrige schrijft dat hij de £3:11:6 niet in rekeninge heeft gebrockt

3521 2066 2500 152 dat emmers niet wel sijn kan, want op onse boecken staet hij gecrediteert voor de

3556 2150 2473 181 selve, & die rekeninge is hem ten vollen voldaen, & soo gesloten naer mijn omthoude

3532 2237 2322 209 soo heeft mijn broeder een copiye gesonden. ue van herte groetende blijve

3347 2299 1107 191 amsterdam Franciseo Roussou

5396 2395 509 149 Adij 18 aug 1722

3554 2469 2398 206 ue seer aengename dan 12 courant is mij op sijn tijdt wel geworden, waer bij gesien

3534 2593 2448 158 hoe de rissel op londen sigh schielijck a costij ras, segge tot 33:4 ½ a 5 & op hier

3532 2657 2457 191 boven a  dalende niet te trecken was, n dat ue om die reden mijn ordre niet heeft

3531 2722 2474 194 voltroeken, waer vore ue hertelijckx bedancke, ben hier beter coop ten rechte

3547 2806 2479 205 geraeckt, de mes. die brieven hier bij hebben, houden hun wat spijtigh, hou

3530 2916 2491 129 gaerne 33:5 hebben, dogh niemant heeft die prijs willen geven, gisteren isen partije

3549 3013 2437 169 a 33:4 gedaen, hebbe oock die prijs bestedt, soo sal het nu oock wat aensien,

3540 3057 2489 217 waer in reciprokelijck capabele ben ul enigen dinst te doen, versoeke van mij ue

3523 3176 2510 193 commanderen, & blijve naer cordiale groetenisse, met versoeck van den ingeleyde

3542 3251 878 136 op engelant te versonden

3349 3328 999 168 brussels dneouffrow borremans

5393 3337 609 172 Adij 19 aug 1722

5145 3441 290 104 antwort

3543 3445 2484 147 ue seer aengename van 17 desen wel ontfangen in afpachtinge hebbe ue stalen

3547 3558 2474 127 naer englant gesonden, dogh tot noch toe, guene op die couleure becomen hebbe mijn

3531 3637 2487 138 vrinden daer over gerepliqueert, & seggen dat men tegenwoordigh van de sargemae

3515 3715 2503 191 hers niet hebben kan wat men wilt, & daer is niet een stuck, uyt hunne handen te

3526 3807 2493 189 brijgen, oft moeten 2 schellinge sterlinhse meer hebben als voor desen hebbe presen

3532 3887 2439 182 eene seen schone partije by van ontent 3000 po, & de leste gaarriverde losten ons

3534 3982 2458 151 geniruliter chien shuijvers & as meer als de vorige, & nu is dewissel op londen

3522 4089 2456 163 seer gemonteert, dat de goederen noch veel daerder sal maecken, waer na wel

3532 4181 2383 140 maght reguleren, ingellote sende 3 staelboehiens van d'alderbeste super

3526 4252 2460 156 fijne drapeen, die uyt engelant comen, sijn een alfrirendeel & meer boven

3531 4343 2494 107 de elle breedt, & hunne leingde naer advenantt ue daer mede konende dienen
