8392 4630
1063 203 2242 117 laet mij van tijdt tot tijdt weeten watter a costij passeert om volgens

1065 267 2283 144 te reguleren & sent soo haest mogelijck de facturen & staelen waght niet,

1054 363 2243 132 tot op het laette gelijck u de lette rijte gedaen hebt aversoecke aen

1050 458 2297 154 mons. thorne te seggen dat de tweede geordoneerde bale mede wilt

1067 533 2184 179 besorghen an antwoort hier op, op ontfangh te laeten weeten a in

1059 667 1506 166 afwaghtinge Blijve naer Cordiale groetbrisse

2628 788 534 187 Adij 18 aug 1714

911 808 733 186 tiserton Joh n upcots

1062 888 2193 188 ick aengename van 14 apre lest op sijn tijdt wel ontfanghen is tot nu

1060 1005 2329 174 foe on be antw: gebleven by faute datter in de sarge negotie niets de doen

1077 1123 2297 127 is geweest & hebbe noch meest alle ue baelen bij, die goedren, sijn wijnigh

1092 1180 2284 146 oft niets geperst dat de coopers die niet willen hebben, hebbe voor desen

1071 1328 2221 110 daer noch wel overgeclaght soo versoecke in toecomende, daer beter op

1080 1382 2225 159 te letten doen, John ewings sunier leght nu in ladinge & terwyln

1098 1504 2225 163 mij eenige drap een comen te manqueren, soo gelieve te prepareren il

1087 1554 2280 180 tee baelen ider baele van 40 ps geassorteert naer de staelen

1092 1686 2233 181 als aen den voet deser &u moet dese baelen assureren voor de zee ge

1067 1811 2307 166 &de facture, daer mede belasten dogh terwijlen, het nu vrede is datter

1072 1881 2267 228 geen capers in dee sijn, soo dat den kisico wijnigh is soo magh

1081 2021 2253 170 u maer gemeten 1½ p voor dassurentie gelijck andre doen gelieve

1075 2118 2231 168 de facture estaelen cognosemement te senden soo haest mogelijck

1094 2239 2237 161 om volgens de regileren, die couleuren preus na de comen clijne,

1081 2317 2203 235 & fijne mengelinge a wel geperst recommandere voor alles goede

1072 2432 2207 209 sorghe te draghen, hebbe gistren een stuck van de prinse sarges

1086 2527 2268 216 verkoght van die couleur daer u een staelte van gesonden hebbe

1087 2644 2269 223 hope de andre oock quayt geraken sal groete u van herten blijve

1090 2797 1412 168 in afwaghtinge d'eere van u6: antwoort

1387 2971 158 148 N

2073 3102 1258 125 Die naer dit stael moeten met wat meer root

2082 3210 461 126 gemengelt sijn

1626 3397 71 86 3

1602 3547 96 153 4

1618 3745 85 124 5

1392 3847 1226 189 Door twee Baelen Drapeen 22 gb

1445 4008 580 151 20 ps haer N.4

1841 4127 168 104 „d

1462 4115 223 117 15 ps

1462 4192 179 101 20 ps

1798 4230 226 120 „3

1462 4266 187 101 15 us

1452 4341 194 92 10 13

1437 4324 1908 140 80 ns en twee baelen ider boele van 2 setts ain ider se 10 ps

5780 131 190 126 9d

5415 219 593 143 Adij 18aug 1714

3480 211 983 155 swerton Beregneck march

3577 342 2375 119 op 28 past. &8 deser, waeren aen ue mijne laesten, met den eersten remise door

3573 437 2366 140 £176:- ten latte mane waleu in londen waer van hier benevens den

3580 469 2419 148 seconde, met den laeste ordre voor 30 koyacles 24 gd 120 ps sarges drapeer 229d

3585 570 2286 170 180 ps sarges bastardes 22 gbij waer aen mij gedrage sedert geene dan ue

3567 676 2456 161 verhope eghter de selve voor ontfangh desen, bij a sullen wesen wij hebben

3560 764 2445 158 de droevighe tijdinge becomen vant assteven van de connginne Anne

3555 847 2422 202 glovieute gedaghtenisse, als oock datter een beslagh is gedaen op alle die

3573 967 2408 142 schepen a vaer suyghen die in de havens leggen, derhalve ben bedught,

3530 1062 2497 137 dat ewings sunior en lange niet sal connen overcomen, dat groete nadeel

3546 1194 2468 120 soude doen aen onse negotie, het schejnt dat het de iet wat beteren

3565 1271 2434 132 witt & op de gedaghten dat in englant groote op reeringe soude conneno

3560 1332 2452 178 comen wilt ider een sigh voor hen nu u sal geene packen van de gende

3562 1448 2388 139 neerde goedren aflaeden voor opt laette tegens dat ewings soude conner

3561 1549 2369 136 vertreeken avermeerdert de 90ps loups tot 120 ps te weeten boven de 30

6007 1609 67 82 sit

3566 1617 2325 169 geordoneerde noch 60 soo precus gelijck desen ingesloten staelboek sijn

3577 1683 2437 152 alle goede couleuren, als noch eene baele, met 60 olwes naer N2:3 naer

3567 1814 2434 105 de staelen op 8 deser u gesonden soo heeft u nu 450 ps satgis te prepareren

3568 1914 2486 127 waer veren recommandere goede sorge de draghen om mij te animeren

5991 2025 71 74 14uch

3567 2018 2387 136 nu ick magh soo grooten kisieo in een schip niet koopen, dan soo moet

3566 2104 2360 139 u de helft oft ten minsten een derdendeel assareren hadde u de drapeen

3566 2190 2415 120 op sijn tijdt versonden gehat soo soude daer geen isico meer op sijn & soude

3554 2288 2406 114 het ie dan oock niet braghen versoecke van tijdt tot tijdt te laeten

3559 2401 2468 150 weeten wat costij passeert & of de coopraerdj schepen mede beslaghen sijn

3566 2477 2499 185 aop wat gij lieden ewings sout connen dersenden het sijn present al dan

3556 2611 2509 162 gereute soeke daerom recommandere noch mael op alles goede aght

3561 2703 1694 144 te nemen & tadviseren wat passeert aen die blijve

5191 2792 718 182 Ady 19 aury 1724

3439 2800 584 186 Brussel Cort. Segers

3551 2933 2465 136 ingevolge ue ordre van 17 deser, soo hebbe de twee uyt geleyde gettoepte

3544 3021 2380 146 flannellen ul p beurtschop toegesonden in een packie gemarckt C3

3547 3143 2438 114 sijnde wel geconditioneert verhope die ul: soo sullen geworden, gelieve

3545 3184 831 168 mij te crediteren voa

3770 3264 2190 189 1 goltreps flannel 9do 31 - a 41 ¼ a 82 ½. a 12 st  ƒ49:10

4441 3358 460 135 „31 -„41 ¼

3757 3360 233 145 8 ditto

3554 3407 2452 163 wissel gelde, waer in voordert capabel ben ul dienst te doen gelieve

3541 3548 2478 161 te comanderen. met de doort van de cmingume vn engelant, sal den

3527 3632 2454 171 groote veranderinge connen comen i de negotie, daer is billagh op

3519 3721 2423 170 alle de schepen die in engelandt liggen gedaen, soo datter wel

3535 3842 2450 145 een shich goedt ten comn die present wel voortien is, sal darby

3561 3947 2429 152 uel profiteren tot ie naerright, & blijve naer cordvale groetense
