8159 4706
787 224 1586 119 beter bedienen sal als ick, waer op mooght verlaeten

751 257 2512 155 de bariere is gistren hier gesloren & getaekent, dogh men can crant geene verhand

780 367 2400 162 is niets aehterhaelen, terwijlen alles seer gesecret ent wort al van hert in

786 467 897 156 groetende blijve met affeetiee

2653 572 626 172 Adij 18 gber 1715

648 548 1047 242 Brussel de wed. Borremans

799 678 2426 195 ue seer aengename van 15 a 16 deser wel ontfanghen den ingeleyden aen

789 802 2455 205 mijonff rens hebbe laeten behandigen, ede ƒ 183:1½ sijn heden mij

789 913 2474 189 betaelt door den berw: Pater procurator van het conviet, derholve i ue

806 1031 2439 180 daer vooren gecrediteert & sal de ƒ 41:1 betaelen aen s. bellot synde

779 1117 2479 208 het suiplus, van timport van de 3 gesondene quittentien bedanc ke

806 1224 2375 196 ue hertelijck voor de genomene moytegen soodanige, oft ondre

801 1343 1785 191 occasie, gelieve mude van mij te dissponeren

780 1488 2503 165 dheer Jacobus de Coninek, heeft aengenomen morgen het briefie van

781 1571 2496 192 ƒ500:- beurart te betaelen, soo wat u gecrediteert voort t selve

800 1706 2470 186 in wessel gelde voor ƒ428:11½, waeren capobel ben ue daenst

790 1845 2234 152 te doen versoecke van te commanderen die altijst sol sijn

691 1943 840 159 dorninek de wed: Poroeta

2628 1933 566 175 Adij 19 d. 1716

781 1994 1994 211 J'ay reccu en son temp l 'honneur de la vre du 26 passé p la quelle vre

794 2123 2375 172 grace me demand trois p perpet. blanchies scavoir deux ps. N.56 a ƒ44:- & une

816 2237 2432 150 autre moindre de ƒ29:- jay dilaye, de vous repondre jusque present, crayant que

791 2332 2483 133 mons. beeekmans auroit este prot, pour envoyer ce que vous luy avoit demande j'aij

818 2462 2375 133 envoye six fois chez luy, jusqua present rien encor pret ce pourquoy ie vous

818 2510 2451 152 escrive cette, pour dire que j'ay choisie deux perpett. blanchies les plus belles quils

795 2624 2422 154 se trouvent tres bien conditione de N56 a ƒ44:7 comme vous avez eu la

800 2745 2435 137 derniere fois pour ceux de ƒ29:- ie n'en ay point ce pourquoy ie trouve

802 2842 2483 139 son de vous envoyer une autre de plus fine de N.60.. a ƒ48:- nedouttes

798 2935 2429 164 point que vous servez tres contant, cependant, syl cela ne vous pourais

819 3041 2448 143 accomoder ie vous prie de me ladviser a la reception de cette j'attendray

815 3158 2454 112 encor plus les pator avec le marchandise de mons: beeckmans, ce peudan

810 3246 2352 131 livous les souhaite avoir plustost ie vous prie de me l'adviser & sayez

801 3341 2175 166 per suadez que ie serez toujeurs en tous occosions de bon ceur

2684 3436 549 170 Adij 20 gber 1715

684 3449 730 190 London C: Ba lengur

829 3547 2438 179 ue mij seer aengename van 24 sber 11714 is tot mitoe en beantad: gebleven

817 3664 2457 141 by faute van materie, desen om ue te versoecken van te laeten weeten, hoe

813 3767 2378 131 de colfvellen present en prijs sijn, soude wel eenige laeten comen, waer

823 3827 2429 182 onder geswarte soude moeten breesen, dersal ve geliene den prijs van d'een

799 3913 2468 193 gedanter te noteren dogh alle van de bette groote soos daer is hier helders

816 4044 2419 138 wijningh in te doen de scoenmalers geluyken meest inlantse vellen

818 4127 2436 175 om dat dengelsche te daer comen, van de twee gesendene bale, hebbe goo

817 4235 2451 159 claghten gehat, principael, dat de vellen seer geviet & door meden waeren a

819 4325 2453 158 oft het uytseet van goet wees, eghter de qualitijdt was denghsaem dogh te

4432 90 102 162 6

3601 199 2550 132 swaer van vellen, de soeghste villen, werden de beste geestimeert, daer op u soude

3592 293 2544 129 moeten letten, de laetten hebben gekost tt½ 3 p s dat te hoogen prijs is, geloove

3577 378 2572 158 wast nu laeger sijn, om den wijnigen aftreck ue antw. te gemoet siende blijve

3590 483 1005 152 maer minsame groetnissen

5604 589 518 172 Adij 24 gber 1715

3458 565 1069 183 Brugge Gillis dan Coppenolle

3568 701 2547 149 op 15 deser was aen ul mijnen laesten, waer aen mij gedrage sedert geene van u

3588 790 2541 183 waer van verwondert ben temeer om dat het pack uyt bradfordt al moest gelost andre

3576 895 2553 179 minden scrijven dat hij sijne goederen heeft over geslagen u. geeft int minsten geen

3565 972 2586 193 advies, wat ontrent mijn pack passeert, daer om seryve desen, ue versoekende het selve

3570 1068 2566 201 te depescheren, op het spoedighsten, oft ten minsten adviseren hoe het daer mede

3576 1222 2445 178 geegen is ditto bradfordt is nu over de 20 dagen gearriveert het is wel eene

3584 1274 2535 247 droeve sake, dat men soo lanck naer sijne goederen van costij comende waghten

3584 1407 2537 182 moet, de baele  28 hebbe noch niet vernomen ul antw te gemoet siende blijve

3570 1556 895 182 naer Cordrale groetenissen

3465 1673 1114 187 Brussel Jan Deniel de wemer

5344 1686 739 202 Adij 22 gber 1715-

3557 1811 2490 188 verhope ul de laette gesondene goederen, wel sult hebben ontfanghen

3567 1957 2534 135 wij verwaghten alle dagen het arrivement, vant vers convoy, te verstaen waer

3567 2068 2566 137 mede eene goede portijen sal becomen, de goederen sijn ingleant opge

3565 2144 2528 154 slagen, de groen jaspeerde sullen ƒ25: moeten costen & dandre naedvenant

3535 2242 2544 191 desen opslack compt, om de werck luyden wegh loopen, om mede tegens den

3571 2391 2512 145 Eeninep te rebelleren, ick de helft van mijne geordoneerde goederen noch met

3568 2485 2487 163 hebben, om datter geen goet te crijghen is, hadde een seer overgroete

3561 2567 2528 196 partije geordonneert van alle soorten, eghter mij sal niets manqueren

3570 2715 2527 169 voorders versoecke van eenigh geet aen dheer rousseau te tellen, terwijlen

3584 2828 2423 142 een goede somme noodigh hebbe, oock sien, dat voor de geleverde

3597 2942 2474 166 goederen van dit jaer 1715. noch niets hebt betaelt selfs de partije van 11

3600 3063 2499 156 meij 11714. is noch met ten vollen voldaen, versoeckende te censirdereren dat

3582 3096 2564 271 het ens onmogelijck is sulx uyt te staen, mij vertrouwende eene goede smme

3575 3281 2482 192 sult gelieve te tellen a sult verobligeren, die na minsame groetenisse blijve

5443 3423 506 199 Adij d: 1713

3500 3431 999 220 Brussel de wed: Poorremans

3568 3560 2484 150 ili geerde van 20 deser wel ontfanghen daer benevens een wussel biefie van

3566 3679 2494 157 twee hondert guldens &t stuijvers courant glt ten laste antonie Robijn dat door

3597 3743 2534 224 sijn huysvrouwe is geaccepteert vermits den man onder sijne here he reghten leght

3568 3869 2551 193 sal de betaelinge in voorderen a usi daer vooren crediteren sij verwaghten alle

3578 3999 2455 159 dogen het arrivement te vernemen van het vers Engels convoij de goederen

3577 4095 2538 163 begrinnen en Engelant te monteren tot u naright ick verwaghte wederon een

3563 4191 2499 188 groote partije perpet. van P.60. 70. 80 & 100  oock eenige gemeyne

3574 4290 2560 175 van A.1.2:3 sijnde de prijsen van N.1 ƒ 32:- N2 ƒ281N. 3ƒ 26:
