8262 4651
923 96 2102 227 ndncabb et  d

2710 274 598 199 Ady 3 aug. 1715

831 277 1043 214 Sirerton Bereopck marck

924 394 2448 148 ue aengename van 73 pass. wel ontfanghen daer benevens foeture

924 506 2431 204 &staelen van eene bale & N. 93 beloopende £111:6:0 en geladen int

906 602 2481 187 seip van Jan Buridge dese couleuren & sijn van de beste niet tewijlen

927 722 2429 181 eenige bevinde wat te light l andre wat te groen niet te wel met

920 805 2408 228 root gemengelt, het het stael boee kie naer, dat u gesonden hebbe, dan

931 947 2362 174 sal u wel bemercken watter manqueert segge noch mael dat

919 1037 2369 192 geen lighter bij begeire, maer wel eenige bruynder, dogh met

904 1189 2435 155 al te bmyn wille wel segge dat dese baele mij niet al te wel

908 1260 2251 222 aenstaet dan gelieve, op de tweede baele olives die noch

913 1397 2451 208 prepareren moet alles te voorcomen het is niet te bedenelen, wat

920 1525 2457 200 meyten men heeft om te vercoopen principael ontrent de coulluren

913 1605 2456 235 sal p u naeste voordre staelen a facturen verwaghten, recommandere

899 1725 2394 193 de goede sorghe voor de leades want hebbe die noodigh, onder

915 1877 2346 199 uvorige gesondene scades, hebbe veele seer grof bevenden, jae dat

889 1986 2275 205 de coopers dier niet besien willen den affrecck is seer slight

885 2104 2390 217 lonse leste calanten weeten heijden tot brugge te vinden

919 2240 2377 179 soo dat hij de totale mine van onse negotieis agylieden

929 2367 2419 169 mede, om dat wel te weeten, de principaelte van costij aen

899 2471 2461 163 hem voor hunne rek, goedren senden, godt wil het voorsien gaen

900 2625 2473 167 u alle de hoogen eens laeten openen, groete u van heeten bllijv

884 2722 2432 198 de remises die u op 13 past. gesonden hebbe beloopen £276:5:0 en

890 2889 2259 147 soo 5 st meer als u neteert, daerom gelieve daer op te letten

897 2969 1614 200 dane is van £140:-:- £ 276:5:0 et

903 3060 923 169 d'andre is .„ 136:5:-

2686 3175 631 213 36: 1715

719 3172 1080 250 Tiveiton Robert Burrdge

904 3289 2416 246 op 20 pasto was aen ul mijnen laesten waer aen mij gedrage sedert

893 3483 2412 129 beeume u aengename van 6 past ditto verneme noch niet dat de

884 3558 2448 185 baele N.7 tot senden is aengecomen, eghter verwaghte sulkx te verstaen

911 3671 2368 200 met de eerste liieven, hebbe de baece  6 met 10 perpet. van 80

893 3785 2486 149 verkoght aen een van de beste calanten van dheer van harne saliger

892 3877 2471 212 egistren daer groote claghten overgehat, dat gand niet sijn, als die

904 4012 2471 179 iu aen hem gesenden hebt voor eert blagen sij over de mate, die sij van

896 4128 2483 186 te vooren Cregy waeren 30„31 a langh onser mete a dese meeten

895 4227 2397 198 het alderhooghtten maer 30 a 28½ a 29 oock seggen dat te

3596 200 2516 168 niet vast genoegh gesloten sijn, dat se lofen tolvallen, ae clegen

3595 275 2492 141 soo, dat sij die soorten voor de qualitijet van dheer van haire niet coopen

3586 416 2435 141 souden dat mij seherlijck seer chagrineert aftrecht, tot u gmijn nadeel

3577 507 2492 184 want als ick vercoopen can, kan oock van ue geen andre ent bieden

3588 609 2483 170 daerom come met desen u versoeken, van de resterene 35 ps met beter

3571 723 2480 148 sorghe te provideren, & wel te letten op de leinge & als mede dat se

3580 833 2496 161 past geweven sijn & van goede saghte wolle & goet appret, want soude

3593 936 2560 148 anders geene mogen laeten comen, voorders verhope, dat de sarges

3594 1033 2497 199 mede sult besorghen, want hebbe mij daer op verlaeten, sal gaerne

3567 1145 2534 193 van ue vernemen wat hier ontrent passert  groete u van heten

3544 1267 317 194 llijve

3451 1420 795 207 London C: hauulton

5430 1493 570 176 Adij 7 y 1715

3561 1552 2528 204 op 21 pasto was aen ul mijnen laesten met de facture van de BBaele tijken

3550 1705 2592 158 met 21 ps. monterende in wissel gelde ƒ 800:15 voorders referrere mij aen

3543 1804 2595 189 den selven sedert become u aengemane van 15 past ditto verhope ue

3531 1936 2580 164 het pack sult hebben ontfanghen maer contentement beronden dat gaene

3538 2010 2401 232 sal vernemen ue gelieve te noteren, als datter van twee differente

3556 2164 2586 178 meetters sijn d'eene sijn op paprer geteeekent met een v.adan met

3547 2332 2534 161 een S, soo gelieft maer te seggen de u het best aenstaen, om tevolgens

3545 2434 2510 149 te reguleren, daer sijnder 25 ps van d' V. a 46 ps van d.5. hebbe de makers

3549 2568 2458 154 eerst betaelt voor dese goedren als mede die present in huys hebbe

3528 2683 2374 179 du den eersten sal laeten op packen & na brugge versenden int

3545 2771 2548 215 betaelen van de rek. hebbe op 25 ps van dV. afgetrocken ƒ 4:3 wissel

3548 2896 2413 228 gelde a die van dS. betaelt de 3 drj legels a ƒ8:17 & die ¼ 3 segels

3538 3053 2116 188 a ƒ11:- soo dat u comende us in wissel gelde als volghte

5705 3193 287 175 ƒ 4:3

3545 3184 902 212 gekort op 25 us van D'V.

5686 3288 464 161 „ 6:8 h

3546 3303 1648 201 gehort op 16 d ¾ drij segels van d.S. a 8 st psd

5702 3410 305 121 „ 1:10

3546 3416 1295 206 gekert op 30 ¾ 3 ditto a 14 p ps

5320 3413 825 258 Samsen ƒ 10:1

3540 3613 2441 178 waer vooren ul iek gecrediteert hebbe, voorders sullen de geene die nu

3565 3736 2432 170 senden sal maer comen de ¼ duysegels a ƒ 8:17 & de 4 duysegels a ƒ 41:-

3554 3868 2441 166 soo wel van den eenen meester, als van den andren dese tweede baele

3543 3883 2526 233 sal u noch al soo wel bevallen vermits de werckluyden nu daer wat

3547 4047 2528 201 rester int maken worden, bevinde, dat sij oock al wat beter vallen eghter

3542 4174 2535 202 het is een seer moyelijcke soorte om maken twijfele niet, oft uu heeft

3544 4344 2493 124 het pack N7 voor nie ontfanghe tselve opostenden geladen derhalve soen
