8365 4617
977 88 2339 190 e d  1

962 232 2317 146 beschadight, tot a governo. geleeve den ontfangh van dese remise

952 332 1204 151 cito tadviseren aen die blijve

2613 404 635 205 Adij 7 febriu: 1714

809 441 1116 196 Fiventon Deres Cneck marck

989 556 2214 127 ul aengename van 13 past. wel ontfangen beantwoordende den

977 670 2275 116 mijnen van 3 ditto dien volgens cclhen de stalen gfactteren van de

969 738 2255 116 vesterende geordoneerde goedien te gemoet p uwen eersten ue sal de

953 820 2307 152 facture belasten met de helft voor asseurantie u macht daer van

961 920 2298 157 geene mentie, segge noch mae dat soo veel risico in een schip niet

949 1025 2278 141 loopen wille voorders, als u de packen scheep doet moght wel

962 1109 2282 122 sorghen dat die ontrent de water pomp met gestont worden want

964 1228 2332 128 selden hoort men oft die goedren daer ontrent geleghen beschadiy is

955 1277 2232 143 sijn ingeslote remittere ul £ 250:- in twee brieven bijde

958 1392 2209 159 ten latte Samuel shepheard in london, waer vore het nodigh

959 1507 1938 169 gelieve te besorghen a den ontfangh cito t'adviseren

962 1583 2223 184 wat aengaet het baeltien £189 met 15 sarges schuln aen te

967 1677 2309 151 nemen voor mijne rek. soude wel doen soo a modderatie in den

975 1815 2251 149 6rijs doet dogh die geverfde coffeet, soude niet quayt worden

960 1870 2287 219 a oock de couleuren sijn oock niet om mij taccommoderen

979 1967 2203 191 om dat meeste schades, maeste hebben om de resterende, die

977 2102 2242 154 noch bij hebbe door te setten hebbe noch sarges schieljs van

935 2168 2332 193 den tijdt als u dit marck marck M stelde dat redelijck lanck

951 2278 2280 216 geleden es qu stelde du maer 1p minder als de lette & sijn

968 2407 2269 140 wel 3ƒ slechten andre Helle die soorte 3ƒ minder in puis

971 2501 2236 192 ne weete niet hoe veel a het baelt en ƒ 189 wilt stellen, om

997 2596 2236 171 een anser mens vodden aen te nemen sal niet doen aft moete

959 2689 2219 195 daer eenige avantagie in sien voele wol m. wellens daer geen

984 2803 2231 206 gadinge in heeft heeft ue de stalen, van dit baeltien bij

972 2902 2257 193 gelieve die ta te sendn met u uyterste gesolutie in comistie

966 2996 2167 187 te vercoopen daer ick niet soeke mijn eygen goedren te

957 3099 2282 183 bene fieeren kan ie van dit baelten disponeren sal sienen

972 3209 2296 158 hebben, want som wijlen soude dat aen nemen om een lagastele

978 3301 2304 156 avant & soude de gevefde niet connen queyt worden soo waer,

976 3405 2194 186 dat maer nadeeligh & soeke geen liggers. voordete habbe wel

982 3506 2239 167 occasie gehedt voor de sarges schelis maer nu sijn die luyden

975 3631 2294 147 soodanigh datse de beste goedren willen hebbn  voor Clijne

978 3680 2280 162 prijse doer is present geen ingrater negatie als de sarges & bj allen

968 3773 2210 208 dat geen debiet sedert p jand. hebbe noch geen traegh

969 3869 2290 179 naer sarges gehadt hope so het tresent weder over is betae

979 4008 2346 168 salt gij leeden moght bridee soo haest iet laten vertrecken

977 4085 2303 180 om dat den is gane te grootis & sommylen inteemen van de

994 4209 1799 205 havens porj sel solde loopen ue groetende blijve

1959 4317 1061 123 sendt mij mede de bagnossemente

3616 189 72 99 6

5359 192 635 152 Ady 8 febru. 17142

3457 192 1119 185 rotterdam Dionijs verburgh

3556 279 2435 174 u aengename 6 deser wel ontfangen de 6 sal ue vervolgens altijdt verpassen

3557 418 2419 93 a £1:16  de P. heeft ue voor 51 dat wel is de 4 schijnt wat gewilliger had

3558 470 2391 125 van amst die loos al verstaen werden daer wel gevraeght & mijn voort

3526 579 2453 134 noteert mij a 9:9 vercoght waeren &oock a 8 ½ twijfele niet oft die cours

5778 637 143 77 naer

3531 667 2469 122 a costij naer die van amtterdam sigh schicht bij allen dat, doet ie beste

3530 768 2428 118 ue oel gevallen & can u 8t becomen, mooght wel assetten alst

3542 840 2441 115 e getaetsaem oordeelt can ul brieven op londer a 36:7 becomen a

3525 928 2469 157 contento mooght wel afgevendogh u moet voor de brieven instaen

3531 1078 2504 114 voor ½ b als voor desen genoteert glaet die aen ul ordre moor

3528 1143 2479 154 seren & niet aen de mijne waerde van dkeer dionijs verbargh gelijck

3521 1234 2404 108 ie voordelen, wel gedaen heeft tot u governe, recommandere helt

3539 1328 2438 158 appant te besorghen de rest gelijck het voor compt t gepasseert, sal

3534 1418 864 168 gaeme vernemen blijve

3462 1550 1147 228 Amtterdam Francisio rousseau

5270 1563 628 206 Adij 8d 1714

3517 1708 2376 133 op 5 deser was aen ul mijnen laeste waer aen mij gedrage sedens

3500 1811 2438 104 become ue aengename van selven dato waer bij u erreur noteert ontrent

3501 1857 2516 176 de s £350:- a 35:3 ½ sijnde £617:12:1 en soo dat wij daer ontrent

3521 1971 2375 155 nu d'accord sijn & hebbe ue vervolgens gecrediteert de franse

3513 2110 2475 136 louisen waeren tot rott. mede gemonteert soo hebbe ordre gegeven

3521 2193 2463 145 om de selve aldaer te vernegeteeren, desen principael, om u tadvis

3507 2255 2528 169 even als dat ue ter hant sal gettelt worden als voore 5oe ps a 50

3508 2393 2472 144 ft masende ƒ 1250:- £208:6:8 en den ontfangh der selve wert

3522 2477 2435 167 ue gerecommandeert te adviseren aen die blijve naer Erdiale

3516 2583 536 169 groetenisse

3429 2722 925 194 amstm Francisco rousseau

5390 2701 554 209 Adij 15 d 1714

3537 2887 2426 144 k gheerde van 3 & 9 deser hebbe, op sijn tijdt wel ontfanghen volghens

3471 2990 2488 134 den eerste, hebbe a de ƒ 1562:10. £260: 8:4 verwisselt, en banco

3511 3079 2448 142 a 4 ½ 6 agis soo hebbe ul gecrediteert voor £11:4:4 et differentie

3483 3169 2454 125 fit mij seef dat ue ontren het afgeven, op londen soo wel getroffen

3510 3287 2469 135 hebt terwijlen die wissel, monteerde gelave eghter niet soa sal blijve

3517 3363 2420 146 verhope, op morghen van ue te verstaen dat de 500 ps a 50 ftue

3520 3452 2438 151 wel sullen sijn ter hant getelt hebbe den Carneval tot brussel

3475 3571 2510 178 gepasseert dat de oorsaeck is niet eerder hete geantwoort ingeslote

3515 3679 2463 179 sende aen ul twee coordehenr, om twee spiegels van ue hier

3521 3779 2454 184 sijnde gesproken hebbe het sortte, is de brecke met rebbat gal, soo

3482 3878 2457 183 dat dat niet breeden noch smalder magh sijn is ontrent een elle geen

5215 3983 241 77 hooghte

3517 3989 2454 149 a faille onser mate creidt het langhste is de brue van beyde smepl

3511 4099 2410 140 samen hoogh twee ellen giets meer als een taille dese tme stacken

3515 4217 2467 135 in de hooghde soude connen divederen naer dat het valt sonde
