8385 4637
1075 177 2315 152 gelieve te versenden aprepareert noch eene baele met 60 blae

1098 236 2311 134 te weeten 30 ps beste 2 30 ditto van de tweede soorte a die te samen

1077 332 2321 122 in eene baele op te packen, in 4 clijne baeltiens, boven dien noch

1103 412 2223 193 eenige drogetten van de moddel couleuren die manqueren als

1096 472 2198 207 aen den voet deser naer de stalen op p aug. lest uf gesonden

1090 594 2165 200 in geslote remittere ue st £100:- in mijn eijghen brief ten

1088 697 2304 189 laste messr. Bereslneck marck in tiverton in london te betaelen

1108 797 2277 169 waer vooren het noodigh gelieve te besorghen aden ontfangh mij

1091 892 2260 181 t adviseren oft mede, oft ie de se mijne ordre sult vostrechen in

1106 1023 2272 168 alles om vervolgens te reguleren groote u van herten & wensche

1091 1115 2243 159 in desen niuwe jaere alle begen & voorspoet met veele naey

1092 1235 777 192 volgende  blijve

1710 1305 840 160 voor 30 witte Perpet.

1840 1359 801 177 10 ps. N.1. a 48 p

1858 1465 794 174 16d..„2 „ 42 p

1859 1576 792 144 10 d.„ 3„ 39 ƒ

1844 1677 661 179 30 perpettuanen

1390 1794 882 184 voor 60 sarges Blak

1421 1894 932 183 15 beste blax sarges 22gdy

2126 2004 227 140 22yd

1442 2031 234 123 15 d.

1428 2073 938 188 15 sarges 1claver  22 gd y

2131 2197 228 146 lugd

1448 2201 308 156 15 ditto

1436 2270 1246 225 60 p in 4 ditto aso in ome ball

1856 2406 683 151 voor 30 drogetten

1682 2456 1631 191 5 ps. naer N.& naer de staelen, van 6 Jang 1714

1674 2610 182 149 1d

2061 2589 323 126 „4 d

2189 2695 200 116 5d.

1660 2709 158 121 5d

1779 2791 105 111 de

2082 2784 261 123 „6d

1668 2820 85 117 5

2083 2882 300 125 „2d.

1673 2889 202 124 5 d.

2082 2926 432 175 „ 9 a 10d

1660 2978 153 132 5 d

1644 3069 638 159 30 ps Droetten

1105 3147 2260 184 & soo ul de drogetten niet alle cont claer cryghen sendt die gereet

1118 3311 2270 137 sullen weesen dogh moeten alle clijne a fijne mengelinge sijn

1108 3370 2260 179 gelijck die staelen &oock wel gepert 2 bedecht, ul heeft dan voor

1105 3487 1254 173 Ewings 3 groote baele te besorghen

2894 3549 503 199 Adij 5 janu 17215

865 3586 887 174 twerton George thorne

1088 3640 2292 193 den uls van 4 sber lest ontfanghen, daer bij verne me de versoghte

1080 3762 2259 148 sarges met buridge niet hebt versonden, in uyt vlught gexcusien

1091 3836 2241 168 sijn wat sleeght a als u niet een jder sooagiert geloove wijnigh

1098 3947 2283 168 daer mede profiteert, desen, om ue hertelijck te bedancken voor

1099 4021 2274 228 alle genomene moyte, hebbe iu sarges niet noodigh a sal

1082 4179 2312 116 door andre vrinden voor mijn gelt wel bedient. worden, wenst

1119 4274 1445 162 ul alle segen  voorspoet ye

3476 184 894 156 Londen Charles hamilton

5436 200 571 132 Adij 5 Janu 1715

3576 311 2410 137 ue aengename van 3 8ber wel ontfanghen, daer benevens Rek van vercoop

3568 370 2277 145 van het pack A.3 die d'accord bevonden hebbe, waer bij mij compt

3582 453 2391 134 £108:8:8 en die ul mij sal gelieve te gemitteren als den tijdt van

3568 565 2413 162 sal geijndight sijn segge soo de wissel eenighsins avantagiens is, want

3566 690 2480 118 anders soude daer wijnigh oft niets bij profiteren, iae den intrest van mijn

3564 738 2485 223 gelt niet. vorders hebbe de Rek courant mede nagesien, & oock wel uyts

3557 840 2571 234 genomen 3 en differentie op de horlogie tot u nadeel, soo blijft u mij debet e

3576 961 2549 143 in toto  £113:10:6 en dat benevens mij gelieve te noteren brenght

3553 1077 2388 140 voor brief poorten 13ƒ: 4 et wel om dat 4 pt provisie voor instaen van

3556 1133 2469 201 schulden behoorden de briefpoorten, daer wel onder begrepen te worden

3557 1215 2572 205 het is seherlijck dat u meer profiteert als ick. de tijcken blijven even hoogh &

3567 1332 2382 166 in puys soo dat geen gedaghten magh hebbe van andre te senden

3539 1422 2581 239 ten ware die weder daelde, wensche u in desen niuwe jaere alle legen

3556 1564 2539 168 woorspoet verilt met alle soorten van contentement blijve naer

3531 1703 820 159 Cordiale Groeteris

5474 1760 519 219 Adij d. 1715

3478 1826 1057 186 trerton Beregenech marck

6068 1948 62 58 bn

3547 1927 2379 171 op 13 pass. was aen ul mijnen laetten met remise voor st £120:- ten

3536 1992 2590 215 laste Daniel & sohn Anthur in london voorders referrere, mij aen den selve

3541 2114 2442 204 gistren become ue aengename van 11 pass ditto hebbe niet terder connen

3550 2249 2373 169 seryven oft u remitteren, om alle de feast daghen die wij hier gehat

3544 2333 2484 158 hebben, soo desen, om t'accompagueren, d'ingeslote remise voor s £300:-

3532 2437 2471 171 ten laste Jan vat in londen waer voren het nodigh gelieve te

3528 2555 2438 162 resorghen aden ontfangh adviseren & terwijlen geene andre brieven

3525 2637 2471 213 op londen hebbe connen crijghen, soo hebbe de libertijdt genomen

3543 2770 2415 160 van op ue heden te trecken st £100:- in londen te betaelen op

3538 2820 2462 192 2 uso aen d'ordre van M. henrij blaydon dat versoeke te verberen

3535 2958 2476 173 sal ue het restantie p ecosten traghten te remitteren, ue sal gelieve

3532 3059 2461 171 te besorghen voor John Erings die nu in ladinge leght als aen den

3547 3110 2481 215 goet deser genoteert: daer resteren noch 23 drapeen die u verplighttyt

3547 3234 2471 226 noch tot den ander prijt te senden &u sal de vermeerdren tot 40 ps

3541 3305 2486 251 alle olives naer de vorige instractie & staelen, moeten die nu meer vrage

3534 3446 2405 176 31 p lotten patientie wense u van herten alle degen avoorspoet

3543 3559 2413 178 in desen niaume jaere a blijve naer cordiale groetemt

3942 3656 1430 134 te besorghen door danmel gerarde mesijn

3974 3757 1244 148 om met John Grings te deosenden

3912 3764 1816 216 40 sarges drapeen in one baele in 4 settsals voors

3917 3866 2065 163 60 sarges Tousts naer N.54. 55. 56 naer u gesondene stael boeck

4023 3966 1987 175 de loups die gesonden hebt sijn soo levendigh niet daerom

4052 4055 1900 156 wel te letten datse wel gemengelt sijn met blau proot

3553 4037 343 199 id 160

3923 4167 1886 147 15 pince couleuren naer N.15:16: 17 naer u stelboeck

3927 4244 1100 146 15 draps naer N. 19: 20: 29 p

3923 4284 2073 176 30 reyaeles 24 grij naer N.1:2:3:5. d & die te saemen gepackt
