8365 4630
2561 228 744 152 Ady 15January 1714

811 200 1314 195 Rotterdam Dionijs verburghh

962 322 2322 167 ul aengename van 12 deser, wel ontfange ul. hadde voor de  mmet

952 431 2267 136 meer connen maken, als ƒ 55: 4 dat daer boven dien te factie was

931 499 2282 156 op de selve ƒ 8:6, dat niet verstaen kan want wete wel alle

945 579 2306 153 gewightel sijn, terwijlen ul daer in sonder mijne kennisse niet

968 640 2316 191 heeft willen contenteren soo segge onder de ƒ5:5 sampio sonden

980 757 2335 128 refactie niet te vercoopen, soo doende soude daer niet bij te halen

949 815 2275 201 sijn geer verlies als winst hebben de 4 gaet tot ams ƒ 9:3

960 929 2269 154 soo dat wel wenste de selve daer hadde heeft u iemant naer

978 967 2311 173 amsterdam gaet sout mij plaiser doen vande t ofte senden aen

962 1061 2293 203 dheer francisio rousseau ten huyse van Pieer hendrick valentyn

982 1193 2150 174 op de printe graght over de torf mercht sinde daer garen

941 1279 2330 129 barck gelt af meken tegens het laeste van de maent, sal

967 1392 2247 141 naer alle gevoellen de n agio seer laegh sijn met de

974 1473 2336 200 rest kan u doen naer ue wel gevallen hebbe ue gecrediteert

964 1576 2299 188 voor ƒ 6:16: voor het  groenen thie dat p beurstlapp sal te

964 1665 2329 210 gemoet sien bedanckende ue voorde genome moyte qwaer in

971 1764 2083 178 mede ue dienttigh magh wesen gelieve te commanndere

2560 1960 738 197 Ady 15 January 1714

802 1971 966 222 Amst. FDanceseo rousseau

1001 2064 2233 186 al seer aengename van 12 deser il mij wel geworden  hebbe den

983 2200 2252 143 in haut verstaen de goedten van 303. sijn soo light niet te

989 2294 2263 157 becomen ymant van mijne vrinden sal a fer hant stallee

984 2373 2286 172 750 ps van 50: geloove voor toecomende denderdagh sal geschieden

975 2463 2206 196 & soo heet ue die becomen heeft gelieve eato te adviseren

973 2566 2307 204 & schicke dese weeke noch een partije te besorghen waer van

980 2690 2200 140 ue oorders advies hebt te verwaghten, soo den agio aent

1010 2797 2225 168 vallen compt kont disponeren, soo gelijck voor mijn roeden

1012 2861 2265 187 Petre doen sult hebbe eenige pistolen tot Rtt siggen geholte

998 2955 2248 229 heden aen mijn vrint geschevan van die u toe te senden, sooo

1012 3063 2178 235 want van Hennisse conde recontreren die men sende

987 3193 2175 238 moghen betrouwen ul van herte groetene blijve

878 3368 926 216 schelle belle mijn heeren

1002 3447 2313 225 naer dat gij lieden van hier vertroeken tijdt hebbe, met mijne minde

1000 3554 2284 146 over ul propositie gedelibreert soo sal desen dienen om u te segge

961 3663 2270 143 dat niet twijfele ofte sullen wel eens geraken oorders vernemen

1014 3741 2277 174 meitall laehander haere rente, heeft laten afseggen & dat gij liede

971 3847 2324 147 de selve fomme sult opnemen & terwijlen mijn entress, met ie

1028 3959 2278 148 redueeren beijnder wort soo sal die rente segge kan ƒ3000:-

986 4055 2296 180 cepitael oock wel aennemen soo gij leder overcompt gelijck mij

999 4133 2310 159 mordeliverer hebt gesijdt sullen alles effenen in afwaghtengt

1016 4242 1829 188 van ul te sien blijve naer cordiale groettenisse

5307 198 694 170 Ady 16January 1714

3467 188 656 211 Dic henge

3570 264 2363 182 ul aengename van 12 desen wel ontfange benevens de vrive viertelen tartue

3563 395 2442 125 die maer redelijck bevinde imant van mijne beste vrinden aen wie

3555 477 2469 144 groote obligatie hebben heeft mij versoght van 12 viertelen te beschecken

3541 577 2478 141 &weete mij niet beter t'addvisseren als bij ul soo versoeke vindelijek mij

3545 658 2482 154 daer in behulp saem te resen op dat daer eer magh van halen ue tane

3555 750 2482 122 is al wat geschoten dogh hope ul noch beter heeft der halve recommandere

3554 826 2529 157 hertelijck goede sorge te dragen dese 12 vurtelen, moeten antwersche

3572 930 2347 114 mate sijn &u sal die op brussel gelieven te senden met addres aen

3567 1014 2416 139 megon de wed: antonie rousseau tot brussel, ist dat onder weg hen eenige

3537 1088 2470 159 tallen, moeten betaelt werden, sal u haer tolbrief senden ue antwort

3528 1198 2461 184 ccito verwaght ende blijve naer cordiale groetterusse aen ue ende

3539 1296 1959 187 heele familie eben in verlanghen ul hier te sien

5300 1512 510 180 Adij d. 1814

3457 1467 1123 248 Bussel de wed: rousseau

5035 1607 142 145 me

3562 1641 2398 198 Ensuite a la tres chere & aggreable vre du 13. courant j'aj fait tous les

3539 1768 2460 151 recherces du monde pour avoir du fromant de l'annee passée qui n'est

3537 1878 2438 114 po a trouver dans nos cantures ce pour quoy j'ay escrit a mon homme

3523 1960 2494 97 dupolire du doel qu'il vous anvoyeroit 12 meiures de nos mesures adroiture

3528 2010 2405 120 a brustelles en millieur froment qu'il pouroit trouver aussij j'aij marque

3538 2098 2457 154 que le cune estgarme et s'il nen trouve pas des milleurs qu'il envoyeroit

3517 2210 2464 138 du meure nous l'avons esprove & trouvour bon il le laisse bien querne ie n

3508 2292 2481 195 ferez ma provision aussij il vous plaira de m'envoyer vre lettre de tol

3532 2382 2351 188 pour eviter les droiz en chemain ie vous selve et suis de bocau

5350 2521 605 188 Adij 17 January 1719

3399 2525 1277 209 Londen Charles Hamilton

3546 2647 2460 163 ue mij altijdt seer aengename van 30 gbre lest op sijn tijt wel ontfanghen bedante

3537 2777 2450 120 u voor d'informatie wegens de besende vrinden, dogh het sal mij liefsijnde

3521 2845 2482 147 erapasitijdt van andre te verstaen het is waer dat het eenee uine voor de

3535 2963 2422 89 negatie is, als de winkel handers cooplieden werden het is hier even

3529 3015 2383 170 soo iae noch erger om dat de engelsche met hunne goedren de

3545 3102 2466 130 win hel handern fournieren a langen tijdt crediet geven & soo goeden coop

3534 3179 2457 141 als de goedren, ens self costen de mes van de west sijn hier aen wel

3526 3264 2430 140 de grootte oorsaeke vorders, soo hebbe eene balle met soo ps tijcken

3527 3356 2469 148 op gepackt die p eerste occasie ue sal toesenden sehoonder eijnder niet

3537 3431 2457 164 te becemen, soo dat niet twijfele, oft sullen light aen den man geraken

3524 3549 2395 202 hier onder, heeft u de notititie van de qualitijdt om volgenste

3535 3630 2469 179 reguleren versoete mij te laten weeten, om die a costy te verlare

3486 3788 2467 132 daer naer, sal ue de rekeninge toesenden, middelertijdt

3528 3878 2390 159 u kan sigh wel informeren hoe veel die a costij vercoght nde

3502 3936 2473 200 dat gaeme sal verneme wense ul au familie in desen topende

3507 4054 2378 221 jaere alle heyl a benedctie & voor spoet in de negotie blijve

3520 4205 1038 180 naer cordiale graett misse

4932 4201 312 154 volght
