8358 4658
1088 189 2297 125 letten dat se hunne volle seinde hebben want hebbe bevenden

1093 243 2249 158 in de Baele 33 eenige ps maer van a 26 ½ lanck & moet en

1062 374 2192 112 ten minsten 2ra meeten tot unaught u sal om alle de balle

1076 457 2252 157 perpit. doen van 38s voor fardieure om de goedren des te beter

1072 532 2331 164 de Censerveren, principael om de drogetten, de drogetten, sult mede

1063 671 2312 183 gelieven te besorghen waer onder een goede pertije moet sijn naer

1063 769 2307 206 N.9:10 op pm Jang 1714 est aen u gesonden & gelijck dese tone

1074 869 2256 221 ingeslotene staelen sijn die couleuren worden sterck getraeght soo

1068 981 2287 207 recommandere voor alles dan goede sorghe te draghen als sal

1068 1083 2263 207 de drogettnn oock in clijne baeltiens packen ider daeltien

1083 1244 2147 192 van 15 ps soo twee, oft sier baeltans te samen op packen

1095 1369 1362 173 in eene groote baele gelijck de sarges.

1343 1481 1267 190 te prepareren voor D° 91: melijn

1371 1603 1123 152 om met buridge te versenden

1123 1682 2205 137 „ 80 drogetten naer de staelen van P1ou9 1714 & als hier voor

2496 1788 860 147 alle Clijne afijne mingelinge

1456 1804 788 119 2 ditto ingeslote staeltien

2473 1874 760 170 wel bedecht ageperst

1458 1891 758 176 levendigh van Cauleur

1107 2033 2102 144 5 30 bette sarges engdy blast oft mooren met name van Claverblat

1157 2121 1616 168 30 d ordinaire n ady d colverblat sonder naem

1624 2235 1149 175 10 witte perpet..N1 a 48 ƒ

2277 2319 483 150 22„42 9

1626 2338 231 148 10 d

2281 2417 513 184 23 .38 ƒ

1631 2437 208 135 10 d

1964 2524 1438 153 ingeslote remittere ue s £120:- ten coste

1100 2569 856 187 80 drogh 60 sarges & 30 perpet

1956 2632 1434 113 N. santini soeg ab. seignoret in londen waer

2005 2721 1389 98 voren het nodigh gelieve te besorghed

2003 2780 1114 125 outfaigh citto advisere aen die lign

860 2718 1054 224 Londen Charl: Hamitton

2787 2824 563 136 Adij 30 meirt 1715

1060 2894 2289 151 n mij seer aengename van 3 janu lest op sijn tijdt wel ontfangen

1049 3015 2180 155 terwijlen de 4 maenden tijdt op de verkoght baele tijcken nu

1053 3095 2212 169 ontfent verschenen sijn & dat de wissel noch avantagieus is

1046 3219 2271 139 soo sal is gelieve mij te remitteren het slot van iek. de wissel

1053 3290 2243 198 is van Cottij met de laette brieven afgecomen a 38 p soo als

1056 3398 2249 175 iu mj remitteert moet den hooghtten puys soecken dogh onder de 38 p

1056 3551 2202 161 niet te remiteren wel verstaende in antwerpen te betaelen

1043 3618 2244 228 & soo u niet ten rechten geraeckt cons d'accasie afwaghten

1056 3751 2249 198 om een goede wissel te becomen op dat icts profiteren byagh

1009 3926 2203 135 dat doenende tot u govens. waer in iedinstigh can weeten

1029 3999 2174 176 versoecke te commanderen die aetijdt sal sijn naer cordiall

1040 4124 546 177 proetenisse

1033 4243 613 141 Londen 32:4et

5909 182 138 135 25

3522 224 1002 153 frverton Bereglnech marck

5309 239 781 147 Adij 30 mait 1715

3600 285 2383 223 op 27 deser was aen ul mijnen laesten met ordre voor 230 ps sarges

3605 422 2437 180 maer onder 80 drapeen dat met desen noch confirmere vordar referrere

3598 530 2331 137 mij aen den selven, sedert hebbe noch eens nageien wat mij sonde

3580 625 2437 148 manqueren & bevinde, dat de olives sarges wat vesmijven soo sende hier

3577 726 2401 149 ingesloten het stael boeckie & 257 waer nae eene bacle gediene

3573 762 2504 221 te prepareren van 10 ps sarges beste 22gd1, dese couleuren sijn inder

3572 934 2413 195 daet seer scoon &ie oock goedt gaet daerom versoecke de selve precus

3579 1040 2417 202 netecemen geene lightere bij te doen noch geen bruynden alst wel

3564 1185 2437 176 op de mengelinge, soo gelijck dese sijn, sijnde clijn a fijn a dver bj seer

3568 1244 2479 230 levendigh tot unarght u, sal de helft van alde geordoneerde goedren

3569 1419 2453 132 moet en assureren & de facture daer mede belasten want al te groote

3566 1535 2406 144 intrest in buridge terwaghte & terwijlen met het semer tesoenden

3565 1572 2494 215 resieo soo groot niet en is als met den winter soo moet u voor 1 ½

3570 1747 2469 163 assureren andre assureren voor 1½ p winter  somen tot unaright

3561 1870 2443 146 dat wij onsen visico cotten verdeelen in differente sepen soude niets

3546 1963 2541 194 lent voorstellen dogh tis niet geraetsaem soo groote capitael in een &

3546 2108 2487 138 seip t'asarderen soo recommandere noch mael, de geordeneerde goedren

3552 2158 2458 228 sorgh vuldelijck te provideren principael de drapeer clgis en sent

5264 2314 716 162 aens te regulere

3524 2353 999 174 de fait ure & staelen, soo h

5367 2457 629 130 ue van het en

3517 2498 982 160 sal u met den eersten op 1

3537 2632 233 129 blijve

5456 2735 334 152 Adij

3469 2740 864 174 termonde Pure de Bant

5325 2857 672 175 Aermonde un ballot

3517 2867 1032 203 je vous agroye aujourdany p

3508 2977 2469 180 marque 1:F:. ben constione estant pur compte de med. la venue

3512 3126 2497 170 Ignace  lison contenant cinquante sincq es de sarges il vous

3513 3214 2467 178 pfaira suivre sen ordre la voiture ett icy paye ainsij franco

3499 3308 2019 165 de tous frais ie vous salue & suis de tous mon coeure

3458 3447 1053 191 Brussel wed: Borremans

5283 3503 742 159 Ady 2 april 1715

3522 3606 2478 170 ue seer aengename, van gistren, soo aenstons ontfanghen waer uyt met

3497 3702 2443 164 verworderinge verstaen u gelieft te seggen, dat de perpett. eenen ƒ 1:- te

3504 3784 2503 124 hoogh gestelt sijn  die dan noch wel souden betaelt weesen, soo dient de u

3501 3878 2428 182 tot antw dat daer niet meer aen hebbe, als de sarges tot ƒ23:10, die

3503 4019 2469 143 present voor diu puys iet connen gelaten worden alle goedren, hebben

3517 4104 2500 163 noyt soo der geweest, als tegentwoodigh omde overgroote wissel gaen

3505 4217 2484 135 u de perpet. niet aen voor die prije soo moete patientie hebbe eben

3511 4294 2456 123 te reden de selve wedersentt, sal de vwaght, noch selt betaelen om u
