8392 4637
2698 228 630 168 Adij 5 sber 1714

887 234 895 170 tiverton Beregnuch marcks

1069 330 2211 164 op 18 past. was aen ul: mijnen laetten waer aen mij gedraghe sedert

1052 435 2248 157 become ue aengename van 31 julij 29 pass ditto met den eersten een

1067 538 2264 141 afteeekening van de persen die voor ontfangh in de make was visjust

1059 616 2216 130 wel uyt gevallen,  bedancke ul hertelijef voor de genomene moyte

1072 729 2224 163 met den laeste verneme ue de geordoneerde goedren, sult besorghen

1080 824 2254 167 & met John twings sunior versenden derhalve sal de selve vervolgens

1088 930 2245 168 verwaghten & dencke u uytsterste preste doen sult, gelieve de facture

1047 1019 2215 181 & staelen mij cito mogelijck toe te senden, om volgens te reguleren

1043 1136 2203 183 de Royaels die gij lieden seght ingekoght hebt, die wat kooder sijn

1061 1272 2277 176 volgens A:1:24.¼ op u stael boeckie moght die noch wel bij daen

1051 1349 2252 150 & macke eene baele van 30 ps, ingesloten een stael van drapeen

1068 1460 2098 134 een seer schoon a goet caleur soo voor bastardes drapeen als

1062 1550 2252 194 Royaeles, heeft is soo danige bij, van d'een, oft d'andre, gelieve die

1076 1677 2187 177 te senden is seer naer, op mijn gesonden stael N2 van 8 pass.

1083 1774 2258 188 wat aengaet u drogetten cak daer toe niet inclineren, om dat die

1083 1877 2182 180 voordesen van u gehat hebbe int midden gant en geperst waeren

1075 1962 2240 196 veele fauten, soo dat int labatteren voor refactie daer bij altijdt

1066 2084 2273 169 meer verloren hebbe als geprofiteert &oock dat is maer somer goet

1067 2212 2240 170 soude wel fijne doo getten Begeiren van qualitijdt en prijsen

1077 2290 2177 201 als de 22½ dij voor leden jaer voor mijn gebruyck gesonden

1081 2381 2233 188 a 2 p 3 en heeft h van die qualitijdt bij Jan light laken couleuren

1056 2513 2263 185 clijne & fijne men gelinge wel geperst a bedecht niet draet schijndigh

1063 2593 2315 175 soo cont wel eens de staelen senden senden meert in couleur ontrent

1048 2723 2214 123 den lighten cant moeten sijn naer de staelen in den jaer 1711 ue

1057 2800 2284 223 gesonden qnaer dit stael dat van de 2gd: du u gesonden hult is

1067 2942 2316 156 tot u naright dogh sonden wel moeten over al geperst sijn gelijck

1078 3021 2265 204 alle ardre goedren dae van e vraght, want soo de goedren niet

1089 3111 2283 197 wel geperst sijn, sijn met vercoopbaer. deperpettuaenen van 30 u

1084 3260 2277 186 32 gdij langh, oft croencossen, swert geverft, hebbe niet noodigh

1091 3403 2115 156 hadde gedaght als te remitteren dogh hebbe heden niet ten

1091 3492 2255 157 reghten connencomen, terwijlen geene Brieven hebbe connen

1102 3601 2190 154 becomen al hoe wel 86„8 en geboden hebbe & naeste sucht

1083 3730 2294 166 u remises te verweghten, door die naer cordiale groetenisse

1067 3806 578 246 Blijve

5869 173 157 129 1

3486 238 797 154 ath mothiere Brans

5281 227 704 167 Adij 5 sber 1714

3564 290 2431 218 jay bien recue l'honneur de la vostres du 2me courant y joint une remises

3557 454 2428 159 de 300 patt de change a la charge de mons. Jan merhens a bruxelles que

3583 558 2301 144 j'ay envoyez a bruxelles pour obtenir acceptation qu'esperre d'avoir de

3555 674 2475 142 betour de main outrre jattendray l'honneur de voire vos eschantilti

3571 744 2436 190 ons a ordre ou l'honneur de vous voire icy ie suis suis pourvue d'un

3561 901 2368 133 tres belle partie de tous sorte a vre service ie vous sallue & suis

3549 982 2439 178 tres cincerement: quand j'ayrez negotiez vre lettre ie payerez la

3579 1131 1892 130 reste a mons. Jasper de Baut selon vre ordre

5446 1244 483 203 Adij 8d. 1714

3457 1271 1114 237 Brugge Gellis Jan Coppenolle

3567 1369 2370 210 ul aengename, van 217 pas 95 deser, wel ontfanghen met den eersten het

3546 1512 2427 163 cognosement van de baele 172 tre rugge hebbe sedert hadvies, dat die

3564 1576 2404 226 haele tot eson is gebleven leggen, met den laetten advies dat u voor

3573 1673 2377 179 mij een pock bevonden hadde vant marck  56 p schipper henrij

3554 1814 2455 162 boadfert van londen, dat in hant 32 sarges die gelieve volgens te

3558 1885 2449 178 verclaren & versenden p ccosten beuitman adratare tot enaright

3559 2008 2378 199 schipper John ewings, stont op eijnde van aug. van Absom de

3551 2082 2461 192 vertrecken & sal daer vrij al wat dep geintresseet sijn, soo sal sijn

3562 2180 2403 214 aercomptie mij seer aengenaem sijn van u te verstaen aversoecke

3534 2274 2452 195 tgene u vernempt te laeten weeten, can geene prieven op costij

3553 2410 2233 154 hecemen, soo gelieve op mij te trecken dat delit ben blijve

5369 2593 507 178 Ady d

3486 2559 1004 197 dermonde Biure de Baut

3549 2699 2452 216 sende aen ul: sae beurschip een pack gemarckt PF voor rek van mons

3555 2843 2406 144 Nicolas francois le lievre sijn de drogh awel geconditioneert & de vraght

3557 2932 2344 155 alhier betaelt soo franco van alles soo versocke sijne ordre ge

3538 3031 2375 151 volgen ontrent de versendinghe & recommandere de goede sorge

3537 3114 2231 176 dit doende sult terobligeren die blijve nae ordiele

5378 3276 611 188 Adij 6 sber 1714

3463 3256 641 242 Aon Sichard Hoke

3559 3405 2394 179 op 28 julij was aen ue mijnen laette, beantwoordende den ue van 3 julij

3549 3530 2435 121 ditto sedert become ul aengenaeme, van 14 ditto hadde in gevolge u ordre

3546 3621 2394 163 heb cognossement aen H. Cornelis Van winghen behendight un isser

3568 3707 2400 161 mant die bij mij gevraeght heeft perpett van 1½ gdsr breet & hebbe

3546 3825 2423 204 gehoert, dat ditto van winghen al: goedren oock niet wilt aenne

3530 3928 2483 173 men, soo sijnde, sal de baele sarges voor mijne rek. aenveerden &de

3532 4059 2477 204 perpett. oock soo die vercoopen can, anders voor ue rek. verkoopen

3542 4186 2487 137 waerop ul antwoort gaene te gemoet sier & sal u remittere

3561 4309 130 63 van

3542 4275 2487 178 voor de blan dogets kan niet seggen, terwijlen daer nyt vragh
