<?xml version="1.0" encoding="UTF-8"?>
<alto xmlns:xsi="http://www.w3.org/2001/XMLSchema-instance"
      xmlns="http://www.loc.gov/standards/alto/ns-v4#"
      xmlns:page="http://schema.primaresearch.org/PAGE/gts/pagecontent/2013-07-15"
      xsi:schemaLocation="http://www.loc.gov/standards/alto/ns-v4# https://www.loc.gov/standards/alto/v4/alto.xsd">
   <Description>
      <MeasurementUnit>pixel</MeasurementUnit>
      <OCRProcessing ID="IdOcr">
         <ocrProcessingStep>
            <processingDateTime>2022-02-11T21:38:33.643+01:00</processingDateTime>
            <processingSoftware>
               <softwareCreator>READ COOP</softwareCreator>
               <softwareName>Transkribus</softwareName>
            </processingSoftware>
         </ocrProcessingStep>
      </OCRProcessing>
   </Description>
   <Layout>
      <Page ID="Page1" PHYSICAL_IMG_NR="1" HEIGHT="4617" WIDTH="8241">
         <TopMargin HEIGHT="0" WIDTH="8241" VPOS="0" HPOS="0"/>
         <LeftMargin HEIGHT="4617" WIDTH="0" VPOS="0" HPOS="0"/>
         <RightMargin HEIGHT="4617" WIDTH="0" VPOS="0" HPOS="8241"/>
         <BottomMargin HEIGHT="0" WIDTH="8241" VPOS="4617" HPOS="0"/>
         <PrintSpace HEIGHT="4617" WIDTH="8241" VPOS="0" HPOS="0">
            <TextBlock ID="region_1643959016211_209"
                       HEIGHT="4037"
                       WIDTH="2613"
                       VPOS="138"
                       HPOS="745">
               <Shape>
                  <Polygon POINTS="745,138 3358,138 3358,4175 745,4175"/>
               </Shape>
               <TextLine ID="region_1643959016211_209l1"
                         BASELINE="2668,244 2700,246 2732,246 2765,248 2797,248 2830,248 2862,248 2894,248 2927,248 2959,248 2992,248 3024,248 3056,248 3089,248 3121,250 3154,250 3186,252 3218,254 3251,257 3283,262 3316,266"
                         HEIGHT="148"
                         WIDTH="681"
                         VPOS="177"
                         HPOS="2651">
                  <String ID="string_region_1643959016211_209l1"
                          HEIGHT="148"
                          WIDTH="681"
                          VPOS="177"
                          HPOS="2651"
                          CONTENT="Adij 22 july 1733"/>
               </TextLine>
               <TextLine ID="region_1643959016211_209l2"
                         BASELINE="886,282 922,277 959,272 995,269 1032,266 1068,264 1105,262 1141,262 1178,261 1214,262 1251,262 1287,262 1324,263 1360,264 1397,264 1433,266 1470,266 1506,266 1543,266 1579,266 1616,264"
                         HEIGHT="154"
                         WIDTH="761"
                         VPOS="179"
                         HPOS="870">
                  <String ID="string_region_1643959016211_209l2"
                          HEIGHT="154"
                          WIDTH="761"
                          VPOS="179"
                          HPOS="870"
                          CONTENT="amst. franco Rousseau "/>
               </TextLine>
               <TextLine ID="region_1643959016211_209l3"
                         BASELINE="1008,360 1122,362 1237,362 1351,362 1466,362 1581,362 1695,362 1810,362 1924,362 2039,362 2154,360 2268,360 2383,360 2497,360 2612,360 2727,360 2841,360 2956,360 3070,360 3185,360 3300,360"
                         HEIGHT="159"
                         WIDTH="2323"
                         VPOS="235"
                         HPOS="992">
                  <String ID="string_region_1643959016211_209l3"
                          HEIGHT="159"
                          WIDTH="2323"
                          VPOS="235"
                          HPOS="992"
                          CONTENT="ue seer aengename van 22 deser wel ontf. in antwoordt hebbe"/>
               </TextLine>
               <TextLine ID="region_1643959016211_209l4"
                         BASELINE="1014,462 1129,461 1244,460 1359,460 1474,460 1589,458 1704,458 1819,458 1934,456 2049,456 2164,454 2279,454 2394,454 2509,452 2624,450 2739,450 2854,448 2969,446 3084,444 3199,443 3314,442"
                         HEIGHT="132"
                         WIDTH="2333"
                         VPOS="363"
                         HPOS="998">
                  <String ID="string_region_1643959016211_209l4"
                          HEIGHT="132"
                          WIDTH="2333"
                          VPOS="363"
                          HPOS="998"
                          CONTENT="tot noch toe hier geene brieven op lotty komen becomen onde"/>
               </TextLine>
               <TextLine ID="region_1643959016211_209l5"
                         BASELINE="978,572 1096,570 1215,568 1334,567 1453,566 1572,563 1690,561 1809,558 1928,556 2047,554 2166,551 2284,548 2403,546 2522,544 2641,540 2760,538 2878,536 2997,534 3116,532 3235,530 3354,528"
                         HEIGHT="184"
                         WIDTH="2407"
                         VPOS="449"
                         HPOS="962">
                  <String ID="string_region_1643959016211_209l5"
                          HEIGHT="184"
                          WIDTH="2407"
                          VPOS="449"
                          HPOS="962"
                          CONTENT="de 1½ too banco 4 3 p courant soo houde geene avant agu"/>
               </TextLine>
               <TextLine ID="region_1643959016211_209l6"
                         BASELINE="1030,678 1140,672 1251,668 1362,664 1473,661 1584,658 1695,654 1806,652 1917,650 2028,647 2139,646 2249,644 2360,640 2471,638 2582,636 2693,634 2804,631 2915,628 3026,624 3137,620 3248,616"
                         HEIGHT="200"
                         WIDTH="2251"
                         VPOS="529"
                         HPOS="1012">
                  <String ID="string_region_1643959016211_209l6"
                          HEIGHT="200"
                          WIDTH="2251"
                          VPOS="529"
                          HPOS="1012"
                          CONTENT="afmesten, om ue te remitteren, &amp; terwijlen de bance nu"/>
               </TextLine>
               <TextLine ID="region_1643959016211_209l7"
                         BASELINE="1014,780 1126,776 1238,771 1350,767 1463,763 1575,759 1687,756 1800,752 1912,748 2024,744 2137,741 2249,738 2361,734 2473,730 2586,728 2698,724 2810,721 2923,718 3035,714 3147,710 3260,708"
                         HEIGHT="190"
                         WIDTH="2282"
                         VPOS="656"
                         HPOS="996">
                  <String ID="string_region_1643959016211_209l7"
                          HEIGHT="190"
                          WIDTH="2282"
                          VPOS="656"
                          HPOS="996"
                          CONTENT="gesloten is, soo ister heden op de borse niets gedaen soo ue"/>
               </TextLine>
               <TextLine ID="region_1643959016211_209l8"
                         BASELINE="962,894 1075,889 1189,884 1303,878 1417,874 1531,868 1645,863 1759,858 1873,852 1987,848 2101,843 2214,838 2328,832 2442,828 2556,824 2670,820 2784,816 2898,811 3012,808 3126,804 3240,800"
                         HEIGHT="207"
                         WIDTH="2312"
                         VPOS="727"
                         HPOS="944">
                  <String ID="string_region_1643959016211_209l8"
                          HEIGHT="207"
                          WIDTH="2312"
                          VPOS="727"
                          HPOS="944"
                          CONTENT="mij op : a 2  soude konnen remitteren a 1 uso &amp; tot"/>
               </TextLine>
               <TextLine ID="region_1643959016211_209l9"
                         BASELINE="1034,996 1147,990 1260,982 1373,976 1486,971 1600,964 1713,959 1826,954 1939,948 2052,944 2166,938 2279,932 2392,928 2505,924 2618,920 2732,914 2845,910 2958,907 3071,903 3184,899 3298,894"
                         HEIGHT="181"
                         WIDTH="2296"
                         VPOS="850"
                         HPOS="1016">
                  <String ID="string_region_1643959016211_209l9"
                          HEIGHT="181"
                          WIDTH="2296"
                          VPOS="850"
                          HPOS="1016"
                          CONTENT="1½ p betrecken, gelijck ue noteert soo ben wel te vreeden"/>
               </TextLine>
               <TextLine ID="region_1643959016211_209l10"
                         BASELINE="992,1098 1108,1094 1225,1087 1342,1080 1459,1074 1576,1068 1692,1061 1809,1054 1926,1048 2043,1043 2160,1037 2276,1032 2393,1026 2510,1021 2627,1016 2744,1013 2860,1009 2977,1006 3094,1004 3211,1000 3328,1000"
                         HEIGHT="191"
                         WIDTH="2372"
                         VPOS="918"
                         HPOS="974">
                  <String ID="string_region_1643959016211_209l10"
                          HEIGHT="191"
                          WIDTH="2372"
                          VPOS="918"
                          HPOS="974"
                          CONTENT="dat ue 4 a 5 hondert ponden imployeert tot e gouverne"/>
               </TextLine>
               <TextLine ID="region_1643959016211_209l11"
                         BASELINE="1006,1204 1122,1198 1239,1194 1356,1187 1473,1182 1590,1176 1707,1170 1824,1164 1941,1159 2058,1153 2175,1147 2291,1142 2408,1138 2525,1134 2642,1130 2759,1126 2876,1122 2993,1120 3110,1118 3227,1118 3344,1116"
                         HEIGHT="178"
                         WIDTH="2369"
                         VPOS="1046"
                         HPOS="987">
                  <String ID="string_region_1643959016211_209l11"
                          HEIGHT="178"
                          WIDTH="2369"
                          VPOS="1046"
                          HPOS="987"
                          CONTENT="schippeer si ces havergert is met de vier ps. oottindische mauris"/>
               </TextLine>
               <TextLine ID="region_1643959016211_209l12"
                         BASELINE="1026,1310 1140,1304 1255,1298 1370,1292 1485,1288 1600,1284 1715,1278 1830,1274 1945,1270 2060,1265 2175,1261 2289,1258 2404,1254 2519,1249 2634,1246 2749,1240 2864,1236 2979,1232 3094,1226 3209,1220 3324,1216"
                         HEIGHT="228"
                         WIDTH="2333"
                         VPOS="1124"
                         HPOS="1007">
                  <String ID="string_region_1643959016211_209l12"
                          HEIGHT="228"
                          WIDTH="2333"
                          VPOS="1124"
                          HPOS="1007"
                          CONTENT="voor nu tot Lills aengecomen, &amp; sal seherlijck morgen swer"/>
               </TextLine>
               <TextLine ID="region_1643959016211_209l13"
                         BASELINE="1022,1420 1129,1412 1237,1404 1344,1398 1452,1392 1560,1388 1667,1383 1775,1380 1882,1376 1990,1372 2098,1370 2205,1366 2313,1364 2420,1361 2528,1358 2636,1354 2743,1350 2851,1348 2958,1342 3066,1338 3174,1332"
                         HEIGHT="207"
                         WIDTH="2185"
                         VPOS="1253"
                         HPOS="1003">
                  <String ID="string_region_1643959016211_209l13"
                          HEIGHT="207"
                          WIDTH="2185"
                          VPOS="1253"
                          HPOS="1003"
                          CONTENT="sijne goederen lossen ni sien de notitie der oncosten"/>
               </TextLine>
               <TextLine ID="region_1643959016211_209l14"
                         BASELINE="1010,1520 1125,1514 1241,1507 1356,1501 1472,1495 1588,1490 1703,1484 1819,1480 1934,1476 2050,1472 2166,1468 2281,1465 2397,1462 2512,1458 2628,1456 2744,1452 2859,1449 2975,1446 3090,1442 3206,1438 3322,1436"
                         HEIGHT="176"
                         WIDTH="2344"
                         VPOS="1384"
                         HPOS="993">
                  <String ID="string_region_1643959016211_209l14"
                          HEIGHT="176"
                          WIDTH="2344"
                          VPOS="1384"
                          HPOS="993"
                          CONTENT=" eertten te gemoedt &amp; in afwaghtinge deere van ue"/>
               </TextLine>
               <TextLine ID="region_1643959016211_209l15"
                         BASELINE="1030,1620 1145,1614 1260,1607 1376,1602 1491,1596 1607,1592 1722,1586 1837,1582 1953,1577 2068,1574 2184,1570 2299,1566 2414,1563 2530,1560 2645,1556 2761,1553 2876,1550 2991,1546 3107,1544 3222,1540 3338,1536"
                         HEIGHT="189"
                         WIDTH="2342"
                         VPOS="1463"
                         HPOS="1012">
                  <String ID="string_region_1643959016211_209l15"
                          HEIGHT="189"
                          WIDTH="2342"
                          VPOS="1463"
                          HPOS="1012"
                          CONTENT="antwoort blijve naer groet met versoeck van den ingeljde "/>
               </TextLine>
               <TextLine ID="region_1643959016211_209l16"
                         BASELINE="2586,1716 2620,1713 2655,1709 2689,1706 2724,1703 2758,1700 2793,1698 2827,1696 2862,1694 2896,1692 2931,1692 2965,1690 3000,1690 3034,1688 3069,1687 3103,1686 3138,1684 3172,1682 3207,1680 3241,1678 3276,1676"
                         HEIGHT="224"
                         WIDTH="731"
                         VPOS="1541"
                         HPOS="2565">
                  <String ID="string_region_1643959016211_209l16"
                          HEIGHT="224"
                          WIDTH="731"
                          VPOS="1541"
                          HPOS="2565"
                          CONTENT="Ady 29 d. 1713"/>
               </TextLine>
               <TextLine ID="region_1643959016211_209l17"
                         BASELINE="1034,1734 1077,1732 1120,1730 1164,1728 1207,1726 1251,1724 1294,1722 1337,1720 1381,1719 1424,1718 1468,1716 1511,1713 1554,1711 1598,1708 1641,1707 1685,1704 1728,1701 1771,1700 1815,1696 1858,1693 1902,1690"
                         HEIGHT="191"
                         WIDTH="904"
                         VPOS="1599"
                         HPOS="1016">
                  <String ID="string_region_1643959016211_209l17"
                          HEIGHT="191"
                          WIDTH="904"
                          VPOS="1599"
                          HPOS="1016"
                          CONTENT="voortsganck te geven"/>
               </TextLine>
               <TextLine ID="region_1643959016211_209l18"
                         BASELINE="840,1860 884,1856 928,1854 972,1850 1016,1847 1060,1846 1104,1844 1148,1842 1192,1840 1236,1838 1281,1837 1325,1836 1369,1834 1413,1834 1457,1832 1501,1831 1545,1830 1589,1830 1633,1828 1677,1827 1722,1826"
                         HEIGHT="166"
                         WIDTH="916"
                         VPOS="1730"
                         HPOS="821">
                  <String ID="string_region_1643959016211_209l18"
                          HEIGHT="166"
                          WIDTH="916"
                          VPOS="1730"
                          HPOS="821"
                          CONTENT="Dermonde Piere de Baut"/>
               </TextLine>
               <TextLine ID="region_1643959016211_209l19"
                         BASELINE="1018,1948 1125,1942 1233,1936 1341,1932 1449,1928 1557,1925 1664,1922 1772,1920 1880,1917 1988,1915 2096,1912 2203,1910 2311,1908 2419,1906 2527,1903 2635,1900 2742,1896 2850,1893 2958,1889 3066,1884 3174,1878"
                         HEIGHT="255"
                         WIDTH="2187"
                         VPOS="1751"
                         HPOS="1000">
                  <String ID="string_region_1643959016211_209l19"
                          HEIGHT="255"
                          WIDTH="2187"
                          VPOS="1751"
                          HPOS="1000"
                          CONTENT="sende aen ue heden p beurtschop een pack gemarckt "/>
               </TextLine>
               <TextLine ID="region_1643959016211_209l20"
                         BASELINE="1026,2040 1139,2038 1252,2034 1365,2031 1478,2028 1591,2024 1704,2021 1817,2018 1930,2016 2043,2012 2156,2009 2269,2006 2382,2003 2495,2000 2608,1996 2721,1994 2834,1990 2947,1988 3060,1984 3173,1980 3286,1976"
                         HEIGHT="176"
                         WIDTH="2293"
                         VPOS="1907"
                         HPOS="1010">
                  <String ID="string_region_1643959016211_209l20"
                          HEIGHT="176"
                          WIDTH="2293"
                          VPOS="1907"
                          HPOS="1010"
                          CONTENT="om te volgen d'ordre van mons Ignae horvon vanath eijnde"/>
               </TextLine>
               <TextLine ID="region_1643959016211_209l21"
                         BASELINE="1010,2142 1120,2138 1231,2132 1342,2128 1452,2124 1563,2120 1674,2116 1784,2113 1895,2110 2006,2106 2117,2104 2227,2101 2338,2098 2449,2096 2559,2094 2670,2092 2781,2089 2891,2087 3002,2084 3113,2082 3224,2080"
                         HEIGHT="165"
                         WIDTH="2247"
                         VPOS="2014"
                         HPOS="992">
                  <String ID="string_region_1643959016211_209l21"
                          HEIGHT="165"
                          WIDTH="2247"
                          VPOS="2014"
                          HPOS="992"
                          CONTENT="droogh &amp; wel geconditioneert &amp; de vraght alhier betaelt soo"/>
               </TextLine>
               <TextLine ID="region_1643959016211_209l22"
                         BASELINE="1032,2236 1142,2231 1253,2228 1363,2224 1474,2220 1585,2216 1695,2213 1806,2210 1916,2206 2027,2204 2138,2200 2248,2198 2359,2194 2469,2192 2580,2189 2691,2186 2801,2184 2912,2180 3022,2178 3133,2174 3244,2172"
                         HEIGHT="227"
                         WIDTH="2244"
                         VPOS="2071"
                         HPOS="1016">
                  <String ID="string_region_1643959016211_209l22"
                          HEIGHT="227"
                          WIDTH="2244"
                          VPOS="2071"
                          HPOS="1016"
                          CONTENT="franco van alles naer ontfangh, gelieve het noodigh te"/>
               </TextLine>
               <TextLine ID="region_1643959016211_209l23"
                         BASELINE="1030,2334 1096,2330 1162,2328 1229,2325 1295,2322 1362,2320 1428,2316 1494,2314 1561,2312 1627,2308 1694,2306 1760,2304 1826,2302 1893,2300 1959,2297 2026,2296 2092,2294 2158,2292 2225,2292 2291,2290 2358,2290"
                         HEIGHT="184"
                         WIDTH="1360"
                         VPOS="2197"
                         HPOS="1012">
                  <String ID="string_region_1643959016211_209l23"
                          HEIGHT="184"
                          WIDTH="1360"
                          VPOS="2197"
                          HPOS="1012"
                          CONTENT="besorghen sult verobligeven dies blijve"/>
               </TextLine>
               <TextLine ID="region_1643959016211_209l24"
                         BASELINE="2616,2356 2646,2354 2676,2354 2706,2352 2737,2352 2767,2350 2797,2349 2828,2348 2858,2346 2888,2346 2919,2344 2949,2342 2979,2342 3009,2339 3040,2337 3070,2335 3100,2333 3131,2330 3161,2326 3191,2323 3222,2320"
                         HEIGHT="214"
                         WIDTH="642"
                         VPOS="2200"
                         HPOS="2597">
                  <String ID="string_region_1643959016211_209l24"
                          HEIGHT="214"
                          WIDTH="642"
                          VPOS="2200"
                          HPOS="2597"
                          CONTENT="Adij 29 dt 1713"/>
               </TextLine>
               <TextLine ID="region_1643959016211_209l25"
                         BASELINE="876,2460 903,2457 931,2454 959,2453 987,2450 1015,2450 1043,2448 1071,2446 1099,2446 1127,2444 1155,2444 1182,2443 1210,2442 1238,2442 1266,2440 1294,2440 1322,2438 1350,2438 1378,2436 1406,2436 1434,2434"
                         HEIGHT="190"
                         WIDTH="595"
                         VPOS="2336"
                         HPOS="857">
                  <String ID="string_region_1643959016211_209l25"
                          HEIGHT="190"
                          WIDTH="595"
                          VPOS="2336"
                          HPOS="857"
                          CONTENT="brugge Coppenale"/>
               </TextLine>
               <TextLine ID="region_1643959016211_209l26"
                         BASELINE="1044,2540 1156,2536 1268,2533 1380,2530 1493,2528 1605,2525 1717,2522 1830,2520 1942,2517 2054,2514 2167,2512 2279,2508 2391,2506 2503,2502 2616,2498 2728,2494 2840,2490 2953,2486 3065,2480 3177,2474 3290,2468"
                         HEIGHT="203"
                         WIDTH="2278"
                         VPOS="2375"
                         HPOS="1028">
                  <String ID="string_region_1643959016211_209l26"
                          HEIGHT="203"
                          WIDTH="2278"
                          VPOS="2375"
                          HPOS="1028"
                          CONTENT="ue aengename van 22 deser wel ontfanghen war bij sien, dat mijn"/>
               </TextLine>
               <TextLine ID="region_1643959016211_209l27"
                         BASELINE="1026,2634 1138,2634 1250,2632 1363,2630 1475,2629 1588,2627 1700,2626 1812,2624 1925,2621 2037,2618 2150,2616 2262,2613 2374,2610 2487,2606 2599,2602 2712,2599 2824,2595 2936,2590 3049,2584 3161,2580 3274,2574"
                         HEIGHT="159"
                         WIDTH="2279"
                         VPOS="2528"
                         HPOS="1010">
                  <String ID="string_region_1643959016211_209l27"
                          HEIGHT="159"
                          WIDTH="2279"
                          VPOS="2528"
                          HPOS="1010"
                          CONTENT="5 packen  57:58:59:60  £ 51 op de Cargo van schipper broriye"/>
               </TextLine>
               <TextLine ID="region_1643959016211_209l28"
                         BASELINE="1022,2720 1130,2720 1238,2720 1347,2720 1455,2720 1564,2720 1672,2719 1780,2718 1889,2718 1997,2716 2106,2714 2214,2712 2322,2710 2431,2708 2539,2704 2648,2702 2756,2698 2864,2694 2973,2690 3081,2684 3190,2678"
                         HEIGHT="177"
                         WIDTH="2200"
                         VPOS="2601"
                         HPOS="1005">
                  <String ID="string_region_1643959016211_209l28"
                          HEIGHT="177"
                          WIDTH="2200"
                          VPOS="2601"
                          HPOS="1005"
                          CONTENT="bevonden worden, &amp; boven dien noch &amp; 263, waer vangisteren"/>
               </TextLine>
               <TextLine ID="region_1643959016211_209l29"
                         BASELINE="1042,2818 1150,2816 1259,2814 1367,2814 1476,2812 1585,2812 1693,2812 1802,2810 1910,2810 2019,2810 2128,2808 2236,2806 2345,2805 2453,2802 2562,2800 2671,2796 2779,2792 2888,2787 2996,2782 3105,2773 3214,2766"
                         HEIGHT="165"
                         WIDTH="2204"
                         VPOS="2695"
                         HPOS="1025">
                  <String ID="string_region_1643959016211_209l29"
                          HEIGHT="165"
                          WIDTH="2204"
                          VPOS="2695"
                          HPOS="1025"
                          CONTENT="advies hebbe ontfanghen houdt in 18 perpet. die ue benevens "/>
               </TextLine>
               <TextLine ID="region_1643959016211_209l30"
                         BASELINE="982,2928 1093,2923 1204,2918 1315,2914 1426,2910 1537,2908 1648,2905 1759,2904 1870,2902 1981,2900 2092,2898 2203,2896 2314,2896 2425,2894 2536,2892 2647,2890 2758,2888 2869,2885 2980,2882 3091,2878 3202,2874"
                         HEIGHT="178"
                         WIDTH="2253"
                         VPOS="2790"
                         HPOS="965">
                  <String ID="string_region_1643959016211_209l30"
                          HEIGHT="178"
                          WIDTH="2253"
                          VPOS="2790"
                          HPOS="965"
                          CONTENT="dandere goederen sal gelreven te verclaren  versenden, wat"/>
               </TextLine>
               <TextLine ID="region_1643959016211_209l31"
                         BASELINE="1042,3022 1152,3018 1262,3016 1372,3012 1482,3008 1592,3006 1702,3002 1812,3000 1922,2998 2032,2996 2142,2993 2252,2990 2362,2988 2472,2986 2582,2984 2692,2982 2802,2979 2912,2976 3022,2974 3132,2970 3242,2968"
                         HEIGHT="147"
                         WIDTH="2234"
                         VPOS="2900"
                         HPOS="1024">
                  <String ID="string_region_1643959016211_209l31"
                          HEIGHT="147"
                          WIDTH="2234"
                          VPOS="2900"
                          HPOS="1024"
                          CONTENT="aen geet N1:2:8 kan daer tot noch toe wits van teggn"/>
               </TextLine>
               <TextLine ID="region_1643959016211_209l32"
                         BASELINE="996,3124 1110,3118 1225,3114 1339,3108 1454,3104 1568,3100 1683,3096 1797,3094 1912,3090 2026,3088 2141,3086 2255,3084 2370,3081 2484,3080 2599,3078 2713,3076 2828,3076 2942,3074 3057,3074 3171,3072 3286,3072"
                         HEIGHT="180"
                         WIDTH="2320"
                         VPOS="2972"
                         HPOS="981">
                  <String ID="string_region_1643959016211_209l32"
                          HEIGHT="180"
                          WIDTH="2320"
                          VPOS="2972"
                          HPOS="981"
                          CONTENT="daer ls boven dien aen mij noch geeonsigneert een bele P 26"/>
               </TextLine>
               <TextLine ID="region_1643959016211_209l33"
                         BASELINE="1046,3212 1154,3208 1263,3205 1371,3201 1480,3198 1588,3194 1697,3191 1805,3188 1914,3186 2022,3184 2131,3182 2239,3180 2348,3178 2456,3176 2565,3176 2673,3174 2782,3173 2890,3172 2999,3172 3107,3172 3216,3172"
                         HEIGHT="155"
                         WIDTH="2203"
                         VPOS="3082"
                         HPOS="1029">
                  <String ID="string_region_1643959016211_209l33"
                          HEIGHT="155"
                          WIDTH="2203"
                          VPOS="3082"
                          HPOS="1029"
                          CONTENT="waer van Cognessement, &amp; stalen sebbe, howdt in 60 sacqes"/>
               </TextLine>
               <TextLine ID="region_1643959016211_209l34"
                         BASELINE="1046,3312 1156,3308 1267,3302 1378,3298 1489,3295 1600,3292 1711,3289 1822,3286 1933,3284 2044,3282 2155,3280 2265,3278 2376,3276 2487,3274 2598,3272 2709,3269 2820,3266 2931,3264 3042,3260 3153,3256 3264,3252"
                         HEIGHT="152"
                         WIDTH="2254"
                         VPOS="3173"
                         HPOS="1028">
                  <String ID="string_region_1643959016211_209l34"
                          HEIGHT="152"
                          WIDTH="2254"
                          VPOS="3173"
                          HPOS="1028"
                          CONTENT="doch terwijlen niet gelief ben geweest, die voor mijne brok"/>
               </TextLine>
               <TextLine ID="region_1643959016211_209l35"
                         BASELINE="1032,3402 1147,3401 1263,3398 1379,3396 1495,3394 1611,3390 1726,3388 1842,3384 1958,3381 2074,3378 2190,3374 2305,3372 2421,3370 2537,3367 2653,3365 2769,3364 2884,3362 3000,3362 3116,3362 3232,3362 3348,3364"
                         HEIGHT="124"
                         WIDTH="2350"
                         VPOS="3300"
                         HPOS="1015">
                  <String ID="string_region_1643959016211_209l35"
                          HEIGHT="124"
                          WIDTH="2350"
                          VPOS="3300"
                          HPOS="1015"
                          CONTENT="te aenveirden, soo hebbe daerover gefereven, moete erste antwoort"/>
               </TextLine>
               <TextLine ID="region_1643959016211_209l36"
                         BASELINE="1038,3508 1144,3503 1250,3498 1356,3492 1462,3488 1569,3484 1675,3480 1781,3478 1887,3474 1993,3472 2100,3470 2206,3468 2312,3466 2418,3466 2524,3464 2631,3462 2737,3462 2843,3460 2949,3458 3055,3458 3162,3456"
                         HEIGHT="122"
                         WIDTH="2155"
                         VPOS="3417"
                         HPOS="1022">
                  <String ID="string_region_1643959016211_209l36"
                          HEIGHT="122"
                          WIDTH="2155"
                          VPOS="3417"
                          HPOS="1022"
                          CONTENT="hebben een die bale op mijn tolbroef seirde, als voor  gen"/>
               </TextLine>
               <TextLine ID="region_1643959016211_209l37"
                         BASELINE="1030,3604 1137,3598 1245,3593 1352,3588 1460,3584 1568,3582 1675,3578 1783,3576 1890,3574 1998,3571 2106,3570 2213,3568 2321,3566 2428,3566 2536,3564 2644,3563 2751,3562 2859,3561 2966,3560 3074,3558 3182,3556"
                         HEIGHT="139"
                         WIDTH="2186"
                         VPOS="3478"
                         HPOS="1013">
                  <String ID="string_region_1643959016211_209l37"
                          HEIGHT="139"
                          WIDTH="2186"
                          VPOS="3478"
                          HPOS="1013"
                          CONTENT="laten comy sal ue die bule op de halle leten leggen"/>
               </TextLine>
               <TextLine ID="region_1643959016211_209l38"
                         BASELINE="1058,3700 1172,3696 1287,3692 1402,3687 1517,3684 1632,3680 1746,3676 1861,3672 1976,3669 2091,3666 2206,3664 2320,3662 2435,3660 2550,3660 2665,3660 2780,3661 2894,3662 3009,3666 3124,3669 3239,3674 3354,3680"
                         HEIGHT="163"
                         WIDTH="2330"
                         VPOS="3574"
                         HPOS="1041">
                  <String ID="string_region_1643959016211_209l38"
                          HEIGHT="163"
                          WIDTH="2330"
                          VPOS="3574"
                          HPOS="1041"
                          CONTENT="tot nader advies. ue maeckt geene mentie van de 4 schuren"/>
               </TextLine>
               <TextLine ID="region_1643959016211_209l39"
                         BASELINE="1052,3794 1157,3789 1262,3785 1367,3781 1472,3776 1578,3774 1683,3770 1788,3767 1893,3765 1998,3762 2104,3760 2209,3760 2314,3758 2419,3758 2524,3758 2630,3760 2735,3761 2840,3764 2945,3766 3050,3770 3156,3774"
                         HEIGHT="175"
                         WIDTH="2135"
                         VPOS="3681"
                         HPOS="1037">
                  <String ID="string_region_1643959016211_209l39"
                          HEIGHT="175"
                          WIDTH="2135"
                          VPOS="3681"
                          HPOS="1037"
                          CONTENT="gelovve schoppe buooidge voor ui aen ue sal hebben"/>
               </TextLine>
               <TextLine ID="region_1643959016211_209l40"
                         BASELINE="1028,3892 1140,3888 1252,3884 1365,3880 1477,3876 1590,3874 1702,3870 1814,3867 1927,3864 2039,3862 2152,3860 2264,3858 2376,3856 2489,3856 2601,3854 2714,3856 2826,3856 2938,3857 3051,3858 3163,3862 3276,3864"
                         HEIGHT="174"
                         WIDTH="2281"
                         VPOS="3747"
                         HPOS="1012">
                  <String ID="string_region_1643959016211_209l40"
                          HEIGHT="174"
                          WIDTH="2281"
                          VPOS="3747"
                          HPOS="1012"
                          CONTENT="overgelevert in gasloten mijnen tilbrief tot gelyde van de 6"/>
               </TextLine>
               <TextLine ID="region_1643959016211_209l41"
                         BASELINE="1052,3984 1137,3982 1222,3979 1307,3976 1392,3976 1477,3974 1562,3972 1647,3970 1732,3970 1817,3968 1903,3966 1988,3966 2073,3964 2158,3962 2243,3960 2328,3958 2413,3956 2498,3953 2583,3950 2668,3947 2754,3942"
                         HEIGHT="173"
                         WIDTH="1734"
                         VPOS="3847"
                         HPOS="1034">
                  <String ID="string_region_1643959016211_209l41"
                          HEIGHT="173"
                          WIDTH="1734"
                          VPOS="3847"
                          HPOS="1034"
                          CONTENT="balen voors, ue van herten groetende blijve"/>
               </TextLine>
            </TextBlock>
            <TextBlock ID="region_1643959019211_212"
                       HEIGHT="3847"
                       WIDTH="2702"
                       VPOS="138"
                       HPOS="3370">
               <Shape>
                  <Polygon POINTS="3370,138 6072,138 6072,3985 3370,3985"/>
               </Shape>
               <TextLine ID="region_1643959019211_212l1"
                         BASELINE="5928,230 5960,230 5992,234"
                         HEIGHT="109"
                         WIDTH="103"
                         VPOS="163"
                         HPOS="5910">
                  <String ID="string_region_1643959019211_212l1"
                          HEIGHT="109"
                          WIDTH="103"
                          VPOS="163"
                          HPOS="5910"
                          CONTENT="32"/>
               </TextLine>
               <TextLine ID="region_1643959019211_212l2"
                         BASELINE="3428,274 3467,270 3507,266 3546,264 3586,262 3625,260 3665,260 3704,259 3744,258 3783,258 3823,258 3862,260 3902,260 3941,260 3981,262 4020,263 4060,264 4099,265 4139,266 4178,268 4218,268"
                         HEIGHT="148"
                         WIDTH="822"
                         VPOS="180"
                         HPOS="3413">
                  <String ID="string_region_1643959019211_212l2"
                          HEIGHT="148"
                          WIDTH="822"
                          VPOS="180"
                          HPOS="3413"
                          CONTENT="Iweton Henny blagdon"/>
               </TextLine>
               <TextLine ID="region_1643959019211_212l3"
                         BASELINE="5182,266 5216,267 5250,268 5284,268 5318,270 5352,270 5386,270 5420,270 5454,270 5488,270 5523,270 5557,268 5591,268 5625,268 5659,268 5693,268 5727,268 5761,267 5795,266 5829,266 5864,266"
                         HEIGHT="148"
                         WIDTH="714"
                         VPOS="184"
                         HPOS="5165">
                  <String ID="string_region_1643959019211_212l3"
                          HEIGHT="148"
                          WIDTH="714"
                          VPOS="184"
                          HPOS="5165"
                          CONTENT="Adij 29 july 1213"/>
               </TextLine>
               <TextLine ID="region_1643959019211_212l4"
                         BASELINE="3566,356 3687,355 3808,354 3929,354 4051,354 4172,354 4293,356 4415,356 4536,358 4657,360 4779,362 4900,364 5021,364 5142,366 5264,368 5385,368 5506,368 5628,368 5749,368 5870,368 5992,366"
                         HEIGHT="92"
                         WIDTH="2459"
                         VPOS="285"
                         HPOS="3549">
                  <String ID="string_region_1643959019211_212l4"
                          HEIGHT="92"
                          WIDTH="2459"
                          VPOS="285"
                          HPOS="3549"
                          CONTENT="ue aengename van 12 deser wel ontf. waer bj verstaen, als dat ue van simne"/>
               </TextLine>
               <TextLine ID="region_1643959019211_212l5"
                         BASELINE="3580,444 3698,444 3816,446 3934,446 4052,446 4170,448 4288,449 4406,450 4524,452 4642,452 4760,454 4878,454 4996,456 5114,456 5232,456 5350,456 5468,456 5586,456 5704,456 5822,456 5940,454"
                         HEIGHT="102"
                         WIDTH="2391"
                         VPOS="384"
                         HPOS="3565">
                  <String ID="string_region_1643959019211_212l5"
                          HEIGHT="102"
                          WIDTH="2391"
                          VPOS="384"
                          HPOS="3565"
                          CONTENT="es de bale royales p schopper burridge senvor die binnen 14 dage larde"/>
               </TextLine>
               <TextLine ID="region_1643959019211_212l6"
                         BASELINE="3572,534 3692,536 3813,538 3933,539 4054,540 4174,542 4295,542 4415,542 4536,544 4656,544 4777,544 4897,544 5018,545 5138,546 5259,546 5379,546 5500,544 5620,544 5741,544 5861,544 5982,544"
                         HEIGHT="119"
                         WIDTH="2441"
                         VPOS="461"
                         HPOS="3556">
                  <String ID="string_region_1643959019211_212l6"
                          HEIGHT="119"
                          WIDTH="2441"
                          VPOS="461"
                          HPOS="3556"
                          CONTENT="vertrecken naer rotterdam te senden, dat voor mijne ick noet begeire on"/>
               </TextLine>
               <TextLine ID="region_1643959019211_212l7"
                         BASELINE="3550,624 3670,628 3790,630 3911,632 4031,632 4152,634 4272,636 4392,636 4513,637 4633,638 4754,638 4874,638 4994,638 5115,636 5235,636 5356,636 5476,634 5596,634 5717,632 5837,630 5958,630"
                         HEIGHT="136"
                         WIDTH="2437"
                         VPOS="548"
                         HPOS="3536">
                  <String ID="string_region_1643959019211_212l7"
                          HEIGHT="136"
                          WIDTH="2437"
                          VPOS="548"
                          HPOS="3536"
                          CONTENT="dat die oncosten veel swaeter sijn, all opoftende, &amp; het profijt dat men"/>
               </TextLine>
               <TextLine ID="region_1643959019211_212l8"
                         BASELINE="3570,724 3690,726 3811,728 3931,728 4052,730 4173,730 4293,732 4414,732 4534,732 4655,732 4776,732 4896,732 5017,732 5137,730 5258,729 5379,728 5499,726 5620,724 5740,722 5861,718 5982,714"
                         HEIGHT="127"
                         WIDTH="2444"
                         VPOS="643"
                         HPOS="3554">
                  <String ID="string_region_1643959019211_212l8"
                          HEIGHT="127"
                          WIDTH="2444"
                          VPOS="643"
                          HPOS="3554"
                          CONTENT="present aen de goederen avancent can sult noet draghen derhalven ue"/>
               </TextLine>
               <TextLine ID="region_1643959019211_212l9"
                         BASELINE="3548,826 3668,828 3789,828 3909,830 4030,830 4150,830 4271,830 4391,830 4512,828 4632,828 4753,826 4873,824 4994,823 5114,822 5235,818 5355,816 5476,814 5596,812 5717,808 5837,805 5958,802"
                         HEIGHT="124"
                         WIDTH="2441"
                         VPOS="722"
                         HPOS="3533">
                  <String ID="string_region_1643959019211_212l9"
                          HEIGHT="124"
                          WIDTH="2441"
                          VPOS="722"
                          HPOS="3533"
                          CONTENT="sal die p gwings op ostende laden, &amp; niet op rott schipper bnidge"/>
               </TextLine>
               <TextLine ID="region_1643959019211_212l10"
                         BASELINE="3560,920 3681,922 3803,924 3925,924 4047,926 4169,926 4291,926 4413,926 4535,924 4657,924 4779,922 4900,920 5022,918 5144,916 5266,914 5388,911 5510,908 5632,906 5754,902 5876,900 5998,898"
                         HEIGHT="146"
                         WIDTH="2471"
                         VPOS="827"
                         HPOS="3543">
                  <String ID="string_region_1643959019211_212l10"
                          HEIGHT="146"
                          WIDTH="2471"
                          VPOS="827"
                          HPOS="3543"
                          CONTENT="iunier heeft het baeleven &amp; 203 noch mede gebracht, soo hebbe de noodige"/>
               </TextLine>
               <TextLine ID="region_1643959019211_212l11"
                         BASELINE="3518,1016 3567,1014 3617,1013 3667,1012 3717,1010 3767,1010 3817,1008 3867,1008 3917,1008 3967,1008 4017,1008 4066,1008 4116,1008 4166,1010 4216,1010 4266,1012 4316,1012 4366,1014 4416,1016 4466,1018 4516,1018"
                         HEIGHT="131"
                         WIDTH="1029"
                         VPOS="925"
                         HPOS="3502">
                  <String ID="string_region_1643959019211_212l11"
                          HEIGHT="131"
                          WIDTH="1029"
                          VPOS="925"
                          HPOS="3502"
                          CONTENT="ordres daer ontrent aengestelt"/>
               </TextLine>
               <TextLine ID="region_1643959019211_212l12"
                         BASELINE="3530,1108 3648,1107 3767,1106 3885,1104 4004,1100 4122,1098 4241,1096 4359,1093 4478,1090 4596,1088 4715,1084 4833,1082 4952,1078 5070,1076 5189,1073 5307,1070 5426,1066 5544,1064 5663,1061 5781,1058 5900,1056"
                         HEIGHT="167"
                         WIDTH="2406"
                         VPOS="959"
                         HPOS="3512">
                  <String ID="string_region_1643959019211_212l12"
                          HEIGHT="167"
                          WIDTH="2406"
                          VPOS="959"
                          HPOS="3512"
                          CONTENT="sien ue twee stalen drogetten d'eene van 16 n 9 dander a 27½ a 18 e"/>
               </TextLine>
               <TextLine ID="region_1643959019211_212l13"
                         BASELINE="3554,1204 3674,1202 3794,1198 3914,1196 4034,1193 4155,1190 4275,1188 4395,1184 4515,1181 4635,1178 4756,1175 4876,1172 4996,1168 5116,1166 5236,1162 5357,1160 5477,1156 5597,1154 5717,1150 5837,1148 5958,1144"
                         HEIGHT="182"
                         WIDTH="2437"
                         VPOS="1064"
                         HPOS="3536">
                  <String ID="string_region_1643959019211_212l13"
                          HEIGHT="182"
                          WIDTH="2437"
                          VPOS="1064"
                          HPOS="3536"
                          CONTENT="aen soo een stael kan men niet val jugeren de couleuren sijn goedt"/>
               </TextLine>
               <TextLine ID="region_1643959019211_212l14"
                         BASELINE="3560,1308 3680,1302 3800,1296 3920,1290 4041,1287 4161,1282 4281,1280 4402,1276 4522,1274 4642,1272 4763,1270 4883,1268 5003,1266 5123,1264 5244,1262 5364,1258 5484,1256 5605,1252 5725,1248 5845,1244 5966,1238"
                         HEIGHT="189"
                         WIDTH="2437"
                         VPOS="1137"
                         HPOS="3544">
                  <String ID="string_region_1643959019211_212l14"
                          HEIGHT="189"
                          WIDTH="2437"
                          VPOS="1137"
                          HPOS="3544"
                          CONTENT="geloove dat ue die van 17 3 wil voij aenbooirt sal leveren, sijnde"/>
               </TextLine>
               <TextLine ID="region_1643959019211_212l15"
                         BASELINE="3518,1406 3640,1399 3762,1393 3885,1386 4007,1382 4130,1378 4252,1374 4374,1372 4497,1368 4619,1366 4742,1364 4864,1364 4986,1362 5109,1362 5231,1360 5354,1360 5476,1358 5598,1358 5721,1356 5843,1356 5966,1354"
                         HEIGHT="189"
                         WIDTH="2479"
                         VPOS="1256"
                         HPOS="3502">
                  <String ID="string_region_1643959019211_212l15"
                          HEIGHT="189"
                          WIDTH="2479"
                          VPOS="1256"
                          HPOS="3502"
                          CONTENT="de qualitijt gelijck het stuck dat n gesonden heft met de creppres"/>
               </TextLine>
               <TextLine ID="region_1643959019211_212l16"
                         BASELINE="3540,1504 3657,1498 3775,1492 3892,1486 4010,1480 4127,1476 4245,1473 4362,1470 4480,1466 4597,1464 4715,1460 4832,1458 4950,1458 5067,1456 5185,1454 5302,1454 5420,1454 5537,1452 5655,1452 5772,1452 5890,1452"
                         HEIGHT="146"
                         WIDTH="2382"
                         VPOS="1359"
                         HPOS="3524">
                  <String ID="string_region_1643959019211_212l16"
                          HEIGHT="146"
                          WIDTH="2382"
                          VPOS="1359"
                          HPOS="3524"
                          CONTENT="warrouwel y sal ue p naesten stalen senden om 30 a 40 ps"/>
               </TextLine>
               <TextLine ID="region_1643959019211_212l17"
                         BASELINE="3544,1596 3663,1590 3783,1586 3903,1582 4022,1578 4142,1576 4262,1573 4381,1570 4501,1569 4621,1568 4741,1566 4860,1564 4980,1562 5100,1562 5219,1560 5339,1558 5459,1556 5578,1554 5698,1552 5818,1550 5938,1548"
                         HEIGHT="159"
                         WIDTH="2427"
                         VPOS="1473"
                         HPOS="3527">
                  <String ID="string_region_1643959019211_212l17"
                          HEIGHT="159"
                          WIDTH="2427"
                          VPOS="1473"
                          HPOS="3527"
                          CONTENT="naer te maken, middelertyt preparcert noch eene bale sacqet bette"/>
               </TextLine>
               <TextLine ID="region_1643959019211_212l18"
                         BASELINE="3540,1688 3661,1684 3782,1680 3903,1677 4025,1674 4146,1672 4267,1668 4389,1666 4510,1664 4631,1662 4753,1662 4874,1660 4995,1658 5116,1658 5238,1656 5359,1656 5480,1654 5602,1654 5723,1654 5844,1654 5966,1652"
                         HEIGHT="154"
                         WIDTH="2455"
                         VPOS="1584"
                         HPOS="3525">
                  <String ID="string_region_1643959019211_212l18"
                          HEIGHT="154"
                          WIDTH="2455"
                          VPOS="1584"
                          HPOS="3525"
                          CONTENT="coffees met name van 6ops. ie git naer de lette inttriuctie &amp; staleny"/>
               </TextLine>
               <TextLine ID="region_1643959019211_212l19"
                         BASELINE="3544,1786 3664,1782 3785,1778 3906,1774 4027,1771 4148,1768 4268,1764 4389,1762 4510,1759 4631,1756 4752,1754 4872,1752 4993,1750 5114,1748 5235,1746 5356,1744 5476,1744 5597,1742 5718,1742 5839,1740 5960,1740"
                         HEIGHT="144"
                         WIDTH="2450"
                         VPOS="1664"
                         HPOS="3527">
                  <String ID="string_region_1643959019211_212l19"
                          HEIGHT="144"
                          WIDTH="2450"
                          VPOS="1664"
                          HPOS="3527"
                          CONTENT=" met prvings du ne un ladinge leght te versonden, benevens de "/>
               </TextLine>
               <TextLine ID="region_1643959019211_212l20"
                         BASELINE="3546,1880 3582,1880 3618,1880 3654,1880 3690,1878 3726,1877 3762,1876 3798,1874 3834,1872 3870,1870 3906,1868 3942,1866 3978,1865 4014,1861 4050,1860 4086,1858 4122,1856 4158,1854 4194,1853 4230,1852 4266,1850"
                         HEIGHT="167"
                         WIDTH="754"
                         VPOS="1775"
                         HPOS="3528">
                  <String ID="string_region_1643959019211_212l20"
                          HEIGHT="167"
                          WIDTH="754"
                          VPOS="1775"
                          HPOS="3528"
                          CONTENT="bale royales 24 gd"/>
               </TextLine>
               <TextLine ID="region_1643959019211_212l21"
                         BASELINE="3544,1976 3663,1967 3783,1960 3902,1956 4022,1950 4141,1946 4261,1944 4380,1941 4500,1940 4619,1938 4739,1936 4858,1936 4978,1934 5097,1934 5217,1932 5336,1932 5456,1930 5575,1930 5695,1928 5814,1924 5934,1922"
                         HEIGHT="130"
                         WIDTH="2422"
                         VPOS="1873"
                         HPOS="3526">
                  <String ID="string_region_1643959019211_212l21"
                          HEIGHT="130"
                          WIDTH="2422"
                          VPOS="1873"
                          HPOS="3526"
                          CONTENT="wat aengaedt de scerte mate van de sargen coffees waer over ne"/>
               </TextLine>
               <TextLine ID="region_1643959019211_212l22"
                         BASELINE="3552,2070 3672,2060 3792,2052 3912,2045 4032,2042 4152,2038 4272,2036 4392,2034 4512,2033 4632,2032 4753,2032 4873,2032 4993,2032 5113,2032 5233,2032 5353,2030 5473,2028 5593,2025 5713,2020 5833,2014 5954,2006"
                         HEIGHT="212"
                         WIDTH="2434"
                         VPOS="1919"
                         HPOS="3535">
                  <String ID="string_region_1643959019211_212l22"
                          HEIGHT="212"
                          WIDTH="2434"
                          VPOS="1919"
                          HPOS="3535"
                          CONTENT="gesereven hebbe, het is mij wel ledt dat soo danige stwcken n"/>
               </TextLine>
               <TextLine ID="region_1643959019211_212l23"
                         BASELINE="3548,2166 3670,2156 3793,2147 3915,2142 4038,2136 4160,2132 4283,2128 4405,2126 4528,2124 4650,2124 4773,2124 4895,2124 5018,2124 5140,2124 5263,2122 5385,2122 5508,2122 5630,2120 5753,2118 5875,2116 5998,2112"
                         HEIGHT="147"
                         WIDTH="2480"
                         VPOS="2039"
                         HPOS="3534">
                  <String ID="string_region_1643959019211_212l23"
                          HEIGHT="147"
                          WIDTH="2480"
                          VPOS="2039"
                          HPOS="3534"
                          CONTENT="mijn handen comen want men verloest de calanten van de lwyde"/>
               </TextLine>
               <TextLine ID="region_1643959019211_212l24"
                         BASELINE="3538,2262 3658,2253 3778,2246 3898,2240 4018,2234 4139,2228 4259,2224 4379,2220 4499,2218 4619,2216 4740,2214 4860,2212 4980,2210 5100,2208 5220,2208 5341,2206 5461,2206 5581,2204 5701,2202 5821,2202 5942,2200"
                         HEIGHT="139"
                         WIDTH="2438"
                         VPOS="2122"
                         HPOS="3521">
                  <String ID="string_region_1643959019211_212l24"
                          HEIGHT="139"
                          WIDTH="2438"
                          VPOS="2122"
                          HPOS="3521"
                          CONTENT="daer biyde, piust sijn die stwesken gevallen in te handen van"/>
               </TextLine>
               <TextLine ID="region_1643959019211_212l25"
                         BASELINE="3536,2344 3658,2342 3780,2340 3902,2338 4024,2334 4146,2330 4268,2326 4390,2322 4512,2318 4634,2314 4757,2310 4879,2306 5001,2304 5123,2300 5245,2298 5367,2297 5489,2296 5611,2296 5733,2298 5855,2300 5978,2302"
                         HEIGHT="157"
                         WIDTH="2472"
                         VPOS="2214"
                         HPOS="3521">
                  <String ID="string_region_1643959019211_212l25"
                          HEIGHT="157"
                          WIDTH="2472"
                          VPOS="2214"
                          HPOS="3521"
                          CONTENT="mijne alder beste calanten dat mij groot gevoelen doet versoecke "/>
               </TextLine>
               <TextLine ID="region_1643959019211_212l26"
                         BASELINE="3554,2446 3674,2442 3794,2440 3914,2436 4034,2433 4154,2429 4274,2425 4394,2420 4514,2416 4634,2412 4755,2408 4875,2404 4995,2402 5115,2398 5235,2396 5355,2394 5475,2394 5595,2394 5715,2394 5835,2396 5956,2400"
                         HEIGHT="171"
                         WIDTH="2435"
                         VPOS="2304"
                         HPOS="3537">
                  <String ID="string_region_1643959019211_212l26"
                          HEIGHT="171"
                          WIDTH="2435"
                          VPOS="2304"
                          HPOS="3537"
                          CONTENT="nochmael, van int toecomende daer goede sorge voor te dragen"/>
               </TextLine>
               <TextLine ID="region_1643959019211_212l27"
                         BASELINE="3544,2548 3665,2542 3786,2535 3907,2530 4029,2526 4150,2522 4271,2518 4393,2516 4514,2514 4635,2512 4757,2510 4878,2508 4999,2506 5120,2506 5242,2504 5363,2504 5484,2502 5606,2502 5727,2500 5848,2498 5970,2496"
                         HEIGHT="203"
                         WIDTH="2461"
                         VPOS="2396"
                         HPOS="3526">
                  <String ID="string_region_1643959019211_212l27"
                          HEIGHT="203"
                          WIDTH="2461"
                          VPOS="2396"
                          HPOS="3526"
                          CONTENT="&amp; wel lotten dat sulx niet meen voorcomptee ingesloten remittere"/>
               </TextLine>
               <TextLine ID="region_1643959019211_212l28"
                         BASELINE="3554,2634 3674,2630 3795,2628 3915,2626 4036,2622 4157,2620 4277,2618 4398,2614 4518,2612 4639,2610 4760,2608 4880,2606 5001,2604 5121,2604 5242,2602 5363,2600 5483,2598 5604,2596 5724,2594 5845,2592 5966,2590"
                         HEIGHT="163"
                         WIDTH="2444"
                         VPOS="2500"
                         HPOS="3539">
                  <String ID="string_region_1643959019211_212l28"
                          HEIGHT="163"
                          WIDTH="2444"
                          VPOS="2500"
                          HPOS="3539"
                          CONTENT="ue  £90 ten laste denis dutoj in london, waer vooren het noodigh"/>
               </TextLine>
               <TextLine ID="region_1643959019211_212l29"
                         BASELINE="3554,2720 3668,2720 3783,2720 3897,2718 4012,2718 4127,2716 4241,2714 4356,2712 4470,2710 4585,2708 4700,2704 4814,2702 4929,2698 5043,2695 5158,2692 5273,2689 5387,2686 5502,2682 5616,2679 5731,2676 5846,2672"
                         HEIGHT="178"
                         WIDTH="2324"
                         VPOS="2588"
                         HPOS="3538">
                  <String ID="string_region_1643959019211_212l29"
                          HEIGHT="178"
                          WIDTH="2324"
                          VPOS="2588"
                          HPOS="3538"
                          CONTENT="gelieve te besorgen, &amp; jeft advies van den ontfange dese aen die "/>
               </TextLine>
               <TextLine ID="region_1643959019211_212l30"
                         BASELINE="3540,2812 3565,2812 3591,2813 3617,2813 3642,2812 3668,2812 3694,2810 3719,2810 3745,2809 3771,2808 3796,2809 3822,2810 3848,2812"
                         HEIGHT="144"
                         WIDTH="341"
                         VPOS="2734"
                         HPOS="3523">
                  <String ID="string_region_1643959019211_212l30"
                          HEIGHT="144"
                          WIDTH="341"
                          VPOS="2734"
                          HPOS="3523"
                          CONTENT="blijve"/>
               </TextLine>
               <TextLine ID="region_1643959019211_212l31"
                         BASELINE="5234,2830 5269,2827 5305,2826 5341,2824 5377,2822 5413,2822 5448,2820 5484,2820 5520,2819 5556,2818 5592,2818 5627,2816 5663,2816 5699,2814 5735,2812 5771,2810 5806,2807 5842,2805 5878,2802 5914,2796 5950,2790"
                         HEIGHT="194"
                         WIDTH="755"
                         VPOS="2693"
                         HPOS="5214">
                  <String ID="string_region_1643959019211_212l31"
                          HEIGHT="194"
                          WIDTH="755"
                          VPOS="2693"
                          HPOS="5214"
                          CONTENT="Arij 2 aug. 1713"/>
               </TextLine>
               <TextLine ID="region_1643959019211_212l32"
                         BASELINE="3414,2958 3462,2952 3510,2948 3558,2945 3606,2942 3654,2941 3702,2940 3750,2940 3798,2938 3846,2938 3894,2940 3942,2940 3990,2940 4038,2940 4086,2940 4134,2940 4182,2939 4230,2938 4278,2936 4326,2935 4374,2930"
                         HEIGHT="175"
                         WIDTH="993"
                         VPOS="2802"
                         HPOS="3398">
                  <String ID="string_region_1643959019211_212l32"
                          HEIGHT="175"
                          WIDTH="993"
                          VPOS="2802"
                          HPOS="3398"
                          CONTENT="Brussel Jodoeus Beydels"/>
               </TextLine>
               <TextLine ID="region_1643959019211_212l33"
                         BASELINE="3542,3038 3665,3038 3789,3036 3912,3034 4036,3032 4159,3030 4283,3028 4406,3026 4530,3022 4653,3020 4777,3017 4900,3014 5024,3010 5147,3006 5271,3001 5394,2996 5518,2991 5641,2986 5765,2980 5888,2974 6012,2968"
                         HEIGHT="195"
                         WIDTH="2503"
                         VPOS="2870"
                         HPOS="3526">
                  <String ID="string_region_1643959019211_212l33"
                          HEIGHT="195"
                          WIDTH="2503"
                          VPOS="2870"
                          HPOS="3526"
                          CONTENT="en aengename vo 31 pess wel ontfanhen dien volgens soo sande"/>
               </TextLine>
               <TextLine ID="region_1643959019211_212l34"
                         BASELINE="3554,3130 3673,3130 3792,3130 3911,3130 4030,3130 4149,3128 4268,3126 4387,3124 4506,3120 4625,3118 4745,3114 4864,3110 4983,3106 5102,3102 5221,3097 5340,3093 5459,3088 5578,3084 5697,3079 5816,3075 5936,3072"
                         HEIGHT="132"
                         WIDTH="2412"
                         VPOS="3028"
                         HPOS="3538">
                  <String ID="string_region_1643959019211_212l34"
                          HEIGHT="132"
                          WIDTH="2412"
                          VPOS="3028"
                          HPOS="3538"
                          CONTENT="aen ul: p beurtschep sa twaelt stuekn sacqis ul een perssie"/>
               </TextLine>
               <TextLine ID="region_1643959019211_212l35"
                         BASELINE="3538,3234 3661,3236 3784,3236 3908,3236 4031,3236 4155,3234 4278,3230 4401,3228 4525,3224 4648,3220 4772,3216 4895,3211 5018,3206 5142,3200 5265,3194 5389,3190 5512,3184 5635,3180 5759,3175 5882,3170 6006,3166"
                         HEIGHT="262"
                         WIDTH="2501"
                         VPOS="3063"
                         HPOS="3521">
                  <String ID="string_region_1643959019211_212l35"
                          HEIGHT="262"
                          WIDTH="2501"
                          VPOS="3063"
                          HPOS="3521"
                          CONTENT="gemaekt JPX ender gelegen vaner tolbrief verhepede"/>
               </TextLine>
               <TextLine ID="region_1643959019211_212l36"
                         BASELINE="3550,3350 3673,3350 3796,3348 3919,3344 4042,3340 4166,3336 4289,3332 4412,3327 4535,3321 4658,3316 4782,3311 4905,3306 5028,3300 5151,3296 5274,3291 5398,3287 5521,3284 5644,3282 5767,3280 5890,3280 6014,3280"
                         HEIGHT="212"
                         WIDTH="2496"
                         VPOS="3198"
                         HPOS="3533">
                  <String ID="string_region_1643959019211_212l36"
                          HEIGHT="212"
                          WIDTH="2496"
                          VPOS="3198"
                          HPOS="3533"
                          CONTENT="dise goden een ue voll contentin tullen geven, "/>
               </TextLine>
               <TextLine ID="region_1643959019211_212l37"
                         BASELINE="3558,3438 3675,3438 3793,3438 3911,3438 4029,3436 4147,3434 4265,3432 4383,3428 4501,3424 4619,3420 4737,3415 4854,3410 4972,3404 5090,3400 5208,3394 5326,3388 5444,3384 5562,3378 5680,3374 5798,3368 5916,3366"
                         HEIGHT="157"
                         WIDTH="2390"
                         VPOS="3295"
                         HPOS="3538">
                  <String ID="string_region_1643959019211_212l37"
                          HEIGHT="157"
                          WIDTH="2390"
                          VPOS="3295"
                          HPOS="3538"
                          CONTENT="in iets voerdert magh noodigh hebben ve soeke vr"/>
               </TextLine>
               <TextLine ID="region_1643959019211_212l38"
                         BASELINE="3550,3550 3662,3548 3775,3546 3887,3542 4000,3539 4112,3536 4225,3532 4337,3527 4450,3522 4562,3518 4675,3514 4787,3509 4900,3503 5012,3498 5125,3494 5237,3488 5350,3483 5462,3478 5575,3472 5687,3467 5800,3462"
                         HEIGHT="205"
                         WIDTH="2286"
                         VPOS="3380"
                         HPOS="3532">
                  <String ID="string_region_1643959019211_212l38"
                          HEIGHT="205"
                          WIDTH="2286"
                          VPOS="3380"
                          HPOS="3532"
                          CONTENT="bmnedeen sal altijt devoire doen onmn calandises be"/>
               </TextLine>
               <TextLine ID="region_1643959019211_212l39"
                         BASELINE="3544,3650 3663,3644 3783,3640 3902,3636 4022,3632 4141,3627 4261,3622 4380,3618 4500,3614 4619,3610 4739,3606 4858,3602 4978,3596 5097,3592 5217,3588 5336,3583 5456,3578 5575,3574 5695,3569 5814,3563 5934,3558"
                         HEIGHT="191"
                         WIDTH="2428"
                         VPOS="3478"
                         HPOS="3522">
                  <String ID="string_region_1643959019211_212l39"
                          HEIGHT="191"
                          WIDTH="2428"
                          VPOS="3478"
                          HPOS="3522"
                          CONTENT="belenden  op moght tre sal iit. rcccisie mij"/>
               </TextLine>
               <TextLine ID="region_1643959019211_212l40"
                         BASELINE="3548,3744 3665,3738 3782,3733 3899,3730 4016,3726 4133,3722 4250,3720 4367,3718 4484,3714 4601,3712 4719,3710 4836,3708 4953,3706 5070,3703 5187,3700 5304,3696 5421,3693 5538,3688 5655,3684 5772,3678 5890,3670"
                         HEIGHT="179"
                         WIDTH="2375"
                         VPOS="3589"
                         HPOS="3531">
                  <String ID="string_region_1643959019211_212l40"
                          HEIGHT="179"
                          WIDTH="2375"
                          VPOS="3589"
                          HPOS="3531"
                          CONTENT="assi greptie snde a nevous. de md. sseau su v"/>
               </TextLine>
               <TextLine ID="region_1643959019211_212l41"
                         BASELINE="3534,3862 3586,3854 3638,3848 3691,3841 3743,3837 3796,3832 3848,3829 3900,3825 3953,3822 4005,3820 4058,3818 4110,3817 4162,3816 4215,3816 4267,3816 4320,3816 4372,3816 4424,3816 4477,3816 4529,3818 4582,3820"
                         HEIGHT="193"
                         WIDTH="1086"
                         VPOS="3724"
                         HPOS="3512">
                  <String ID="string_region_1643959019211_212l41"
                          HEIGHT="193"
                          WIDTH="1086"
                          VPOS="3724"
                          HPOS="3512"
                          CONTENT="ost gwetn blijv"/>
               </TextLine>
            </TextBlock>
         </PrintSpace>
      </Page>
   </Layout>
</alto>
