8118 4637
2527 173 711 160 Ady 12 janu 1723

730 178 1266 164 geesbergen michiel ven op broeck

879 273 2287 129 ue aengename van 9 deser wel ontfanghen waer bij verstaen, dat ue

881 385 2371 147 binnen oierthien daghen staedt over te comen, om lakens en stoffen te

864 440 2254 196 coopen, & dat ue het rettant het gene in vader mij scholdigh is

875 546 2338 158 sonde faute sult mede brengenen dat mij seer aengenaem sal sijn

903 641 2199 187 want het lack genoech geleden is, voorders sal ue in alles ten

888 773 2247 153 unijtersten naer ue contentement bedienen & soude ue raden ue

886 858 2328 195 beijse niet uyt te stellen, omdat alle goederen gemonteert sijn en

899 966 2335 145 alle daghen noch mee oplope blijve mit verlangen van ue te

880 1075 1112 171 sien pan Cordiale groetenisse

2495 1123 586 179 Adij 14 January 1713

783 1172 799 143 Londen ghaeles Hamilton

908 1232 2397 180 ue aengename van 19 passato wel ontfangen, waer boven stondt de rekeninge cont

909 1332 2223 162 van onse compagnie lakende m buritge ben vewondert dat die man s00

926 1414 2330 153 noodelose moyte nmemt sien dat hij i me oin coste brenght op N05 psyne

913 1526 2317 148 cour hier boven  can hij sien hoe die gesloten is en hoe hij gecrediteert is voor

923 1609 2289 148 oncosten tot londen op de bale N3£ 2: ditto oncosten tot londen op

918 1659 2329 208 no 4:5  3:9 ditto oncosten tot londen op debale sto 6 £ 2:6:4 en op de

933 1767 2339 160 bale No7 ƒ 3:11:6500 gelive hem daer van kennisse te geven dit soende

2705 1846 569 103 Ady 17 Janu 1713

937 1882 1091 123 sult verobligeren semon donne

686 1905 2512 207 dorningez ie viend de recevoir la tres agreable vre du 12me courant y pent

926 2004 2360 201 une remise de cent nonente trois florins neus patars argent courant

907 2067 2352 231 a la charge de monsr. soint a brusxelles pour la quelle ie procure

916 2176 2285 207 rez les necessaire, & vre grace serat credite pour £27:12:7 et

895 2263 2316 223 en ƒ165:16½ en argent de change les sarges, & tous les autres

904 2346 2263 200 marchandise sont bien monte en engleterre les sarges doivent

903 2434 2316 236 couter presentement ƒ 28:10 pour le moins, & dabord que la paix

916 2529 2219 237 saras fait, ils montrons encor plus, ce pourquoy mons si vous

927 2629 2244 169 avez besoin quelque marchandise je vous conseillerois de venir

923 2714 2346 181 au plutost icy, pour faire vos emplaits il y aura p cette conun

902 2816 2305 162 etune du temps du profit a faire, & ie me recomand tousjour, a vre

919 2882 2313 213 bonne amisie, & soye persuadez que je vous servirez tres sidelere

927 2985 2215 214 ent, et je vous souhaite pareillement cette anné tres heureux,

927 3059 2294 200 accomplie de toutes sortes des benedictions, sans temporales, que

919 3161 2183 206 spirctuales comme aussij a toute vre chere familie, & ie suis

921 3316 672 150 does cincerement

2691 3301 622 163 Adij 1January 1713

707 3378 842 163 Leverton John upcott

928 3389 2346 194 beyde ue aengename van 15 & 12 pas wel ontfange de oncosten op den

908 3511 2407 200 geprotesteerde brief op tourton & quigver de N ƒ 97 door ue betaelt wille

920 3585 2287 203 niet bedisputeren, dogh voor de 11 115 door d'heer hamilton meer

907 3645 2345 224 getrocken, moet tot mijnen laste niet comen, heeft ue doen trecken

927 3735 2196 205 & noch sonder mijn ordre, soo moet ue de provisie aen ue vrent

911 3762 2292 211 vergoeden, en niet tot mijn laste brenge, hebbe ter selven tijdt

914 3887 2322 207 van een ander vrint een brief geprotesteert terugge becomen

919 3991 2293 189 maer die hebbe de waerde niet doen trecken, gelijck ue gedaen

908 4051 2380 220 heeft, met den laeste become ssale facturez cognossement van

934 4140 2378 215 rivee bale inhoudende 30 prince sarges 10 drapeen & 60 sarges 22 gr

920 4275 2112 145 monterende st £210:8: 0et, hebbe de stale naer mijn ordre

3554 99 2447 179 n e e  e

4717 190 85 86 110

3520 224 2465 125 stuck olijf, naer mijn staeltiens op 8: augusty lest aen ue gesonden, al hoe

3544 323 2446 90 wel 1Mps. naer de selve geordoneert hadde, & die ue sent, sijn meest alle van

3547 379 2433 93 een couleur, dat niet wel is, daer sijnder oock onder, die hien aen de stalen

3522 465 2459 128 seer grof vertoonen & van de 60 ps. 22gd bevinde in   2 a 3 groove

3537 536 2471 105 stucke, de twee geile schades niet naer mijn stael, als, oock die in 162:163

3525 592 2485 159 die in 161 sijn wel, in ider baeltie sijn 2 a 3 ps soo grof, dat se niet vercoop daer

3542 727 2487 136 sijn, versoecke van int toecomende soo danige niet meer te senden want soude

3528 784 2479 128 die voor mijne iek niet accepteren tot ue governo. nu om onse iek courant

3543 888 1572 116 te sluyte, soo sal ue mij crediteren als volght

3643 982 1406 144 voor te veel getrocken op den geprotesteerden brief

5563 967 458 157 £-:31:14 en

3643 1112 1319 99 voor d'asseurantie op de bale N.45:16

5570 1099 379 120 „ 2:5:1

5578 1173 436 132 „ 5:12: 1 ½

3651 1191 1572 129 voor abatement om geene questie meer te hebben

3399 1254 2590 117 dogh ick can mede niet weten, hoe veel het reght soude wesen, om dat van tijdt

3547 1352 2484 88 tot tijdt van d'een & d'ander daer over afgetrocken wort, & hebbe ue sulckxt meesten

3533 1430 2495 145 deel laten weeten, & als oock het clappen van mijne vrinden over ue goedee

3538 1514 2335 111 die royeles die soo ongeperst en grof sijn staender hoeh, soo can ue wel

3529 1584 2459 147 consedereren, dat ick noch aen de quaetste syde ben, doen dat maer, om het

3533 1679 2418 103 jaer 1712 te sluyte, waer bij ue nu sal comen p rest st £140: die hier

3545 1745 2456 98 ingeslote sal remitteren, soo op de borse ten rechte can geraken wencke ue

3534 1844 2492 148 familie in desen loopende jaere alle iegen & voorspoet met alle veele naevolgen

3537 1932 1410 128 ende en blijve naer cordiale graetenissee

3537 1971 2469 189 S ingslote remittere ue f £100:- ten laste Eward froed in londen, waer

3535 2121 2456 152 voore, het noodigh gelieve te besorgen, hebbe tat voorsijde somme niet connen

3532 2196 2491 163 ten rechte comen, soo sal ue mij op d'aeede rek crediteren, als voors, & p rest

3429 2298 2574 95 debiteren, tot saldo, den selve voors  £100:- op niuwe rekeninge, & daer

3548 2388 2456 137 bij voegen dempost van de bale N.48:ƒ49: om met mij conform te sijn en mij

3526 2491 2059 136 crediteren voor dese ingeslote remise £100:- & blijve als voore

3343 2547 1018 192 Rotterdam Bouys verburgh

4992 2564 674 175 Ady 19 Janua 1713

3535 2683 2459 111 op 9 deser was aen ue mijnen laeste, waer bij ue adviseerde dat op ue getrocken had

3528 2766 2436 126 ƒ 184: o7, die mij op salde van onse rek quamen waerende te betalen op sigh

3507 2843 2491 148 p casse aen d'ordre van d'heer Jan Michiel mesijn, sedert geene, van ue twijsele

3537 2943 2433 113 niet aft den selven, ue wel geworden is, verhope, met ue een neuwe rest te

3530 2991 2469 144 beginnen die voor ons bijde profitabelder sal sijn, soo godt ons eene goede vrede

3522 3086 2392 126 wilt verleenen desen principael, tot couvert, van den ingelijde die versoecke,

3538 3202 2481 135 voortganck die gelieve te geven, sult verobligeren, die blijve naer groettenise

3337 3267 896 151 twerton bere& eneckmarck

5187 3270 699 164 Adij 23 January 1713

3536 3371 2416 126 bijde ue aengename, van 3 deser wel ontfange, waer bij verstaen dat de sarges

3537 3458 2468 77 loups van den werckman 8 sal 37 s aen boort costen soo gelieve daer geene van

3533 3535 2456 83 te senden, & vermits ue seght dat die van S. B. fterne met name de mirste

3529 3591 2478 114 sijn, soo sal ue de 60 geordoneerde van dat marck senden, dogh begeire geene

3531 3691 2488 112 van de schulp, die couleuren wel naer te comen dat se levendigh wel geme

3529 3751 2370 127 gelt sijn, met blouw, g root, & wel geperst, ue moet de goedren, op het minste

3523 3838 2428 134 stelle want de luyden, willen naer geen opslagt luyttren de wissel is oock

3524 3899 2331 92 daer bij seer gemonteert dat de goedren, mede seer sterck beswaert: wet

3514 4005 2468 89 aengaet, heteffenen, van ons verschil, ick hebbe noch liever, dat ue dispor

3532 4072 2443 102 neert van de goedren, als ue £10:8:4 en te laten rabatteren, ick verclare, dat

3525 4171 2440 125 niet wete, op wat manier, mij van die goedren, sal connen a maken que

3507 4231 2497 154 sal daer geene prepuditie bij eijden, soo gelieve, mij daer voor te crediteren
