8392 4630
2724 215 650 191 Ady Rand 71

906 208 1024 229 Brussel ep Cousseau

923 356 932 162 amsterdam T. Cousseau

1095 376 2189 265 ue mij altijdt seer aengename van 3 meij lett 23 deser op hun tijdt

1091 542 2228 209 wel ontfanghen in gevolghe den eerste hadde ue gecrediteert voor

1078 612 2271 214 £1:14:4 et a910 a 5 p½ van de ƒ216:14. hollants court

1059 772 2190 168 door Dheer dionijs verburgh van roet. aen ue voor mijne rek

1063 905 2216 181 geremitteert en meerdere somme tot antwoort op u laette dat

1077 1002 2238 146 en niet gescreve hebbe is geweest bij faute van occasie hadde

1073 1112 2223 138 wel speculatien van ul spetien toe te senden dogh men

1065 1204 2226 191 terwijlen present hier niet anders ontfanght in wissel gelde

1069 1316 2198 155 als 32 a 56 ps. franse stucken, soo ift dat geen andre

1061 1427 2207 199 spetien en sien nochte ontfanghe com re souts dor neuf

1074 1551 2280 187 viuul, ducaten, quineen oft pattacens op de coopen moet men

1083 1697 2270 146 groot op geldt geven soo datter niets aen tavanseren soude syn

1057 1787 2268 159 de spetien monteren avallen hier naer advenant de wissel

1057 1891 2291 175 derhalven daer niet aen te doen is ten waere de selve caruelijc

1087 2048 2262 177 e pary conde ontfanghen, dat raer voorvalt alle negotien, syn

1099 2143 2198 174 soo slecht, dat men met meet wat aenvanghen, moeten hopen

1060 2230 2245 198 dat het met een generalen vrede betren sal gdat men als dan

1067 2385 2133 189 accasie moghen hebben om de vorighe de de droeve aeren

1082 2445 2188 188 voor te teylen dat godt wilgeren waer mede blijve naer

1078 2609 870 159 Cordiale groettenesse

2695 2706 625 207 Adij Jang. 174

908 2744 1344 205 Mechelen herdrick Cornelis fayd herbe

1111 2866 2056 207 beyde ul aengenaeme, van 3 deser & heden wel ontfange het

1082 2978 2242 157 bricke van  75:10 is voldaen  hebbe u daer vooren gecredifeert

1091 3063 2265 226 bij den laetten, sien het staekie droget maer meet a 51 soo hebbe

1097 3230 915 174 maer gedebiteert voo

1399 3314 1868 196 51 a drogett a 12 st: wisselgelde ƒ 30:12

1067 3441 2173 178 dat soo mede geleve te noteren het droht is hier geperst

1090 3540 2182 172 geweest soo het kan gebeuren dat het wat gecromten is

1092 3624 2144 202 a wat aengaet van noch soo een stuck soo segge tot

1110 3745 2091 192 antwoort dat geen meer hebbe van dat couleur oft daer

1110 3844 2203 191 intrent maer mel van andre tot u dienste het is mij

1092 3977 2248 167 leet ie daer mede nut denen can iets anders van u eunste

1106 4104 1038 193 gelieve te commanderan

5354 207 658 153 Adij 6 aug 1714

3526 207 1046 189 Brugge Gillis Jan Coppenolle

3577 288 2426 196 ue aengenaeme van 4 deser wel ontfanghen waer bij verstaen uu het pack N

3579 402 2420 189 1n op de register, niet bevonden hebt a dat den schipper seght ditt o pack

3570 511 2334 178 te laet tot exon soude sijn gecomen, wij hebben, sedert dat het

3566 582 2445 235 cognossement, become hebbe verschijde engelte brieven gehadt dogh hebbe

3569 751 2413 185 geene van mijn vint ontfanghen, soo het soude connen geleuren

3566 798 2385 229 dat mijn vrint daer geen konschap van heeft om den schepper geen

3555 940 2388 180 ongelijck te doen soo sult hem op cognossement doen tenkenen dat

3551 1051 2348 160 het pack aen sijn boort niet en is geweett & dat hij instaet voor het

3556 1135 2446 185 selve tot dat men ten reghten sal comen schipper rehelbudch is

3552 1266 1588 150 heden aengecomen ue groetende Blijve

5425 1341 551 202 Adij 6anuy 1714

3477 1381 975 213 Bergen Nicolas hamalt

3557 1504 2466 169 le 31 du passé fat a vre grace ma derniere vous advisant que j'aurois envoy

3538 1574 2541 218 er les sarges p malline a bruxelles que ie n'ay point affectue a cause quon

3516 1679 2489 247 disont que la barque de bruxeles aura partie deux jours apres cependant

3560 1821 2449 204 il est venu un contre ordre puis que les saisses n'ettront pas encor pret hier

3550 1861 2539 278 j'ay trouvez une occasion de vous envoyer les ballot a droitare jusqua mons

3563 2039 2437 205 p le chartier de mons a bruxelles nomme bellerose qui est partie

3570 2199 2475 131 hur apresmedy avec les ballot esperant quil sera bien tott chez vous a

3574 2195 2501 221 melux la facture portant ƒ540:10. argent de change ie vous plaira

3562 2358 2406 186 m'en crediter & sil y a d'autres choses a vre serres commandez celuy

3560 2532 830 171 qui est tres cnierement

5370 2652 609 206 Adij 8 ang1714

3440 2685 856 177 Greston George thorne

3576 2778 2373 163 op 5 deser was aen ul mijnen laette met remise van st £103:12:0 en in

3543 2873 2482 171 mijn eijghen brief op mons. henrij blaydon a cortij getrocken waerende, voor het

3568 2975 2395 171 import van ul gesondene baele & 172: volgens ue cognosement in baridge

3555 3072 2436 183 junior geladen die als met mijnen vengen godt danck behanden gearriveert

3532 3181 2473 146 is hadde de noodighe ordres tot de verlannge naer brugge gesonden waer op

3548 3287 2379 146 tot antwoort becomen hade dat het pock 172 in hem niet te vinden

3555 3385 2426 136 was dat den schipper sijde tot esten as gebleven dat mij seer verwondert

3560 3479 2450 125 nademael u mij daer vorders niet van hebt geadviseert derhalve hebbe den

3568 3599 2444 161 schipper daervoren dien cantie stellen, tot dat van ue advies become aist

3517 3707 2489 137 dat ditto baele aghter gebleven is soo ist door u tarderen bij geeemen, daer al

3532 3788 2469 157 prejeditie by lijde a geen usico van de zee meer moet hebben derhalve

3540 3885 2478 132 terwijlen ul het imporst geremitteert hebbe & mijn nadeel considerrern

3539 4014 2469 130 moet, & oock billigh is soo sal den nsico van dat pack voor u sijn tot

3543 4057 2479 205 dat het selve tot brugge sal sijn gearriveert dat geleve te doen laeden

3559 4188 2438 168 ewings junier de present in fadinge leght & soo men my adviseert

3547 4296 2485 153 n  weken sal vertrecken com met u te contanueren in corespendent

3564 4377 120 82 il
