8015 4665
2643 188 552 133 Adij 5 xber 1712

676 156 1020 157 Londen Charles Hamiltons

861 276 2396 160 ue seer aengenamen van 15 aug. op sijn tijdt wel ontfangen, waer bij ul seght aengaen

853 345 2332 183 de de s £400:-:- op &requier bills, dat die voor desen tot 6 p gingen, & nu

1555 460 537 67 vreete wel  dat

853 463 2329 143 maer tot 3 prt gehiel,  de pentiiengen als men sijne penningen vost laet

844 528 2266 163 voor 6 maenden oft een jaer, dat men 66½ geniet, en als dat men maer 36

836 610 2313 175 geniet, wanneer depenninge kan weder vraghen, als men wilt, sulckxx heeft

853 725 2334 136 d' heer daniel hays aen mijne broeders gedaen te weten depenninghen hier gene

839 788 2356 158 mitteert, als sij het versoghten, &den intrest goet gedaen prorato den tijdt tegens

1811 897 97 67 met

837 896 2331 157 3 st p anniem, soo schiche, het mij oock soo sal sijn, & vermits nu eene fave

840 968 2355 166 rablen wissel is, & dat ue selver, & andre aen mijn broeder Jan michiel remises

827 1072 2400 164 hebt gesonden tot 34:4 et soo versoecke mijne ft £400:- uyt den excquier

845 1172 2358 150 te nemen & cito doenelijck te remitteren, op dat bij dese ochasie iets profiteren

3049 1264 50 50 ul

807 1249 2397 157 magh, ue heeft mij voordesen wel geschreven, dat ue mijne penningen soude

837 1339 2357 164 remitteren wanneer het versoecke soude, soo twijfele niet, oft ie: sal dat vol

855 1426 2338 161 brengen, & in afwachtinge met groot verlangen blijve naer bordialel

830 1489 513 148 groetenissen

2506 1512 749 173 16 P 388:

798 1664 2347 157 et begeire geene andre brieven als in antwerpen te betalen, om dat op

856 1745 1266 172 andre plaetse altijdt te verliesen is

626 1862 865 161 Sverton Henry blagdon

2700 1846 523 183 Adij 5 xber 1712

854 1972 2383 163 ul aengename van 10 pas gisteren wel ontfanghen, daer benevens facturen, & stalen

851 2064 2357 154 & Cognossement van 3 Clijne baelkens 188:18:9 mons. £47:7:7 & 190 beloop ende

839 2175 2405 137 £ 23:13:6 en waervooren ul is gerediteert ter selver tijdt become advies van

851 2267 2310 147 brugghe, dat compton & Ewings junion tot ostende sonder convoy behouden

855 2366 2310 122 sijn gearriveert soo sende aen ul hier ingesloten st£100:- ten laste Pedro

850 2453 2253 136 herriques Jancor in londen waervoore het noodigh gelieve te besorgen, & den

863 2525 2384 144 ontfanck mij t'adviseren alle gesondene blae sonder, blijven noch staen, te weten

800 2609 2427 140 de bale  N. 21. met 60 blaver de bale  170 met 45 mooren & 15 beste cafsees

840 2696 2364 142 als oocke de bale  N 171 met 15 ordinaire Coffees & 45 beste mooren, dat sijn

830 2801 2364 146 samen 150 stucken mooren, die alle noch gesloten staen in de groate balen

846 2891 2359 96 & sonder die hebbe noch wel 45 ps. losse onverkocht, soo dat geen hans en sien

852 2984 2310 121 om die soo haest te debiteren daer is maer eenen calant die die stucken

833 3087 2362 128 nempt, & die kan soo groates partije niet debiteren, & het baeltien & 179 met

839 3153 2421 142 de drogett sogathuys narrouvren & & blijven oock ligger hebbe, maer 4 ccepiens

847 3244 2424 104 van die goedren verkoght, altemael, met de andre goedren groote devoiren gedaen

846 3336 2387 137 hebbe dogh niemant wilt daer aen omdat te hier niet ventigh sijn, daerom

844 3424 2349 131 versaecke, doer can te disponeren tot u beste avantagie, &int toecomende

827 3518 2387 117 geene vremde goedren, mij toe te senden &de de drapeen hadde van deminste

821 3598 2335 135 soorte gevraght, & ue stelt die tot 36 , niemant wilt voorde soorte sonder

843 3701 2362 140 naem den hooghsten prijs besteden dat mij seer gevoelyck, is, geloove niet

824 3780 2412 151 datter dit jaer nogh een convoij sal comen, omdat alle magesijne vercropt

845 3850 2368 155 sijn van goet, enin het minste geen debiet, het eenighste, dat door den tijdt

824 3956 2335 153 mij soude connen manqueren, soude eenighe coffies sijn van 35:9 „ soo

861 4054 2347 149 eer een convoij in det jaer noch compt, soo sent mj 30 ps, van die soonte

853 4120 913 161 van herte groetende blijve

5483 188 524 138 Adij 5 xber 1715

3321 178 991 157 swerton Bere & Cnchmarch

3545 278 2333 137 op 14 pasto was aen ul mijnen laeste, sedent become ue aengename van 13 ditto

3546 349 2469 159 met facturen stalen, & cognossement van eene bale & N.50 met 60sarges 22 gd. beloopende

3535 448 2476 156 st £509:17:0 et ben wel verwondert, dat ue de goedren wedrom een parelijck hoogen

3530 565 2423 108 stelt als de leste principael eenige olives 37 sƒ green schades 38:6 et daer met

3527 611 2445 175 mijne wel gesydt hebbe dat boven de 36 s niet besteden wilde, oft geene te senden

3532 703 2485 127 de olives behoorden noch iets lichter te sijn, & hebbe de 3 grijse stucken in het baeltie

3537 829 2470 148 & 180 niet geordoncert, nu daer is niet aengelegen, dogh hadde beter met blouw in

3542 922 2430 138 plaets swerl gemengelt geweest: sal ditijaer niets meer ordoneren, soo moeten

3534 1015 2482 142 wij het loopende jaer sluyten, & ue moet weeten, wat met die goedren gelieft

3533 1100 2477 136 gedaen te hebben waer van, met mijnen boven, ue geschreven hebbe andre vrinden

3553 1209 2431 123 hebben met brieven van 10 ber van costij de mijne van 14 voors, beantwoorde,

3530 1275 2472 137 soo kan wel afmeten, dat ue den selven, oock op sijn tijdt geworden is, vreete

3541 1379 2470 135 niet wat ul daer mede seggen wilt, hebbe ue nu menighmael versoght, te weten

3546 1446 2467 133 wat met de goedren die voor ue rek staen gelieft gedaen te hebben, ue igno

3530 1547 2420 122 reent alles, dat daer mede niet genogh is, wij moeten malhandien daer over

3536 1633 2473 140 satiffactie geven, soo sal ue antwoort p eerste verwachten gisteren become

3551 1720 2473 115 advies van bregge, dat compton & Ewings sunion behouden sonder convoij tot

4685 1818 138 75 ende

3534 1842 2463 120 oftende sijn gearriveert. ingslate ul st200:- ten laste John Coupe

3536 1908 2482 120 maken in londen, in seconda brief, waer van den P geaccepteere in handen

3547 2028 2476 107 van Charles bollengere waer vooren, het noodigh gelieve te besorghen

3553 2082 909 160 blijve naer groettenissen

3330 2181 896 163 swenton Jokn Il p cott

5351 2177 573 191 Adij 5 sber 1712

3553 2308 2426 151 op 24 past Was aen ul mijnen laeste, waer aen mij gedraghe sedert become ul

3539 2412 2418 145 aengename van 10 ditto met facturen, & stalen & cognossement van eene bale

3576 2470 121 65 1  s

3543 2498 2450 151 met 30 drapeer beloopende £53:16:- die couleuren beginnen bij te commen

3541 2596 2480 145 sijn levendighen als die in de bale  43: dogh schijne alle seer grof, made stucken

3545 2690 2468 125 sullen het uytwijsen, hebbe ul int geheel geordoneert 60 sarges 229e, & 30 drap een

3539 2783 2467 133 soo blijft die bale  N.° 45 met de 40 drapeen voor ue rek. ue belast de facture va

3526 2844 2495 158 N. 45: 46 met alf asseurantie Erings & compton, sijn gisteren sonder convoy behoed

3547 2929 2448 152 den tot ostende aengecomen, deralven isser geene asseurantie soo pretendere, daer

3545 3043 2473 106 niets van goet te doen. hebbe de bale I n. 40 met 60 roijales voor een vrint geop

3530 3126 2467 75 ent waer van den coopen, & ick mede verstelt stonden, sijn soogesonden perse, dat niets

3542 3194 2433 140 daer van verkoopen kan, soo dat niet wete, wat daer mede doen sal ue sendt de

3532 3266 2477 147 goedren, van tijdt tot tijdts slechten, & slechten dat tegens ue eijgen reputatie is, & mach

3504 3399 2510 110 dat ue goedren, soo niet meen gewilt en worden, & bj provisie ick staen, daer me en

3535 3443 2436 149 sien, verschere, dat sulckxx geen plaisier doet tot ue governo ingesloten remittere ul

3528 3544 2457 164 st£150:- ten laste Blifses in londen, waer voren, het noodigh gelieve te besorghen,

3529 3637 1726 163 & den ontfangh mij te adviseren & blijve naer groettenisse

3318 3727 847 164 rotterdam Dionijs verbrugh

5538 3709 457 189 adij 6be 12

3545 3852 2435 126 beyde ue seer aengename, van 32 3 deser op hun behoorlycken tijdt wel ontfanghen

3539 3942 2393 150 waer by verstaen dat d'absom schepen, behoude in goereede, sijn ingecomen

3531 4021 2445 121 bedancke ul hertelijckx voor ul goet advies dogh hebbe daer geen intrest en om

3523 4089 2422 183 datter continuel sarges schepen op astende comen, & dat valt mij profitabelder

3531 4203 2450 138 om dat men via oftende maer eens rechten moet betaelen, maer by allen dat is

3542 4277 2441 147 het seer scadelijck, voor ons uytreden, dat die van gende daer soo veel naerder bij sijn
