8296 4658
985 191 2301 153 op ontfangh deser u antw: te senden aen die naer hertelijcke

968 290 641 150 groetenisserlijven

829 400 841 212 Turn haut Egidus saemen

2699 407 658 176 Adij 28 Juny 1713

1008 506 2311 197 al brief van gistren wel ontfanghen benevens de 25 ps tijken

983 646 2282 154 dogh ben verwondert u die hooger stelt als wel volgens u notetie

976 752 2365 145 bij mij sijnde selver gesereven sal u altijdt het eijgensten passier

966 851 2384 194 laeten sien overvolgens betaelen de  drj sejelen stelt u wel 12½ st

981 960 2332 208 hooger, als gevraeght de  dmij segels sult eenen tuyver alles ps

972 1107 2321 162 sijdt versekert u niet meer betaelen sal, als wel hebt getroeght

954 1166 2395 209 hebbe oock aen mijn vrint in englant soo genoteert op sodanige

971 1286 2240 200 maniere, moet u met mij niet handelen, ick sal altijdt mijn

989 1431 2212 165 woort handen, gedencke niet oft u dat mede doen sal, daerom

966 1532 2383 201 gelieve op ontfange deser te laeten weeten, wat u gesinheyt

962 1635 2387 173 hier ontrent is, sal die aonders niet versenden, want sende moeten

960 1739 2321 223 gelt toegeven & dat is niet geraetsaem oock sal alle de stucken

966 1838 2350 201 visiteren, om te sen, oft alles wel is ben te vreden, u binnen

947 1997 2346 188 3 weken noch 30 ps sent maer op cenditie als voors  van het

953 2089 2221 256 bette goet u antd. op ontfangh deser verwaghtende blijve

2674 2278 486 201 Adij d: 1715

869 2273 1283 241 Brugge gillis van Coppenolle

976 2447 2370 188 ul aengename van 20 26 & 1s deser wel ontfanghen volgens den

992 2538 2320 191 eersten, heeft u op mij getrocken £300: aen d'erdre van dheer guilt

966 2671 2318 175 van Coppenolle a ½ p avance, dat ter pretentatie voldaen

971 2773 2369 181 hebbe augedebiteert voor ƒ 301:10: wisselgelde, volgens den twade,

973 2882 2301 197 sal met verlanghen, seipper de kijser met de twee ballotten te

962 2985 2292 203 gemoet sier ade rek. van en costen na sien in gevolgen

971 3116 2301 180 den loetten, heeft val noch op mij getrocken £50:- aen

976 3204 2340 209 d'ordre van Dheet joleij a ¼  mijnder avance, dat mede

972 3310 2365 200 reveeren sal au debiteren voor ƒ 302:5 wisselgelde, voorders

985 3431 2337 163 hebbe eenige tijlen te versenden na englent soo versoecke, oft

984 3549 2231 207 en een seip op sonden in ladinge laght & op wat tijdt dat

975 3666 2383 204 staet te vertrecken om vervolgens te reguleren &n afwagh

954 3802 1428 182 finge blijve naer fordrale groet enisse

5932 158 180 156 21

5593 241 173 86 Dno

3436 205 837 201 Turnhaut Sephus Vueghs

5402 234 599 166 Adij P. Julij1 115

3586 317 2435 164 uu aengenamen van 29 pasto wel ontfanghen, het is waer, dat geen

3579 429 2486 191 & drij zegels genoteert, maer wel de 4 groot au weet wel, dat de prijsen

3587 541 2423 182 daer van het selve sijn, soo alles is wel, hebbe de tijcken noch niet

3581 701 2493 122 nagenen, eghter u kan van het import derselve, alle stonden disponeren

3574 774 2500 216 & gelieve de resterende op het spoedightte te laeten maeken sende

3566 903 2385 180 aen ue ul is voerman, de 6 guldens wissel gelde die voor het ricken

3567 1011 2442 184 betaelt hebt & bedancke ie noch mael hatelijck voor de genemene

6060 1137 63 117 810

3564 1137 2423 204 meyte a dienst hier ontrent gedaen & soo u mede can dienen gelieft

6063 1254 51 58 E

3555 1289 2222 170 liber te disponeren van die naer cordiale groet missen blijve

6038 1341 82 129 di

3439 1419 927 257 Turnhaut Egidius saenen

5345 1434 678 251 Adij d. 1715

3557 1682 2436 152 op antw: op u brief van gistren soo segge, dat het briefie, waer op

3550 1723 2499 190 & de prijsen genotiert sal bewaren tot u overcomptte terwijlen ue

3550 1874 2521 163 seght tengeen denderdagh noch ontrent 1s ps sult hebben, soo gelieve

3522 1958 2509 175 die mede te senden om de partije wat te vergrooten hebbe de

3542 2059 2524 202 gesendene noch niet geviliteert, dat eghter heden doen sal, twijfele

3522 2190 2586 187 nit oft u sal goet goet gesonden hebben in magh geen andre etrepu a

3560 2287 1849 208 senden als naer mijn stael u groetende blijven

3434 2433 852 219 Brussel Jan de Pore

5343 2481 761 185 Adij 2 Julij 1715

3542 2591 2509 195 ule van 22 paste wel ontfanghen waerbij gelieft te segge dat u geene occasie

3537 2689 2563 189 heeft om mij te remitteren a dat u aen wijse soude aen wie dat tellen, soo neede

3514 2801 2489 178 de libertijt van u te versoeken van dese somme te betaelen aen daeer

3547 2917 2563 176 stephano. Rousseau woorende ten huyse van mejouff. de wed. le Clere, sijn

3551 3031 2490 169 quittantie sal valederen soo oft de mijne waere iu van herte groetende

3574 3128 1608 140 blijve met presentatie van mijnen dienst

3515 3232 2522 213 B. hebbe een seerscoen sortement in perpett. van alle prijsen als oock

3540 3387 1957 200 de scoonste drogetten die men sien can in abondantien

5345 3505 593 233 Adij July 1715

3465 3540 767 212 bergen Jaques Masson

3528 3683 2497 173 ie me trouve honnore p l'aggreable vre du 24 passe, y joint les eschantillions

3548 3805 2436 169 de drogetts de retour done vous avez bien voulu marquer huit no que ie veus

3535 3884 2401 149 enveyarez demain p la barque marchande a buxelles, a l'addresse du

3533 4002 2488 173 henoj de Panne pour le chartier jan declaye etant paite dans une ballotte

6063 4072 51 105 l

3518 4135 2332 194 & marque I.M:X. il vous plaire, me crediter comme ensuit
