8365 4610
2431 195 793 161 Adij 25jannary 1714-

825 190 1137 206 Rotterdam Dionijs verburgh

948 299 2334 210 ick seer aengenamen 23 deser, wel ontfanghen daen volgens, hadde

952 422 2289 188 ue de 4 noch niet versonden & door de vorst nu beswarelijck san

929 510 2288 152 connen geschieden patientie terwijlen den agio van de banck

2162 610 244 75 geene

941 595 2328 173 soo hoogh loopt vinde daer oock avantagie bij mijn rnt

879 700 2338 206 heeft mij oock a 4 p gewesselt men is mede van opinie

872 830 2408 143 dat den agio soo wel wat soude continueren gistren, hebben

948 932 2369 138 wij hier advies van costij dat opt vertreck van den post engelse

943 1000 2278 207 brieven waeren comen die wij in langen niet gehadt hebben

929 1122 2281 215 soo de wijsel op londen valt, soo disponeert van alle

822 1270 2443 163 de goedre die onder ie sijn & gelieft mij remises op sonden

947 1331 2272 189 toe te senden, sien niet dat het anders sucken sal ter

948 1470 2223 155 wijlen N.4: & soo blijven & hier geeft men op de

977 1573 2273 152 & wel 1a 1½ ft opt staek, om die te hebben, hopen

975 1670 2312 159 ost A. noch wel 7 st haelen sal enfin doet als voor ejgen, dat

968 1790 1808 157 can herte recommandere & blijve naer groettenisse

2574 1913 695 181 Adij 29 Januany 1714

848 1912 1051 227 Rotterdam Dionys verbargh

972 2047 2227 185 ul seer aengename 26 deser wel ontfanghen dien volgens haddie

967 2119 2293 190 ul van A:E gedisponeert a 5:5 mits ƒ 2:6: refactie, op de partije

964 2268 2310 147 soo hebbe ue gedebiteert van de284 ps. a 515. ƒ 1491:- am te gendeel

956 2315 2272 230 gecrediteert voor de ƒ 2:6: refactie watN4 aengaet moght, die

976 2417 2207 212 noch wel wat bij handen, want can niet resolveren die onders

938 2525 2295 185 de 7 te laten, dat die hier hadde, soude 2 st p ps, op die selve

964 2631 2214 224 avanceren worden sterck gevraeght, soo dene es het a cotty

955 2768 2243 178 betren sal, gelieve mij te laten weeten, voor hoe veel ul mij

960 2882 2322 207 gecrediteert heeft voor N.C: om benevens u te neteren, briere

979 3016 2272 168 op londen hebbe noch niet nodigh, soo dat daer, soo haestigh niet

977 3103 2200 190 mede moet sijn, men is hier van opinie de wissel vallen sal

956 3218 2304 153 even wel, can ul tot 6e grooten ten reghte comen moghten

976 3280 2226 235 wel afgeven, mits staerde degoedere voorde brieven allse

990 3390 2246 207 met mij ne verigken geschreve u van heme groetende blijve

2676 3499 607 227 Adj 3 febru 1711

782 3560 1156 206 firerton henrij B Lagdon

963 3653 2314 223 op 8 past vraes aen ue mijnen laeste waer, mij gedrage sedertj

967 3792 2313 152 betome, ue seer aengename 23 xber lett met facture & stalen

982 3849 2153 215 van twee bals coffres N.1:2 N.1 met 60 s beste not

962 3966 2228 190 nam N:2 met 60 ditto sondername N1:2 seynen

982 4128 2229 162 aen de staelen wat grof voor de beste sonte, dogh can

967 4229 2257 178 soo wel niet oordeelen, als aen de staclen gloove

3566 205 2446 102 eghter niet ul die qualitijde, soude vermindgen, terwijlen het 31

3533 280 2484 108 bent weder blijft ontinueren, soo sal bandge, niet connen vertrecken

3556 335 2469 164 sal hoe wel gijlieden geresolveert hebt hem op 25 januarij ouder scl

3547 442 2436 149 te doen vertrecken weder gevint dienende, is niet geraetsaem om dat

3513 533 2459 163 den ys ganck te groot is & int incomen van de haevens paryckel

3538 651 2472 173 soude loopen daerom moght wel voorsightelijck daer in ageren

3414 761 2594 185 tot iu governo. onse reviere is soo vol ys, datter niet een schip neer

3539 852 2469 137 jaeren can ul maeckt wederom geene mentie van de geordonerde

3479 971 2510 123 drogetten als a die niet conde besorgen, behoorde sulckx te laten

3545 1082 2401 160 weeten bij tijdts soude die dan van andre vraegen terwijlen

3541 1143 2420 175 oorden iul tijrts genogh heeft gehadt om die e provideren, soo

3514 1274 2351 190 sal noch in afwoghtinge blijve & heeft u alle de stacken, niet

3522 1384 2454 198 connen laer cagelen, sendt even wel, die ue gereedt heeft want

3531 1499 2449 149 hebbe die seer noodigh om de andre door te setten, om dat ul meett

3519 1602 2421 185 bruyne gesonden heeft & de lighte als geordoneert mij mang uene

3508 1705 2399 145 sal oock verders, noch eenige bette coffees verwaghten die met de

3504 1813 2475 178 drogehten in eene bale gelieft op te packen ben uerwondent ul

3521 1942 2434 123 van de £70:- door mr. Wellens aen mr. allaten geremett eent

3520 2018 2479 206 niett vernomem heeft terwijlen dat wel over 4 a 5 maende

3498 2156 2459 173 hen toegesonden is, sal nu met het nieujaer erdenbongh

3492 2235 2527 229 gaen manen & gepassiert a adviseren gelieve de cognosse

3517 2362 2345 213 menten mij tijdelijck toe te senden & p naeste heeft ue

3521 2512 1410 163 remises te verwaghten blijve

3453 2632 1180 239 Amstterdam Francisco Rousseau

5246 2625 701 238 Adij 5 febru: 1714

4692 2737 86 131 @

4553 2777 105 114 2no

3516 2799 2465 181 ues aengename van 26 pasto P 42 deser, wel ontfangen bij den tweeden

3489 2943 2501 137 gaerne vernomen, dat ul de ƒ 1562:10: wel heeft ontfanghen waervore

3531 3016 2378 144 ue in sol hebbe gedebitant voor £260: 8:4 e bij den laeste hadde ul

3444 3116 2546 160 die somme in banco noch met gewisselt om dat den agio willegen was

3526 3205 2489 129 waerende a 4  laete dat aen ul goede directie, bevinde daer benevent

3518 3295 2457 189 oock  £350:- genegotieert a 35:3 ½ en waer ue mij gedebiteert hadde

3505 3378 2498 211 in fols. £618:8:4 en dat eghter maer bevinde £617:12:1 en dat geleve

3516 3563 2251 153 naer te sien & conform bevindende benevens mij, soo te noteren

3506 3591 2441 234 hebbe tot noch toe, geene brieven op londen meer noodigh, sien uk

3501 3759 2434 165 mij iets meer remitteert, als wel ie toe gesonden hebbe soo, sal sien

3502 3872 2376 140 oft op de bosse iets becomen can, soo niet sal u wederom soo iets

3503 3964 2328 207 toesenden als vooren waer in capabel ben ul dienst te doen

3486 4138 1157 168 gelieve te commanderen
