8296 4651
1016 196 2330 128 une ballot marque N:F:o 16 ps p la barque a baertrode assorteisfait

962 279 2215 149 comme ensuiten poour le queles il vous plaire me crediter

989 368 2377 189 le 26 juin 1715„ 4 sarges millieures lspines agd„ a ƒ23:10. ƒ94:-

2485 474 859 163 229d„ ƒ „ 23:10  „ 23:10

1559 481 675 141 „1 ditto brun rouge

2474 570 876 166 229d „ 24:-„ 96:-

1579 572 572 137 „ 4 ditto Jaspues

2484 667 872 170 229d.„ 24:-„ 1681-

1564 672 596 169 „ 7 ditto drapies

1987 752 1344 187 pour voiture franc jus qua baestrode, 1:4

1542 761 288 181 ƒ16 11:

2134 868 1232 197 ensenbe en argent de change ƒ362:14

971 1000 2396 150 jene doubte pas que cette marchandise vous donnera du contentement

994 1114 2303 169 puis que c'est tous de la premiere qualite, compte mons. que les

956 1186 2347 210 drapies pour advenir ne serent pas moins que ƒ24: to cett a dire

969 1314 2378 186 de cette qualite & aussij les sarges j'aspees, j'ay parle le S van

993 1420 2302 214 ost ayen, qui me dit que mons. de pettre aura en peu d'accasion

954 1515 2383 182 de terer sur luy ainsij vous aurez la bonte de me resmettre & puis,

991 1624 2382 235 que la parte du 5 sber 1714 est presque 10 mous passé, j'attandrez

966 1744 2396 211 la verte de la ditte partie, car ie vous assure que le prefit que

991 1842 2381 227 je fais au sarges n'est pas l'interest du temp en attandant l'honneur

957 2056 972 160 de vre remises, ie me dit

931 2079 2309 250 sur la bourse, ie recoif l'honneur vre a5 courant y jinture

983 2265 2218 185 remise de £40:-:- sur gubert lence, qui est accepte, & a son

973 2382 2312 193 Esseance vous serez credite vous verez que la marchandise esn

968 2496 2398 171 partie selon vre souhaitte, vre grace, me faira plaisir de me

965 2615 1543 178 remettre la Berte de 5 sber 1714 & suis

797 2712 951 259 Bergen anieas Cas

2589 2774 676 222 Adij 28 juin 1715

978 2893 2285 191 j'ay recue l'honneur de la vre du 14me courant p la quelle vre

982 3062 2366 134 grace me marque d'avoir choisie 4 ps de drogetts de la carte que i

987 3162 2322 157 vous avort Envoye avec ordre de le donner au messagier Jonardt

976 3239 2335 183 comme le dit messagier, n'at pas este icy la semaine passe & que

999 3332 2372 194 ettoit son toir du virage & que l'autre messagier, est venu presentement

981 3441 2391 186 icij jay trouve bon de vous les envoyer p luy pour ne pantdtropdardr

974 3573 2390 150 ie les ay done pacte einsemble avec vre addres, il est partie ce matin

976 3642 2375 195 & u ne doulte pas, que vous les receverez demain le soir a son arrive

977 3771 2362 177 vre grace, me faira plaisir de madoiser le reme a il vous plaira,

987 3857 900 161 vme crediter comme ensuite

953 3974 1484 167 le 28 juin 1715y 1 drogetts 9d „ 43 a 57¼

1950 4060 501 154 „42: „ 56-

1509 4077 297 125 „1 ditto

1482 4081 1894 230 „1 ditto „ 45-„ 60- a 230½ a 14 ½ ƒ169:2

1507 4257 304 119 11 ditto

1973 4248 582 159 „ 43-„ 57

1536 4347 197 103 4 110

5924 156 106 107 d

3585 205 2468 158 paijable dans la ville d'anvers en argent de change je les aij mis au plus

3583 302 2474 162 juite prix, comme on le vent argent contant, ne doubtans point quils vous

3582 413 2440 165 donnerons du contente ment, pour que cest un tres belle qualite ou ie vous

3569 546 2496 159 puis rendre service ayez la bonte de commander celuy qui fait gloire d'estre

3592 655 591 144 en tous cincentez

3471 760 1000 191 Bergen Antoine gallopin

5363 768 654 204 Adij 28 Junij 1715-

3570 931 2478 159 J'ay recue l'honneur de la chere vre du 18m courant p la quelle ie vois que vre

3553 1032 2452 182 grace at marque trois ps de la cartes de drogetts, que je vous ay envoyez

3558 1164 2490 168 aujourdhuy p l'autre messagier, puis, que jonardt a manque a son voiage

3549 1261 2499 165 la semaine passé estant pacte omsemble avec vre addresse, ne doubtant point

3553 1377 2456 149 que vous les receverez demain ausoir il vous plaira me crediter comme en

3564 1513 273 107 santen

3563 1567 1407 183 le 28 Juin 1715„ 1 drogetts g 43 - a 57 ¼

4135 1596 1919 210 1 ditto „ 43¼„ 57 ½ a 168. a 14 ½ t ƒ 121:16

4143 1764 843 140 1 ditto .„ 40„ 53¼

4052 1769 101 180 a

4113 1886 218 128 31

3559 1958 2456 160 paijable en la ville danvers en argent de change il vous plaira m'adviser

3537 2062 2528 130 la receptien a vre grace m'obligera &ou ie vous pous rendre d'autre service

3529 2183 1117 172 commandez qui est de ben coeuren

5310 2321 674 177 Adij 28 Junij 1715

3452 2305 834 199 Turnhaut Je sephus Vieqhs

3541 2423 2527 191 die aengename van gistren wel ontfanghen, benevens de 25 ps tijken Clijn strepius

3533 2563 2468 165 dat wel is maer bemercke dat ul de  3 segels hooger steet als u gevraeght

3521 2647 2500 190 hebt met eu brief van 17 apil aen mejoneffrom willemse gesoreven sijnde 5st

3541 2752 2506 180 hooger gestelt als wel toens hebt gevraeght, & hadde u genoteerde prijsen na

3545 2896 2477 164 englant gesenden, waer op de ordre ontfanghen hadde, om die vervolgens

3537 2966 2525 200 te laeten maken, soo geloove, niet oft u woort mentineren sal ggeloove

3533 3072 2447 160 oock niet, dat begeiren sende, dat aen mijne comissie gelt toe sende

3496 3186 2481 173 draghen, soo volgens u eijgen scrijven meeten de ½ diy segels gestelt

3506 3328 2531 164 eworden a ƒ9:5: a de 4 drij segels a ƒ11:1: staijvers, is d'accordt mede volgens

3525 3444 2524 153 di notitie tot enanght u seght noch ontrent de 40 ps int werck hebt

3530 3560 2524 138 van die strepies die wel begeire, dogh magh soo lanck ut aen loepen

3526 3680 2483 140 als wel de 25 ps & moeten alle sijn van 4 dragen wiet &vier drayen

3532 3751 2518 191 bleuw, gelijcke mijne gesondene staelen, oft geene, hebbe dese noch

3539 3875 2518 176 niet geisiteert, dat eghter p eersten doen sal & soo alles wel is tydt

3529 3968 2509 157 versekert van goet gevolgh sal sijn, soo van deen als van dandre

3514 4110 2524 159 souten bedancke u hertelijck van de goede sorghe gedraghen, entrens

3529 4215 2518 170 het neken, is alles ten ujtcosten wel geweest, nu versoece te weeten

3526 4320 2434 104 wat ul daer vooren betaelt heeft, om u te rembourseren a gelieve
