8056 4685
2663 233 611 131 Adij 4 gber 1712

695 193 1064 221 Gedre Louis Callebout

885 341 2400 127 op 16 & 30 sber waeren aen ue mijne laeste, waer aen mij gedrage sedert become

873 462 2367 151 beyde ue aengename van 2 & 3 passo met den eersten remise van £359:14:4

874 560 2400 172 a 123 p ten laste lours daen mendez da costij in amsterdam die is geaccepte

856 703 2431 135 & sal sien de selve op sijn tijdt ten beste te vernegotieren, waer aen schere

873 784 2397 175 ijck sal moeten verliesen, soo die penninge in cassa sal hebben vrent

876 900 2370 143 ue rek met vader sal: gecrediteert voor £110:18:7 & sal de resterende

849 970 2421 217 £248:15:9 aen ngouff. de wedul Joannes Claesens betalen volgens ue

880 1104 2267 181 noteend voorders, sal de rek courant verwachten, sien dat de netto

853 1240 2428 164 procedido maer en bedraght rit: 1226 ¼ het goedt was in swila verkoght

861 1350 2417 168 op 2 maenden tijdt, daer soude noch al eenigh verlies op vallen het verlie

857 1469 2382 152 compt van alle canten in plaets van avans dat sekerlijck slechte rek

854 1568 2416 183 maeckt patientie wat den vrede aengaet Englant is met de twekros

862 1694 2367 170 nen d'accons, dogh wiltden vrede evenwel niet teeckenen, ofte haere

845 1824 2408 164 gallieerde maete mede vergenoeginge hebbe, soo men seght de engelse

859 1934 2377 161 schepen varen vrej sonder convoy, met een behoorlijck france pas,

849 2051 2343 152 ponb soo wel naerhollants als naer andre plaetsen de gallieerde

880 2098 2351 208 hebbe dese campangnie meer verlonen als se wel op drj voorige

870 2273 2362 129 geconquesteert hebben men twijfelt niet, oft den generalen vreden

850 2379 2287 154 sal desen winter getroffen worden, & men seght dat sijne heterlijcke

843 2441 2396 205 mayestijdt int cort tot brussel sal gehalt worden als hertogh van

845 2542 2333 145 brabant godt wilt geven, dat wijeens een eijnde van desen bloedigen

877 2646 2407 184 oorloogh mogen sien de landen sijn hier alom geruineerd & uyt geprt

863 2751 2421 176 het gelt wort over al seer schars & alles vergaet, soo eenen lanck durigen

852 2853 2364 183 vrede issen wel nootsakelijck uu ceu familie groettende blijve met

868 2936 909 170 affres van mijnen Dinst

686 3023 939 198 brussel mey: booremans

2606 3067 621 157 Adij 4 gber 1712

888 3189 2366 176 neme de libertijdt van met dese hier ingeslote aen us: te senden drij

881 3269 2391 179 quitantien eene van sestigh guldens eene van vijfrigh guldens, & d'andre

864 3400 2385 159 van twee & rijstigh guldens sis & naven stuyvers sijnde alle ten laste

835 3465 2451 175 de stat brussel & verschenen 11 & 12 gber 1711, soo als dese sullen betaelt

869 3595 2417 150 sijn noch een volle jaer intrest ten achtren blijven worden om desen

863 3712 2417 142 tijdt altijdt betaelt, soo dat niet twijfele ofte sullen prompt voldaen

864 3804 2375 132 worden verhope ue niet te disobligeren, met dese mijne impontiene

850 3884 2386 166 comisie waer in  van gelijcken dienen kan gelieve receproquelijck

851 3989 2381 161 liber te commanderen t'sal mij aengenaem sijn mijn selven, met

868 4076 2292 167 & ordres vercent te vinden, de bale drapeen is nu aengecomen

880 4197 2291 148 sal u de geteeckende stucken, toesenden, soo dra ockasie sal

907 4305 2264 110 hebben, om de groote bale maer te openen naer Cordiale

3575 194 1167 151 groettenissen blijve van herben

3836 283 793 140 Eone quitantie van

5115 283 315 205 ƒ 60:-

3847 388 489 137 Eenc. ditto

5129 467 279 122 „50:-

3849 497 456 183 iene ditto

5139 531 425 137 „ 52:6 ½

4282 568 1273 261 samen in courant gelt ƒ 162:6 -

5457 694 581 199 Adij 5 gber 172

3473 710 685 183 Lenden Hamiston

3546 851 2375 146 op 2 deser was aen ue mijnen laesten daeght daerna become ue seer

3539 954 2483 167 aengename van 12 pass met remises voorst£400:- in twee brieven

3551 1049 2443 159 eeven  £200:- ten latte thomas Ray tot ostende, & eenen van

3541 1153 2462 164 £ 200:- op Jaques hebins tot gent, beyde in antw: te betalen

3561 1239 2464 173 op 2 uso a 34:8 4 34:9 et die voor mi om acceptatie gesonden hebben

3518 1362 2507 168 & betaelt sijnde wert ue daer vooren gecrediteert bedancke ue hertelijck

3535 1506 2459 106 dat gemijn netiest soo wel waer hebt genomen sulx animeer

3535 1577 2351 142 mij seer, & soo haest de wissel weder favoratel sal sijn, te

3541 1644 2423 143 remitteren oft op my te laten trecken sal met wat meerdere

3525 1748 2311 198 partijen doen. nu moete maer geoeten van den excquier

3541 1869 2399 168 tegens 3 pc in plaets vn 6 be soo voor iu vnboursement

3536 1957 2425 140 van den retterenden tijdt heeft ue de andere 3 in hadde

3531 2090 2497 146 de penningen op 9 julj in den boleijnde geleydt & op 17 octon

3522 2196 2496 143 geremitteert soo retteert aen mij goedt te doen 3 maenden 18 dan

3537 2282 2497 145 tergens 3 p p annem soo versoecke de vekdinge dae

3541 2384 2471 136 my toe te senden de selve belattende met ue provisie & mit

3525 2509 2426 127 het  tt couragie an den xaquier om het conform

3530 2608 2107 150 te sluyten ue afwagtinge blijve mar groed wisse

5400 2692 553 169 Adij 5 gber 1712

3356 2702 927 162 twerton Bere & Cneckmarch

3555 2812 2432 138 bejde ue aengename van 20 sber pas wel ontfanghen bij de laeste siende

3545 2947 2423 134 mijne remise van s £200:- op John Coupe maken is geaccepteerd voorders

3541 3018 2486 117 in antwoort op de sarges, daer soo menigh mael oaergeschreven hebbe, segge

3542 3098 2439 155 datter ontrent 60ps van de tweede soorte sijn, soo van twee star toree schulp

3562 3215 2431 150 en andre een se halp meest sonder perse, waer van op ontfangh der selve u

3535 3280 2490 181 kennisse gegeven, hebbe, sijn van de lichte cosse, &' blijven hadde, boenten

3526 3374 2505 176 tijdt die voor de schulp geopend voor mijne coopers, & bevonden de twee schulej

3533 3504 2479 132 grevve stan daer opgeslagen, & bij allen dat noch soo clocht sonder perse, dat de

3537 3595 2488 121 coopers die niet besien vrouden hebbe eenigen tijdt daer naer dier noch waren

3536 3714 2493 149 bij een gepackt, & sijn tot nu toe blijven staen, soo datter 3 blijne baetiene

3532 3781 2481 119 sijn, & noch eenige lossen hadde op 30 meij geordoneent 30 sarges schades

3523 3889 2509 174 van de schulp, om d'andre nochte sien doon setten & ue heeft die ordre niet

3529 3972 2488 190 volbracht soo is ue de schult selver, datter soo veele by sien, hebbe voorle

3529 4052 2466 209 de jaer dere courant voldaen sonder mijn preeditie vande voors

3529 4165 2480 211 sarges & ben niet meer gesint, mijn gelt te rembeurseren voor goedren

3524 4244 2424 168 dien niet verkoop baer sijn. van de beste soorte soor synder veele
