8392 4651
2690 238 617 161 Ady 28 April 1714

904 231 1134 207 Brugge Henrij heydon

1042 382 2241 182 op 24 deser, was aen ul mijnen laete sedert geene dan ue, desen

1039 486 2265 143 morghent, hebbe becomen de bale N.32, met de 32ps. drogetten ede

1049 599 2291 133 selte geopent & met groote dertondeinghe besonden van differende

1050 666 2219 170 soorte a sonder perse ordele diu allanck bij gehat hebt daer sjn

1042 769 2223 164 14 ps van de ordinaire breede qnoch tamelijck van perse

1026 884 2273 189 uyt genomen, een stuck oft drij de andre 8ps. sijn van breede

1024 978 2313 162 & qualitijt gelijck die crijge van englant t a 16½ ¾ & sijn geheelt

1040 1070 2278 180 sonder perte & seer draet schijndigh der habben ben niet gesint die

1046 1215 2180 163 te aenveirden als gescrete, tant iu heeft die voor de beste

1007 1284 2312 201 fijne voorgestelt besende oock niet een stack met de gaerden

1003 1402 2290 217 getaekent soo dat alles int vilt is ais geen maniere van

1036 1479 2154 227 goet te senden, ick sal uyt suesen die mij aenstaen a Jande

997 1611 2337 178 rnest, can u disponeren tot u goterne gelieve te later welen

1018 1704 2273 194 aen wie d'itirige stack sal behandighen en afstaghtinge

1030 1866 1202 160 lijse naer groetenisel

2483 1905 783 203 Ady 4 meij 1714

930 1972 970 157 Turnoutt Jan B Robert

1038 2062 2258 142 betde ue seer aengename van 29 past. 82 deser wel ontfangh

1034 2161 2215 126 bij den laesten notirie van de puijsen waer vooren m

1050 2241 2257 163 mij de tijken soude ooesende, dat niet besteden magh st

1042 2340 2251 181 ka want hadde daer niets ij profiteren & negotie lender

1044 2421 2235 180 avance, is noet aengenaem, wlt ue de gevraeghte lieven

1046 2536 2261 183 als aen den voidt deser, seert by prfitie de 100 ps. toesend

1033 2615 2080 196 de andere daer naer, gelijc e schuijft ben te vrede

1029 2696 2262 224 dershalven sin de tijken te gemoyt, iut wel mantwoodt

1007 2842 1058 162 Blijve ne groetenst

1208 2934 1192 140 10 p groot lost a ƒ 8:2

1218 3016 1219 164 20 groot loot „10:2

2091 3131 358 109 „10:2

1241 3119 567 147 20 3 segels

1230 3209 1212 166 25 2 segels . „ 12:10

1370 3320 1073 151 ½ groot loot  „ 12:10

1245 3365 265 117 234

1246 3439 304 151 1001

1081 3476 1881 256 alle  wissel gelde meer laede niet besteden

1051 3617 2079 242 & ue laide moete het alderbeste goedt senden oft geen

5480 215 515 149 Ady 5 meij 171

3539 210 782 179 Brugge herry Heydons

3565 351 2416 109 ne mesire van 28 & 29 pasto wel ontfanghen en antwoordt om met ie geen quettie

3569 421 2401 148 oft dificultijdt te hebben soo sal de drogett behanden dat andre niet doen soude

3549 492 2457 163 om dat niemant van de sleghte soorte onder de bette aen deirden soude gelijck ul

3573 608 2352 128 met mijnen jorighen genoteert hebbe wat aengaet ie seght de 316 en pops

3553 681 2408 131 voor dressing apressing and packen een ider gessoon tijdt in rek: te brenghen

3557 770 2448 138 kan wel gesonden worden, als ie die dan minder in prijs steldt maer dat sijn

3532 849 2492 175 de manieren niet die men present prachtiseert & soo lanck genegotieert hebbe

3558 957 2432 125 is mij noyt sulckxx voorgecomen,  hebbe u de tolle warde wel, willen geden soo

3550 1086 2451 123 gelijck van andre become sijnde dese goedren anderdaet sleghter als van andre

3560 1183 2444 123 gehat hebbe voor 17 ½ & te gdij e moet sigh wel laten voorstaen dat noyt met

3562 1271 2430 131 eenige van mijne corespondenten, eenigh verscil gehadt hebbe & hebben oock noyt

3559 1336 2510 140 reden gegeven, pom eens, dat van ue goedren vrage mij te willen carageren,

3562 1475 2421 97 al oft noiyt goedren, gesien oft gehat hadde & dat ie facture examineerde, heeft,

3571 1542 2417 122 mij wat picantie ingesaeght ten, eersten, om de dressing a pressang and. packen

3556 1627 2451 142 ten tweede, om dat sien dat ie de witte saye fardesure teldt a 36: daer van

3548 1740 2517 145 andre die hebbe a 33 p &kens soo fijn als diue die iae gelijck een hop saeken

3561 1817 2448 160 sijn ten derden noteerdt u de geird opt lijn sotie, velle, sijn daer af soo

3563 1903 2445 165 dat niet weete de mate ben genoont datter een papentien opgenayt is sdaer

3550 1992 2507 149 de gdy op genoteert vorders hebbe alle deroiren gedaen, om de re van de 9d

3564 2103 2438 127 uij tesinden, dat eghtery niet heeft willen lueken met te facture Want volgens

3562 2194 2510 158 mijn caleulatie souden die meden, als aen den goet deser sijnde 3½ gdituer

3535 2280 2473 146 Prejuditie, dat gelieve naer te sien & mij volgens u besinden noteren sal ue dan de

3541 2392 2479 143 weirde op costy remitteren egeliere mede te segghen aen wie de witte saye fardeert

3543 2476 1438 145 soude behandighen in afwaghtinge blijve

3847 2579 771 149 1ns. drogett. 9„ 48 ½

4337 2689 271 115 „47

3833 2693 127 143 16

4322 2830 258 150 3

4448 2951 131 109 42

4320 2989 303 168 „52:½

4441 3133 156 106 53.

4318 3222 287 122 „53:-

4441 3314 157 98 42

4319 3398 249 121 „48

4431 3474 220 136 48¾

4444 3581 217 112 47 ½

4446 3660 111 105 49

4442 3732 183 102 47-

3656 3771 96 121 6

3834 3800 95 100 1:d

4431 3799 193 125 46½

3870 3877 90 93 d

4421 3900 154 124 44

4439 3986 137 107 47

4432 4072 134 103 49

4440 4141 183 119 42½

4426 4227 126 98 48

4450 4293 91 77 4

4466 4347 105 97 4 d

3797 4317 265 161 22 pd.

4241 4335 86 147 91d

4443 4411 166 68 61½
