8118 4658
885 172 1951 174 cantiens aen sijn, begere soo wel eene bale van 60 stucken

2026 262 1172 213 8 olves niet breynder maer wel eenige

2099 397 635 102 iets lichter blosent

2047 436 1200 159 t gemengelde coffees naer het onderste

2092 530 367 124 staeltien

2073 600 1026 145 2 geil schades precies, oft geene

2055 669 454 132 1 blouditto

1905 773 1231 187 a 15 none sell 4 els in one bale

627 915 1150 209 twerton Henrij blagdon

2577 922 660 181 Adij 10 xber 1722

865 1083 2342 114 op 9 pass was aen ue mijnen laeste waer aen mij gedrage sedert van ul

865 1150 2364 107 niets vernomen, soo saldesen principaeldienen om ue te versoecke van

871 1239 2368 116 op ontfangh deser mijne ick courant toete senden, vermits het aen haest

859 1317 2412 146 geeijndight is, & dat gewent ben alle garen, met mijne vrinden te sluyten

867 1392 2320 159 der halve, sien de selve te gemoet, gelove niet, datter in een maent

871 1486 2374 123 oft drij schepen, van costij sullen comen, omdat hier alle de ma

855 1578 2406 170 gesijne gevalt sijn en geen debiet evenwel, gelieve te laten weten

887 1676 2266 173 hoe het costij gelegen is ue van herte groetende blijve

2455 1777 735 163 Adij 19 xber 1112

697 1793 748 159 Amst. franco rousseau

862 1897 2308 204 beyde ue seer aengename van 6 sber & 15 courant sijn mij opluet

861 2016 2321 162 beoorlijcken tijt wel gewordenn den certten is soo lang bij faute van

873 2169 2349 138 materie enbeantwoordt gebleven, & het den laesten ontfange mijn

868 2270 2356 114 rek courant die hebbe naergelven en d'accordt bevonden, ot genome

873 2342 2289 158 een Clijn eireurtie aom de courtagie, ue stelt courtagie a 1  nil

819 2441 2293 146 van £V1.1431:9:17 £1:15:4en en moet maer sy £ 1:8:7

825 2567 2337 162 dat versoecke nochmael gelieve naer te sien, & twijfele niet oft ue

850 2647 2336 194 lalt alsoo bevinden voordert gelieve op ontfangh deser te laten

867 2741 2308 210 wieten hoe ue dat op de ick sal passeeren om benevent ue de

850 2885 2327 164 selve te sluyten, ben mede geneoont alle jaren mijn breesten te

866 2982 2271 193 effenen, verhope en het toecomade nn jaer meerdere partije

832 3100 2355 149 te doen, sooen maer de minste avantagie a costy te behalen sal

877 3211 2285 150 sijn, bedancke in hertelijck voor alle in offres van dinst & sal

846 3326 2308 149 ooc niet naelaten met occasie daer van te profiteren, & toonen dat

874 3433 661 136 reciproy gelijck ben

838 3514 587 135 londn 3424-

847 3606 537 131 Cotty ½

2487 3641 756 217 Adj 21 xber van

862 3687 539 166 Lour 4¼6

650 3791 994 196 Brussel merrijff Jankens

890 3821 2366 237 in gevolge pordre van dheer nicolas van den berge van halle, soo hebbe op

872 3957 2355 197 gisteren op ue getrocken leven & viertigh gponden tleven schellingen wissel

880 4108 2311 148 gedt masen ƒ 285„- sijn de te betalen an dorde van heer Jan

886 4190 2295 170 michril melijn, die versoecke te verceren, & desen ingesloten te

895 4273 2333 145 versenden left mij ten wjtersten verobligeren & waer in capabel

3527 192 2481 134 ve ul eenigen dnste te dra gelieve te comanderen die nar cordvale

3530 252 793 145 groetenisse blijv

5270 293 731 149 Adij 21 xber 1712

3377 320 1001 165 halle nicolas van den berge

3528 422 2475 151 ue seer aengename van 3 deser is door mijn broeder Pedro mij wel behat

3502 523 2412 172 dien volgens, soo hebbe op gisteren getrocken op meious. Jansens de

3525 594 2421 192 gementioneerde seven a viertigh ponden thir schillin, en wissel gelt

3521 713 2472 161 makende ƒ 285:- waer vooren uls ten dancke is gecrediteert voordat

3504 823 2464 142 soo hebbe wederom ick stucken sarges coffees uyt een baeltien wijt

3509 858 2490 262 gesoght de bette, & die aen dien seyde geleght soo dat nu maer en

3524 999 2422 180 verwaghte d'eere van in ordre, om de selve te versenden. moete ul

3505 1114 2477 167 seggen, als dat gisteren wederom brieven uwyt engelant hebbe becomen

3500 1186 2514 197 die noteven, dat de lacps alle dagen meer & meer monteren dae sijn al

3514 1307 2490 190 reede soo verre gemonteert in priys dat die staen te coman aen ons

3522 1445 2485 154 ƒ 22:- p ps sullen incot ten aldernausten geresient soo gelieve

3523 1528 2471 155 ue meseres naer advenant te nemen, & soude ue raden van present

3527 1625 2424 130 eene sprovisie op te doen, twijfele niet oft ue salt mij daer naer

3529 1701 2486 144 danck weeten, & waer in ue dienttigh can sijn gelieve te comanderen

3514 1806 2388 188 du naer cordiale groetenisse & met affecte blijve, mot menschonge

3514 1884 2461 194 van een aenstaende saligh hooghtijdt & geluefe nnjaer aen ue

3497 2028 738 173 & gehule familie

5381 2024 563 165 Adij 22 xber

3345 2121 997 193 geesbergen ant. van opbroeck

3526 2203 2461 171 op 15 x ber lest, wat an ue mijne laesten waermede noch mael versoght

3506 2322 2440 164 hadde, van het restant tgeene in mij wet sclholdigh s toe te senden

3504 2385 2454 179 sedert vanue niets vernomen alhoe wel vernom hebbe, dat ue de

3522 2476 2491 186 regotie gequitteert hebt, que som daer in gestelt, daerom verwaden

3521 2590 2494 142 mij neelh meer, dat in tot nwel toe mij niet voldaen en hebt verclijcken

3512 2695 2408 156 ewijde doen, soo haest als bij gelint sijn de negotie te quitteeren

3494 2785 2514 153 dat bij hunne crediteuren betalen hebbe die bode schallier gesprosien

3457 2908 2558 144 du seght gen ordre van ue heeft ii te betalen soo comant des

3515 3006 2462 184 nochnacl versoecken n  rest te sade het is see sleght dat

3512 3111 2495 155 ue on soo een bagatelle aie & mij soo veel noeyte dont doen

3512 3223 2447 153 ick verselien ue dat lelse tot geen reputatie va en eerlijck

3500 3330 2492 154 ma is, derhalven versoecke p naeste my het voors restantie

3515 3476 2358 121 toe te senden, on alle voordere nisie te evisteren blijve

3522 3552 1044 175 na Cordrale groetenissen

5174 3546 780 202 Adij 28 xber 1712

3343 3641 875 217 Brussel Cornelis le fays

3481 3692 2515 196 ue seer aengename van 24 dser wel ontfangen wae bijsienn dat ue aen antd

3497 3856 2440 144 tousse aue heeft getelt twee hodat guldent ussel gelde, hij heeft mij inde sulx

3499 3914 2475 136 later weete, soo hebbe ue rek. daer voore gecrediteert voordert ue versoeckx

3501 4019 2434 138 te weten hoe veel noch retteert te betalen tot flet vart jaer g711 dat

3512 4133 2466 149 naer gelden hebben  bevinde dat het is ƒ155:10 wissel ges £25:18:4

3522 4258 2276 145 dat gelieve naer te sien twijfele niet, oft en salt alsoo bevindn
