8214 4651
698 180 773 145 Amst Srancisco Rousseau

2621 177 703 142 Adij 3 xber 1715

874 281 2462 94 ue mij seer aengename von 28 xber lest 1714 op sijn tijt wee ontfangen, dar

861 377 2449 126 benevent de nota oan mijne ick. courant waer bij mij was comende

826 462 2484 107 £7:179, dat d'accoort bevonden hebbe, & ul op mins rck voor de

855 567 2343 114 selve gedebiteert by faute van occasie is ul voors soo langh

873 678 2450 125 onbeantwoordt gebleven heden op de bone become een wissel brief van

823 743 2481 145 dheer steph: rousseau van 7 pess op 4 wesien dato aen d'ordre van mons.

842 872 2417 119 Johan Bacques Panwinger Jen latte malyull. Schaephuysen a cotty met

857 946 2455 115 ordre van den selven alhien te vernegotieren soo niet dat den schenm

846 1045 2483 141 ul: toesenden saide, voor sijne ick & vermits de wissel op cottij heden sen

847 1142 2452 129 slep is geweest vale brieven & wijnigh gelt a 3  oock issor wijnigh

863 1238 2458 139 oft niets genegotieert soo ist dat delen wissel brief ul: hier bene vant sende

860 1315 2471 136 voor rek van dheer ue broeder voors versoekende het noodigh te besorgen

824 1406 2210 177 aen hem den ontfangh t'advisere, als mede aen die blijve

2859 1467 194 110 me

827 1500 2468 169 den wissel brief is van ƒ600: in se. brief vwaer van den P. onder ul. is

861 1615 459 131 benftende

2531 1619 410 174 Adij 3 d

729 1672 640 208 brugge Coppenolle

861 1768 2403 185 beyde ue aengename van p & 2 deser wel ontfanghen, met den eersten de

851 1880 2474 145 oncost rek van de 11 ballotten die sal naer sien,  vervolgens ul versoeck met

816 1996 2431 134 den laetten, sende hier benevens de 5 certificatien, blijve met haette

2590 2079 619 159 Adij 3d: 1715.

655 2110 891 172 Brussel Stephano Rousseau

806 2142 2317 199 J'ay receu l'honneur de vos aggreables du p &2 courant, p la preuvere

832 2264 2339 207 J'apprend l'heureux accouchement de ad vre comp. qui vous a fait

820 2367 2355 148 papa dune fille, dont ie vous en felucite, & jespere que dans un anne

854 2464 1381 177 djcy, elle vous ferara pappa d'un fils

863 2535 2382 202 p la derniere vre grace me remette une lettre dent la premiere est

851 2621 2436 184 accepte chez mons. vre frere a amst ettant tire de vienne pour p 600

842 2726 2455 166 bancon le 7 passe a 4 semaines de date sur mons. Guill. Schaephuysen

825 2808 2466 171 d'amtt ie n'aj pu negotier la ditte lettre a cause que le change danck

867 2918 2480 144 est a tomber, & quil y avoit des lettres en abondance, & fort peu de largent

845 2986 2457 171 a 3 se ainsij j'ay trouve bon de l'envoyer a amst a mons. vre frere

866 3097 1929 168 ce que jay fait, il vous plaira discharger mon compte

864 3170 2406 204 ie ferrez honneur a vre traitte de ƒ800:- de change (faveur de

849 3267 2354 210 mons: nicolas hentogh, & vous peuvez disposer en tous occasiens de

2648 3354 641 146 Ady 4 xber 1725

653 3431 798 195 Brussel wed: borremans

879 3456 2462 258 ul: mij seer aengenam van gisteren wel ontfanghen, daer benevens de stale

872 3579 2478 177 van de larget, drapee als droogetten te rwyge, oock het baeltie met gesal

883 3679 2462 212 van de sarges heeft ue geene geslolen waer van verwondert ban ter wijlen, dat die

856 3811 2474 172 couleuren a costij het meeste gevraeght woorden hebbe van de gejaspeerde geene

865 3898 2397 150 andere, wij konnen die niet ontbrede ot moeten meer cotten als de andere,

857 3966 2456 181 want geven daer gelt aen toe, & dat is geene negotie. ue heeft het baelt ien

831 4073 2514 158 . 28. met 10 drapeen gelosen, bij aldiien die a ƒ23:10 laeten soude safele

861 4159 2468 154 niet, oft ul is genoechtaem, geinbormeert dat de drapen gemonteert sijn

832 4244 2513 204 & meer scosten dan de larges, ick segge ul bij waerheyt onder de ƒ24:

3542 189 2502 89 kan gelaetn woorden dat mindere qualititn hadden sende ul: gaerme bediene

3535 253 2502 125 a ƒ23:10: voorders ic heft uyt ider baeltden drogetten ½ps. gelolen geloove

3530 332 2461 98 niet ul pretenderen sonde, om 8ps. twee balen ider van 20 ps: daerom

3515 404 2528 105 te openc, eghter sal die voor duk bewaren, & wel aght nemen dat het grof p

3518 483 2355 120 iet ean panvertie geteckent ue niet sal toegesonden worden maer oe

3528 588 2291 126 reghte stucken die ue geteekent heeft waer op mooght vrrouewen

3510 639 2510 164 ick weeten iet, wat stalen ul senden sadde, van mede couleure saqie ten

3523 723 2496 127 ware us voorderen eplicatie gaet doch volgens uk: versoecke sende aen

3513 830 2474 146 ick: hier benevens vier staelboecki van coffees, vant claverblat

3497 896 2451 200 ƒ 23:10 sijnde seer schoon & goedt goedt lanck van mate gelijck ul

3514 1017 2511 129 gehadt heeft, & ondervonden sal hebben die gelijcke soorte is niverans

3511 1121 2493 133 te vinden vermits die fabrreateur voor mij geene genoech kan maen

3510 1204 2445 126 eenige baeltiens ue daer van aenst aende versoecke ue ordre als

3502 1265 2503 138 mede ontrent het baeltien vaneen & soo mant om de drogutten becomen

3496 1357 2488 169 kan gelijck verwaghte sal die dan noch wel mete senden en tyet

3497 1446 2388 179 gerut sul. geteckendese ucken, ul geworden tullen vl antwoordt

3497 1554 1441 151 afwaght ende blijve naer groetensse

5323 1543 619 182 Adij 5 sber 1715

3382 1648 701 172 Tweten Eenrij Blaydon

3515 1709 2528 191 op 18 pass was aen ue mijnen laetten, met ordre voorde voordere drogetten neer mijn

3510 1854 2449 98 instruotie van 4 pass ditto als met voor 60 sacges, bette coffees met name & 20

3506 1930 2516 159 perpet. te weeten 5 sƒs. a 48„ 3. 5d: a 42 13 &10 d a 38 . dat met desen

3525 2038 2415 119 noch mall confirmere. voorders wille noch wel een bale van 60 ps coffaes

3513 2106 2524 151 sonder naemen a 31:6 en dogh ue moet wel leste dat se niet gettrent, oft gepleckt

3505 2210 2512 119 sijn, oft van twaedeley couleur oock moet de selve wel laten persen hebbe van

3520 2321 2493 102 differente claghten gehadt dat ue de qualit ijdt vermindert, & dat de stucken

3506 2377 2499 165 hunne seingde niet en hebben gelijck voordesen ick wel wel teggen soo ue

3497 2477 2554 135 het goedt 11- qu'alit ijet vermindert de reputatie vant selve verloelen sal ick

3493 2594 2414 129 kan vant goedt soo veel noet meer maken als voorelsen soo dat

3513 2662 2474 165 wijnigh dar bij aen valt is soo moedt ende beste stellen a 35:95¾

3497 2752 2431 133 & die sonder haem a 31: 6en. hier aen den voedt deser heeft ue de nitto

3513 2832 2531 133 notitie vant geene, besorgen moedt om met bvings te versenden recomander

3500 2937 2468 130 dogh van het alderbeste goedt te senden sorteert de gemejne coffees wat

3510 3037 1628 137 dat se al wat verschellende van couleur sijn

3505 3105 2506 187 ingesloten remitteren ue st £60:- op pit rouella de vlreger & son waer

3521 3218 2519 118 voeren het noodigh gelieve te besorgen & den ontfangh deser t'adviseren

3517 3338 2493 127 ick bee godt danck nu ee wijnigh erstelt, soo schecke met den eersten

3510 3401 2514 201 ordenborgh te gaen spreken over ue affaires, & 'tgepassent sal ue advien

3751 3527 1608 153 40 drogetten naer d'ordre van 4 sber lest

4074 3605 1957 133 60 beste loffees met name na dordre von 18 gber lest

4054 3722 1923 108 60 ditto ordinaire sonder naer naer dordre van heden

4335 3812 1634 185 20 perpet. naer dordre van 18 gber lest

3731 4012 1159 145 40 drogetten 120 sarge & 20 perpet

3473 4060 2498 149 sed naert schrijven deser become ul aengename van 12 pas ik: heeft wel gedaey de

3533 4172 2424 137 maker van de grogett en mijn brief gettant lateert ster hant gestelt hebt heft die nan

3513 4254 1755 115 sijn 5 linmen sal mijn ordre dan wel komme obseveren

3530 4277 2427 152 voordes sal de lighte & de doenckere offus verwaght dogh recomandere dat se

3523 4395 1809 76 alle verschilla soo int light, as int bsfijn, tot te maeriykt
