8385 4658
2647 579 642 190 Adij 12 meij 1714

918 577 1130 205 Tsaton Bereleneckmarck

1034 721 2261 150 Op 28 past. was aen ul mijnen laetten waer aen mij gedrage sedert

1012 831 2255 99 becomen de geerde van 17 post ditto waerbij sien dat u geordoneerde

1031 910 2277 127 drogett. drapeen niet sout connen versenden dat eghter welgewenst

1027 996 2249 145 hadde om dat mij die manqueren het sijn drollighe concesten

1022 1055 2302 148 &an de schepen, soo schielijck op, malcanderen, te doen vertrecken

1019 1184 2272 135 maeckt dat wij onse mesures niet connen nemen, geloove

1048 1294 2180 169 niet dat clrings sal sijn vertrocken ghope ie noch eenige

1046 1371 2270 171 drapeen senden salt al waert maer een pack van 40 ps de

1018 1480 2294 157 draps moeten sijn gelijck dese ie tre gesondene staettiens sijnde

1042 1563 2259 175 naer u staelboeck N.19: 21 de osyden, als gescreven  iet dit

1039 1685 2270 147 ingesloten staet is seer schoone & goet sal wel eenige goedren

1037 1811 2297 119 ordoneren, om met Band je versendene dogh moete eerst sien wat

1044 1877 2189 149 mij manqueert het is mij leet genoch, dat somwel blaghten

1038 1963 2149 164 aen ul doen & gijleeden cont wel afmeten dat sulckx uyt

1039 2054 2155 201 plaiser niet gedaen mortgalt geen reden hebbe sult noyt

1039 2152 2129 215 repliqueren hooren, wat aengaet ontrent u seght de 4

1029 2277 2214 138 lighter royaeles tot a dispositie geensints wilt aen nemene, ben

1043 2338 2260 174 seer verwondert, wel maten wij dan van ue goedren aenverden

1156 2482 104 59 niet

1038 2471 2342 120 die naer behooren geconditioneert sijne ate vreden sijn et accepterte

1041 2575 2271 136 al wat gij sieden sent, dat waer len nieuwe prattijeke inde

1032 2630 2339 215 negotie, ick segge dat die gis noyt voor mijn eijghen aenderden

1040 2800 2203 120 sal dogh sal die voor ue vercoopen soo mogelijck isa doen,

1048 2853 2184 169 als voor eygen, gijt: hebt wel gesien dat dese geplechte mij

1049 2966 2294 166 niet connen dienen, soo hadde die niet moghen senden & terwijln

1059 3059 2267 159 ie wilt seggen, dat het persen een couleur souden crijghen wel

1053 3192 2296 130 waerom is dit a costy niet geschiet hier connen de luyden de sarges

1052 3287 2268 128 niet op doen naer behooren &ick soude die pt voor mijn tisics met

1047 3380 2256 182 laten erpersen v oordeele noch beter te sijn de seve te vercoope

1047 3476 2280 189 gelijck te sijn a groete u van herten ablijve in hope ue noch

1055 3586 1739 133 eenige drape, met ewings sult connen senden
