7947 4644
849 164 2418 93 soo dat schilt ƒ9:9: ue heeft mij voor desen wel geschreven, dat de cromisen die

851 235 2421 148 goederen voor meerder wilde aengegeven hebben, dat ongesondert is want sij hon

840 339 2406 135 nen het reglement van sijne maijestijdt niet bedisputeren, hebbe den tarif

821 400 2453 149 hier biy mij, & vervolgens gereguleerd & bij alle dat sijn die goederen noch soo

832 506 2431 151 veel niet weirt als wel aengeven hebbe om geene rusie te hebben vant dat de

839 583 2384 143 komisen ordeelden, dat die meer weirdwaren sij hadden die maer op de weirde

840 680 2423 167 maer conen aenslaen tot u governo bovendien ue macht de provisie oock

831 763 2438 178 alwat teswaerd voor de baeltiens 842:  177:173:178 behoorde ul voor

825 844 2443 206 eder maer ƒ 1: 4 ge stellen omdat die lijn sijn & eerwijnige stucken in hebben

815 928 2400 195 soo gelieve die posten te verandren, & een nader rek tesenden en blijve

680 1058 777 139 Dermonde Piere de Baut

2559 1090 650 128 Adij 13 arg 1212

823 1161 2401 173 sende aen ul heden p beurtschop een pack gemarckt I:B:2: om te

829 1277 2357 155 volgen d'ordre van mons Jan B Colivver van ath sijnde doorgh & wel

832 1338 2438 166 geconditioneert, & de vraght & andere oncosten allhve betaelt soo branco van

819 1490 2306 121 alles naer soo danigen ontfangh versoecke van het noodigh te

826 1561 1519 159 besorgen, & sult verobligeren die blijve

2608 1592 599 151 ƒ714d: 1212

655 1664 750 131 Ath Jan BB. Colivre

827 1715 2421 152 j'espere vre bonne retour chez vous celle pour vous dire, que jay envoyez

779 1848 2442 153 a hier p la barque marchande de termonde le ballot marque: B

806 1947 2442 144 & addresse a piere de baut selon vrvordre ansi il vous plairn procurer

823 2064 2433 107 le necessaire, j'aij aussij payez tous vos assignations. avec les quilles

825 2136 2367 142 selon vre notiée que vous avez eu la bonté de me donneer les trois

830 2245 2396 123 mil frans sont avitte ie ne doubte pas que vre grace le trouvera

831 2332 2433 155 aussy dacord, le 1: de la Croiit at ordonne a min frere can q

806 2475 2333 104 de me payer deux cent florins, anne ie vous plaire de me

840 2544 2280 149 renvoyer in aslignation, & sil en cas quil vous donne en cen

815 2658 2334 154 quelque argent vous aurez la bonté de liuy donner quittance

818 2746 2328 131 man frere Piere meyn, vous envoyere la reste du compte ou ie

827 2842 2261 162 levis capable a vous vendre d'autre service comandz celu,

817 2969 1013 165 qui est tres cincerement

2436 3005 701 193 Adj 17 augusty 1713

871 3070 447 168 Jan de Linder

644 3074 137 177 hier

2949 3198 75 75 M

837 3164 2356 180 sende aen ue heden gwagens naer noen een packie met ul addres inhoudende

827 3317 2387 132 twee perpetaanen aen meoaff ul: liefte op 29 pasto vercocht  volgens haer

822 3387 1999 161 ordere laten srent verven, soo gelieve mij te crediteren voor

1063 3470 1160 146 2 rovw dritten perpetuanen N7

2374 3453 723 186 aƒ 40: - ƒ 80:-

1040 3530 2134 189 verschaten voor het swertverven & persenen wilssel gelde.. „ 12:12

2390 3679 795 175 samen ƒ 92:12

837 3767 2382 163 en rissel gelde twijfele niet, oft ue sal daer ten uiytsten voor vernoght sijn, want

824 3846 2448 185 de stucken verloonen chien nu geverft sijnden beet fijnder & soo ue noch eenigh van

810 3944 2435 165 de selfde soorte, oft andre goederen begeirde, versoeke van te commanderen die naer

803 3996 598 164 groetenisse blijve

5348 183 655 157 Ady 17 augusij 1712

3359 195 1044 125 Jverton Bers & Prchemarck

3541 281 2474 167 ue aengename dan 16 pasto 19 & 30 sas aentfengen bijden eersten verstaen als dat ue den

3535 381 2486 167 mijnen van 18 ditto wel geworden was, waer mede ue geremitteert hebbe st £108:- ten

3537 466 2495 180 laste fredrick pigou van banue geen mentie en maecht, twijfele evenwel niet, oft ue

3526 549 2487 184 die remise bevonden bij dien van 19d. sien dat herij compten van ostend thuijs gecon

3529 654 2487 166 en vras, & bijdt sijn schip, wederom in ladinge leght op de selfde plaets, & dat ue van

3523 696 2479 211 opinie is dat hij sonder convoij soude seylen om rede van baeede ick ben van contrarie

3530 822 2465 165 opinie, & kan mij den vrede soo licht niet inbelden, om datter al aen te veele prince

3505 882 2507 172 vernoeghen moet gegeven worden, godt wilt geven, dat in mijn opinie magh bedrogen

3534 963 2479 170 sijn, met den laeste seght dat ue de gemarcquerde lichte olives benevens de draps

3539 1033 2494 222 en sult besorgen, de lichte olives mogen niet lichten sijn als de stalen aen ue geson

3507 1134 2523 215 den soo aentreffende maeckt eene bale van 69 as & twee bale drapeen van 40

3523 1235 2494 213 as ider bale geasorteert als aen den voet desen dogh boven  6 ƒ magh niet beste

3519 1286 2508 237 den, & moet van de alderbeste & sijnste soor te senden oft geene hebbe ue nu soo me

3534 1409 2495 194 nigh mael geschreven over de geile sarges, & royales als oock, over de bale van de

3533 1498 2494 204 schelp, die goederen blijven staen als steenen & ue seght noijdt wat daer mede gelieft

3523 1549 2508 231 gedaen te hebben ick pretendere mijn geldt daer niet aen temploieren om dat daer bijnoeh

3519 1675 2482 188 intrest noch winst te behalen is daer is noeh niet eene bale van ue beste goedren

3525 1747 2455 219 geopendt de de luyden die bij mij gewent sijn kanne provisie te copen, sijn nu bij

3530 1864 2491 193 een andre omdat se de alder beste soorte voor ƒ 21 connen hebben, & die kosten mij daer

3512 1911 2481 210 intrent soo veel soo dat het niet te bevroyen is op wat maniere somige negoteeren

3536 2020 2470 199 de wissel is seer scheeklijckx gemonteert, & hier sijn geene brieven te becomen, soo

3528 2099 2451 215 op de bosse ten rechte geraken kan sal ue hier benevens remitteren, soo niet sal

3538 2199 2456 217 wederom brieven van amsterdam laten comen, & wat passeert te laten weten

3527 2249 1046 178 aen die diaen groetenissel

3480 2347 1922 223 voor 2 bale drapeen voor 60 sarges beste 22 gd naer de stalen

3535 2453 1628 201 naer de stalen van 30 april van 8 febraarij gesonden

3523 2527 787 129 17112 ps aen N. 1:2

4438 2587 374 104 3 naer N.1

3779 2586 537 129 3d.. naer „8:9

4463 2640 347 92 3 naer„ 2

3780 2646 520 106 2d. naer „ 23

4451 2702 365 79 2 naer„ 3

3762 2712 1085 176 2 ditto noch veel lichter 1 naer„4

3807 2779 671 111 wel niet blouw en root

4439 2860 377 99 2 naer „5

3758 2813 584 168 1 ditto naer N.15

4438 2923 384 87 2 naer „ 6

5281 2880 723 167 I dese & ps in een bactie by

3759 2913 569 181 10 ps &soo 8 sett

4453 2946 536 119 1 naer dit staeltie

5279 2997 748 111 een & d'andre naer advenant

4409 3032 491 101 1 ditto naer dit

3648 3028 538 125 in twee balen

5281 3071 741 109 geassorteert dese moeten Clijve

3509 3073 1392 166 B. in gellote remittere ue st£ 161:15:6 ten

5247 3126 778 132 sijne mengelinge hebben niet

3509 3182 1413 132 latte minasse whitc head in london waer voor het

5277 3207 756 127 gestrept, & levendigh van oie

3519 3270 1267 100 noodigh gelieve te besorgen, & den ontfang mij

5262 3281 716 118 levr oft niet oft syn anders

3323 3297 697 156 Diverton ohon il peatt

4245 3311 364 97 adviseret

5247 3361 501 122 niet vercoop baer

3539 3393 2249 209 beyde ue aengename van 19 & 60 pas wel ontfangen & den ingesloten aen d' heer

5427 3445 561 113 Adj 17 augusty 1712

3540 3504 2449 186 ue neve wel beandight wat aengaet het goldt te lichten uydt d'handen van mr vander

3536 3574 2439 188 sande die man is altijdt scherlijck berijdt om te betalen, doch kan nochte en magh

3535 3673 2386 156 niet betaelen ten sijde curateurs van den boedel van maeshoecks salt ordoneren

3535 3718 2466 182 dat vreese niet lechtelijck geschieden sal & wilde ue daer een eijnde van hebben soo soude naer

3517 3816 2479 153 mijn oordeel ue naer rotterdam moeten gaen & die mes. daer toe te pramen t'sij met

3530 3877 2482 178 recht oft meter minne tot governo hebbe aen hem selve gesijdt vrat aengaet de sarges

3536 3977 2483 156 22 gd. vermits ul eenige goedren bij heeft naer het staeltie No.7 & die op 11 junij gesonden

3524 4046 2465 140 hebbe, & dat ue die beter coop senden kan als die nu ingehoeht worden soo sendt eene

3535 4106 2487 181 bale van 160 e3 geassonteent als aen den voet desen met de prince sarges kan volgtaen

3528 4192 2453 179 met 15 ps soo sendt met het eerste convoij maer 13 daer bij noch 30 drapeen als hier

3526 4283 2429 133 onder de wissel is seer schielijckx gemonteert soo dat men hier geene brieven bj naer
