8378 4637
2787 218 592 138 Adij 23 Januu 1719

907 205 1013 144 Frwerton Bereghnech marck

1085 248 2273 180 beyde ul seer aengename van 22 pass. 23 deser wel ontfanghen

1075 369 2257 122 dien volgens sal de geordoneerde goedren verwoghten sien mijn

1087 479 2141 110 abuys ontrent de loups sarges moet sijn gelijck seght naer

1086 525 2234 142 N. 34: 35:36. de staelen, van de fijne drogetten hebbe heden

1093 628 2250 165 aen Dheer gillis Jan coppenolle gesonden, het doet mij leet, dat

1079 716 2238 152 sulx moete doen hadde die couleuren geweest naer d'ordre

1089 813 2222 190 soude mij plaisir gedaen hebben, maer terwijlen dese voor

1099 923 2278 161 mij niet vercoopelijck sijn, soo ist dat die niet hebbe connen

1100 1014 2282 189 aenveirden verhope daer na ie contentement sult afgeraken

1103 1119 2188 180 ue blijft paroreren op de £3:15:8 en, gelooft mij, dat die

1097 1219 2241 170 noyt kennen sal, soo versoecke geene broelie in onse Rek te

1097 1331 2182 151 maken, het is mijn maniere niet onredelijcke pretent ien

1104 1436 2207 148 in te spannen, maer wel ider sen het sijne te geven dat

1107 1554 1294 142 hem toecompt & oock niet voorders

1111 1656 2247 117 ul gesondene goedren p buridge sijn noch niet hier die leggen

1077 1750 2176 119 onder wegen gent bevrosen & saen noch geene aparentie

1091 1839 2250 157 wanneer die comen sullen, omdat het vrisent weder blijft

1102 1939 2276 149 aen handen, soo dat wij om andre goedren niet selegen sijn

1096 2057 2217 166 & geloove, dat cwings voor paeschen niet comen sal dat

1088 2154 2262 135 wel wenste, want al te veel goet op d' hant is met goet

1091 2227 2197 176 hebbe present ontrent 2000 po by, soo dat gaerne hadde

1051 2328 2344 149 die perst wat verschuijfden, daer is niets te doen, & die goedren

1091 2414 2316 136 ccomen duer principael, om de hooge wissel, die dagelijx montart

1106 2553 2179 118 & daer by connen wij die niet vervolgens vercoopen ensin het ue

1099 2653 2225 121 een droevige negotie, godt wel ons een betere verlienen in desen

1104 2708 1859 178 jaere groete ue van herten ablijve naer groetenisse

1076 2796 2233 167 soo op de bosse ofen reghten geraken can sal u het restantie

1105 2938 2242 124 remitteren dogh de treekers vragen datter niet aen te comen

1086 3022 872 158 as willen 37: 3 en hebben

1119 3177 2037 120 It hebbe niets connen becomen sal de naeste

1100 3259 1027 168 meerdre som me remitteren

2782 3339 480 179 Adij 23 d

968 3342 1109 217 Tiverton John aM upertt

1088 3481 2321 123 ul aengename, van 5 deser, wel ontfanghen daer benevens

1102 3544 2287 190 notitie van mijne rek. courant van den voorlede aere r14

1092 3640 2246 176 waerbij mij tot salde compt £11:4:- dat daccord hebbe

1090 3750 2287 167 bevenden ade selve op nieu rek in debet gelroght nu ben

1087 3878 1712 140 ie seuldigh voor de baell N 57..  £ 74:

1731 3966 1137 91 ditto „58:„„ 128:

2011 4011 1381 166 samen £202:5:- waer voren

1094 4137 2290 179 ue is gecrediteert anu tegendeel gecreditert in slot van rek

2162 4233 383 138 £18:4:-

1108 4284 1039 146 voor mijne remise op Jan

2196 4333 204 89 „100:

1160 4380 690 81 Cou rad reus van

5883 214 147 117 200

5047 227 475 118 £111:4:-

3558 280 1444 144 ingeslote mijne remise op s. blagdon in London te

5131 388 409 105 91:3:-

3561 398 289 141 betaelen

4144 481 1895 143 sijnde het seet van de voors & 308:3:- en versoeke het nodigh

3566 529 2428 181 te besorghen aim casse sijnde de rek. conform te sluyten & geeft advies van den

3572 643 2497 161 ontfangh, dese ue baele £58 is door het storm weder bescadight geworden & seer

3562 721 2458 156 nat geweest soo dat daer mede niet veel geluck hebbe, godt betort, groete ul van

3563 847 556 155 herten blijve

5459 930 615 200 Adij 23 Janu 1715. 1

3475 993 826 168 fiverton henrij Blagdon

3561 1088 2369 195 ul: aengename, van 5 desern wel ontfanghen dien volgens sal de perpet a de

3554 1180 2523 203 geordoneerde goedren met bwings verwaghten als oock de drogetten, die vola

3550 1280 2428 191 mijne staelen, sult gereet crijgen, later een goede partije, op mijne stalen, voor

3561 1371 2394 142 mijne rek. gemaeckt worden, segge naer de genoteerde staelen aN. van 5

3534 1457 2453 179 deser ul genoteert te weeten naer N.° 2„4„ 6„ 7 „ 9 a 10 dogh alle Clijne

3552 1566 2461 142 afijne mengelinge a boven dien oock wel geperst & sent met cwings al wat al

3543 1695 932 145 can voor Drogetten

3548 1776 2474 163 ingeslote remittere ul s £200:- ten laste Francois andres in london, waer voor

3556 1829 2468 214 het nodigh gelieve te besorghen & terwijlen, soo veel niet debet ben & dat geene

3558 1930 2431 174 andre brieven, hebbe connen becomen, soo hebbe op ul: getrocken heden twee

3563 1969 2512 226 usos in london te betaelen aen dordre Jan insapcelt: dat gelieve te

3550 2103 2354 184 verseren aden ontfangh deser tadviseren & sent soo haest mogelijck

3543 2206 2372 190 facture a staelen van de goederen, die gereet sal hebben aen die naer

3537 2348 904 165 Cordiale groetenisse blijve

5422 2429 482 199 Adij 26d. 1715

3481 2476 1032 192 Bergen Charle albert Laigle

3542 2518 2490 219 celle pour vous adviser que a grand convoy est bien arrive grace a dieu j 'uttand,

3539 2645 2478 177 fais mes ballots icy en deuxjourr, j'aij une belle partie de perpet. ades doogels

3544 2752 2507 193 les plus a la mode sans pareille taut pour la beaute, que finesse & couleur

3548 2824 2471 202 a vre service. comme il me marque de largent & que ie dois remestre

3524 2945 2489 156 beauccups a mes amis en engleterre ie vous prie mons de me resmettre

3554 2995 2466 226 vre grace me fera plaisir car ie suis vrayement en necessite nattendant

3546 3098 2473 235 ie vous salue & suis apres vous avoir souhaite cette annei tres heureusxs

3542 3261 1009 164 avcc bien de suivantes

5508 3350 477 160 Adij d. 1715

3451 3387 688 185 Brussel Jan de broe

3534 3457 2487 158 in langhen het geluck niet gehat van ul te vernemen, soo come, met desen

3547 3540 2395 209 u alle geluck legen a bene ditie toe wenschen in desen niuwen iare naer

3530 3608 2488 211 sule alichaem. het groot ingels convoij met sarges is (goot danck behou

3549 3676 2484 239 den gearriveert hope over morgen mijne resterende packen 't huys sal

3539 3832 2447 177 hebben, als wan neer met een enbedencklijck assortement, sal voorsien

3534 3929 2389 227 sijn, soo in bastardes drapeen roijaeles a perpetuanen drogetten noyt

3543 4065 2488 153 seoonder soo in couleur als qualitijten tat u dienste a terwijlen verlege

3534 4150 2498 167 ben met gist & dat groote somme remittere moete aen mijne vinden

3550 4275 2389 177 in Englant, soo come vrindelyck versoeke van mij eene somme te
