8289 4651
987 227 104 69 Me

803 240 1474 160 E 2: gulett 1725„ 1 drogetts gd„ 43 - a 57

1390 292 969 180 „ 1 ditto ..„ 42-„56-

1422 388 926 134 1 ditto.„ 45½„ 60ƒ

1398 499 912 130 „1 ditto .„ 46—„ 61 ¼

1410 455 1918 262 „1 ditto „45-„60- a 471½ a 14½  ƒ341:16

1441 685 918 150 1 ditto ...„ 45 ½„60 ½

1516 798 842 158 ditto„ 43½„58-

1411 904 962 161 „ 1 ditto .„ 43½„ 58-

1415 1026 481 165 ditto .„

1420 1170 245 101 „8 ps

942 1148 2335 250 paijable dans la visle danvers en argent de change pour moines

979 1288 2206 213 que 14½ sol il mest imposible les deux liars p aune est mon

970 1403 2251 199 gaigniage ainsj ie vous laisse considerer que le profit est misable, il

966 1491 2270 227 vous plaire faira refltion sur cette qualite, & ie vous assure que

958 1617 2321 205 vre grace ne trouvera icy de si bonnes jen pourois vous servire a

955 1727 2299 231 quatoize paters mais vous ne peuriez pas avoir de cette bonte & finesse

968 1813 2371 203 ie ne doubt pas, mais d'abord que vous les aurez vue, quils vous anims

978 1902 2303 239 vent pour d'avarctage le debit est fort grand de cette marchande

938 2059 2349 189 le cause de la cherte de draps ie vous lalue & serez en attendant

941 2200 2270 201 lhonneur de vous voire icy ie vous prie de me croire pourn

780 2312 939 220 Brugge van Coppenolle

2684 2307 584 198 Adij 3 July 1713

954 2445 2405 155 ue seer aengenamen van 29 past wel ontfanghen vervolgens, sien meest

970 2540 2368 205 altijdt occasie voorvalt om goedren op senden te versenden, hebbe tot

969 2651 2307 206 nu toe noch geene geleghentijt hier gerescontreert, m een pack iu

965 2734 2356 230 toe te senden, dat met den eersten eghter gesenden sal voordess, soo

969 2808 2358 248 hebbe beyde de Rek. van oncosten nagesren am de eerste een erroir

952 2980 2419 214 besonden van ƒ10:- wissel gelde in mijne preuditie te weeten, ontrent

956 3055 2406 249 de waght van de 4 baelen  35:37 38.42 sijnde saemen 135p

967 3211 2389 209 a 7 st ƒ 4715 auftelt ƒ 57:5 soo hebbe, dat eghter geredvesseert, op

932 3331 2390 232 de rek. derhalve bedraeght nu de geheele facture ƒ884:17 dat mede

955 3423 2406 247 geleve te redresseren, op dat in ense rek courant, geene abuys benonden

966 3558 2339 187 wert & de laeste is d'accordt, a hebbe de twee baelen & N.6 & 43 hier

971 3718 1718 180 wel ontfanghen groete u van herten &blijven

2709 3867 577 217 Adij 3 Julij 1715

780 3851 1101 244 Brussel wed: Prowe manc

965 4021 2411 188 ue mij seer aengename van 2 pasto op sijn tijdt wel ontfanghen

989 4138 2386 197 als mede de tuee perpet. om te erpersen ue weeten N.100

969 4265 2276 183 die niet twijfele, oft u de selve, wel geperst met de goedren van

3559 204 2500 180 t. bellot sult hebben ontfanghen, het is mij leef te verstaen dat den perser

3561 307 2537 154 de perpett. naer ie contentement geperst heeft, hebbe met nium vers convoy

3560 412 2491 194 eenige perpett. van N.80 ontfanghen asenige daer van laeten swert verven

3568 521 2518 196 asijn corts thuys gecomen, can u daer mede dienst doen versoecke van te

3560 641 2407 195 cemmanderen hebbe mede een over groote partije van dregetten becomen

3566 740 2533 204 van alle de nimiste mode couleuren tot ue dienste iets noodigh hebbende

3557 835 2503 208 versoeke, van mij te verseren met u ordre & lijdt versehert, dat altijdt sal

3556 1004 740 203 sijn met affeet aen

5423 1131 669 227 Adij 3 Juliy 1715

3476 1146 949 224 Brussel Henry de Paauw

6039 1184 71 125 21

3555 1298 2484 169 sende aen ue heden p beurtschip op Brussel een packie gemarckt. I.MF

3529 1404 2459 191 droogh & wel geconditioneert na sodangen ontfangh, gelreve de vraght

6052 1440 51 98 4

3554 1504 2506 198 te betaelen, als ue reden sijnde voor rekk. van monsr. Jacques Massen

3549 1593 2536 258 van mens die mij geordoneert heeft, het selve p Jan delhaye voerman

3544 1725 2513 224 van mons mons hem te laeten toecomen, derhalve wert u salx van

3543 1848 2521 216 huten gerecommandeert, ditto packie, hant in 8 ps drogetten, soo geleve

3540 1997 2451 189 de verlaringe vervolgens te laeten doen ade corste expeditie wert u

3560 2135 1599 182 van heten gerecommandeert, door die blijven

5276 2270 826 235 Adij 5 Julij 1715 8

3447 2277 921 240 Turnhaut Josephus vieghs

3548 2491 2481 151 op 6 deser, was aen ue mijnen laesten waer mede uwe toegesenden

6034 2426 71 206 te

3542 2581 2513 174 hebbe & voerman ƒ 6 wissel gelde, voor het weken, wil niet stwijfelen oft

3553 2677 2550 166 u heeft de selve ontfanghen, nu hebbe become u aengename, van 4 deser

3553 2809 2477 159 met 3 ballotten tijken in handende samen 120 ps bedragende in wissel

3548 2899 1757 164 gelde ƒ128810 waer u wert gecrediteert voorders,

3543 2906 2542 261 soo hebbe eenige, van de vorge gesondene clijn strepies gevisiteert met

3541 3055 2564 201 verwondinge de slechte getteltenisse daer van geven, seer onegael vn

3549 3211 2445 142 draet afnoopaghtrgh, ben versehert, daer maer ondanck sal van haelen

3554 3301 2437 204 terwijlen sen de staelen die mijn vrint uyt englant mij toegesonden heeft

3556 3409 2495 193 veel beter sijn als de stueken die u sendt, soo can nmet geraedt saem iudene

3542 3519 2516 240 u daer meerdre van te laeten maken, voor al het daer voordre ordre toe

3541 3702 1354 163 become groete u van herten blijve
