8015 4658
2779 137 225 103 m

2480 163 750 167 Adij P 8bre 1722

684 177 726 174 mons. ant. gallopin

838 247 2358 186 ie me trouve honore  l'aggreable vre du 26 passe, p la quelle

819 389 2424 148 vre grace me demande des eschant illions des flannels raye que

834 500 2334 100 ie vous envoye ci joint les ordinaire sont de 10½ sols l'aurie

798 579 2343 159 & les supe fines de 12 sols a elles sort plus belles a la ps, que

802 712 2444 114 bien aux eschantillions, ie vous asseure mons que vous n'aurez

812 810 2257 133 jamais vene des plus belles, toute sorte de marchandise est

819 880 2349 158 en cherie en engletterre & il est a craindre quelle aussera

823 979 2316 158 encor, sur quoy vre grace se peut bren reguler, on vend

804 1085 2344 183 les sarges presentement pour le moins ƒ22:- ƒ22:10

820 1265 2423 96 cense, quils vont venur seront encor plus cnaire, ou ie vous

809 1327 2424 172 puis estre  commande liberement, pour tirer il nmy a

809 1419 2409 174 paut doccasion, ce pour quoy j'attendrez l'honneur de vr

811 1521 1283 174 remise n suis de tout mon coeeur

2663 1552 555 126 Adij 3 xber 1712

611 1593 976 167 brussel Jan dahiel de wemer

850 1675 2359 124 in langhen tijdt het geluck niet gehadt van ue iets te vernemen, des en dient

830 1721 2297 170 om i te laten weten, dat het engls convoij met sarges dagelijcke verwaght

816 1822 2358 163 wort, waer mede een goede partije sal becomen, onder de welcke eene bale

827 1889 2398 184 sarges sal sijn van het claver bladt gemengelde, aaer van oock de stalen heb

836 1977 2392 151 sijn seer schoon, & sijn, dat goet sal ue plaisier doen, voorders versoecke, dat ue

844 2128 2323 148 gelieve de partije van 17 eber 1711 lest, aen D heer roussoue te betalen,

818 2220 2393 144 het is nu ontrendt de 10 maenden geleden, & ickk verclare ue, dat het slecht

821 2311 2362 100 profijde, dat aen de sarges tehalen is, soo langen tijdt niet halen kan iae

821 2403 2329 155 den intrest, van den tijdt, ifsen niet bij te profiteren, soo gelieve, dat in

807 2495 2409 148 consideratie te nemen, & bij allen dat moete seggen, dat wat bij gelt verlegen

827 2603 2344 136 ben, om dat een groote partije naen engelant, moet remitteren waer

839 2682 2393 123 in capabel ben i& eenighen dinst te doen, gelieve te commanderen

821 2765 980 146 die naer groettenisse blijve

2626 2848 584 132 Adij 3 xber 1712

600 2844 842 170 brussel Connelis le feyd.

853 2959 2335 171 hadde al verwaght te verstaen, dat ue eenigh gelde aen d'heer Rousseau

847 3074 2356 102 soude getelt hebben, dogh tot nogh toe niets vernomen, het convoij met

851 3171 2332 102 engelse sarges wont daghelijck verwacht, waer mede een schoon sontem

846 3257 2390 136 entie sal becomen, ondre andre hebbe stalen gehreghen van gemengelde

835 3347 2406 150 sarges van het claven bladt die seen schoon, fijn vallen, soo dat niet twij

824 3431 2392 142 fele, oft de selve, sullen wel gevallen, hebbe, al een goede somme gelts

842 3514 2372 159 noodigh, soo versoecke, het restant vant jaern 1711 aen d heer rouffacce te

841 3588 2384 149 salle, het is nu ontrendt de s0 maenden geleden dat de leste partije daer van

843 3668 2349 161 ul gelevent is & ick verseeekere ue, dat het slecht profijdt, dat daer aen te

836 3733 2406 154 doen is, dien langhen borgh niet ian uytstaen, soo versoecke, dat te conside

826 3853 2400 142 veren, & oft ue iets noodigh hadde, gelieve maer stalen te senden, sal ue

845 3932 2347 165 ordres, met genoeghen volbrenghen, & waer in voorders Capabel ben

839 4016 2176 190 ue eenighen dinst te doen, gelieve te commanderen, die naen

836 4089 712 153 groetenisse blijve

5444 180 574 118 Adij 3 xber 171233

3336 167 913 128 Brussel martinus Volhaert

3552 286 2472 116 in langhen sijdt aen u niet geschreven, bij foute van ochasie, desen, om ue te

3550 367 2466 88 segghen, dat daghelijcke het convoij met sarges verwaght wort, waer mede een

3555 429 2463 138 schoon sortement sal become & vermits gelt noodigh hebbe, soo versoecke van

3552 518 2468 150 aen D heer rousseau eene somme te betalen sult mij obligeren, de sarges comen

3546 598 2492 145 noch wederom hoogen in prijs als de lester & de wissel op londen is mede sterck gemon

3548 662 2473 167 beerde, dat de goedren seer sal doen besreren, verhope haest het geluck te hebben van

3545 749 2455 173 ue hier te sien, om een goede partije te coopen & waer in capabel ben s eenighen

3480 819 2465 191 dinst te doen, versoecke te commanderen, die naer cordiele groetenisse blijve

3289 907 985 167 msterdam Francisio Rousseaue

5528 994 467 119 Adij 3 sber 1712

3569 1005 2443 225 ue miseve van 12 pasto op sijn tijdt wel ontfanghen, waer bij gesien, hoe de wiffel op londen

3559 1097 2389 205 &op antwerpen sigh schitte, dogh sedert is het wel verandert, hadde toen ter tijde niets

3541 1184 2381 176 noodigh, maer present soude wel gaerne brieven op londen hebben heden hebbe

3554 1267 2475 197 afgegeven tot 33:9 & de wissel was op costij in banco a 5 , soo sal het mij lief sijn

3559 1341 2406 205 van u te verstaen hoe het ccastij sal reguleren om volghens mesunes te nemen, want

3553 1418 2406 210 vraert, dat afmete haste, dat bij u de minste avantagie te halen was soude hier niet

3554 1511 2402 196 doen. bevende, dat ue mij meer heeft geremitteert, als wel hebt getrocken, & het is niet

3539 1602 2488 208 redelijck dat ue in debeurs is, soo versoecke, als nu ochasie heeft het rest op mij te trecke

3546 1674 2421 197 en op sight p cas, alwaer het meer daer is niet aengeleghen & waer in capabel ben ul

3551 1733 2456 276 eenighen dinst te doen, gelieve, te commanderen, die blijve, naer cordiele groete

3561 1832 1709 208 nissen & in afwachtinghe, van d'eere van ue antwoorde

3329 1904 901 164 brugge Gillis van Copenolle

5490 2019 512 135 Adij 5 sber 1712

3541 2006 2081 220 ue aengename van 3 courant wel ontfanghen, waer uyt met groodt genoegen

3537 2131 2433 164 verstaen het goet arrivement van John ewings penion compton, soo sende aen ue hier

3532 2206 2486 182 aen den voet deser, de nolitie van mijne packen, in de selve geladen, die vervolghens gelieve

3533 2288 2490 149 te verclaren, & te versenden p beurtschip adroicture van Costij op antwerpen cito doene

3544 2364 2476 146 lijck, dogh soo een slecht schipper, oft schip aen d hant lagh, die voor bij te gaen, & en

3536 2470 2490 166 beter, afte wachten, om dat het indesen sijdt wat dangereus is, om de stormaghtegeweeren

3536 2520 2494 195 die men nu te verwachten is. in RN. 188:189: 190 sijn in eder maer 15 sarges, soo sal

3545 2609 2489 188 ue, die 3 baeltiens te gelijck doen packen om onkosten, die daer op iden int particulier soude

3524 2734 2487 126 konnen comen te sparen. wat aengaet onse questie rakende de stoffies, het is de moijte

3541 2816 2459 138 niet reeirde daer soo veel geraghts van te maecken, maer int toecomende sal ue mijn

3531 2896 2492 158 ordres opserveren int de clareren, oft t'sal voor ue rekeninghe gaen compton gEwinge

3545 2974 2475 163 waeren, sonder convoij gecomen, oft het al soo seever, is welte twijfelen, het gaetalwel

3547 3060 2474 164 soo geen ranhouters krijgken. laet mij cito weten, oft ue de packen bevint volghens mijn

3549 3148 2238 172 notitie, om volghens te reguleren in afwachtinghe blijve naer groetenisse

4186 3256 1645 153 in Henry Compton  Begghe John Ewings Suncon

4079 3322 1119 143 B. N.° 169 met 18 3arges iden a 27

4305 3443 537 95 188 met 15 ditto

5002 3423 1016 142 „27 In Henry Compton

4266 3505 577 94 „189 met 35 ditto

5030 3508 173 73 „ 27

5264 3503 762 148 R N. 184 met 60 sargenderan

5016 3565 193 77 „ 27

4296 3555 537 97 190 met 15 ditto

5028 3620 186 105 „27:

5296 3612 722 124 D„ 48 met 30 ditto

4165 3608 671 118 „ 50 met 60 ditto

5390 3684 629 85 „49 met 30 ditto . „2

5044 3702 163 91 „27„

4155 3706 697 114 „ 17 met 30 ditto

5266 3728 753 103 T„ 45 met 20 ditto„ 27

5383 3798 625 100 46 met 60 ditto. „27

4531 3792 258 108 178 188

5582 3873 339 132 2407ps2

3505 3930 2449 193 P soo twee beurtlieden, staen de vertrecken, soo ue in eder de helft laden, waer toe

3536 4002 1062 142 chier ingesloten mijne tolbrieven

3528 4102 2490 197 ue magh mijne goedren niet versenden sonder behoorelijcke france paspont van costiy

3552 4184 945 139 op antwerpen, tot al governo
