8372 4651
994 169 931 172 Brussel Jan de Broe

2867 208 576 148 Adij 22 meirt 18

1130 304 2311 139 ue aengename van 16 deser, wel ontfanghen dien volgens hadde

1077 389 2288 118 den verver al gepresseert om het perpus dat eghter gievven

1112 438 2343 180 thuys hebbe becomen, soo hebbe het selve p beurtschip ue toegesonde

1117 567 2328 138 benevens de 5 sighte roste sarges naer ue staelen, als oock de versoghte

1132 654 2306 181 peperkoeck in een packie 1D:V soo gelieve mij te crediteren

1143 779 583 155 als volght

1144 758 2280 309 op 20 meut, 5 sarges lighte rosse bette 22gsu a ƒ23:10 ƒ 117:10

1853 924 1577 201 predikes. swerft periet N 53.„ 40:-„ 40:-

2013 997 1422 194 betaelt voor 6 ld sijne peperkock a 44 ½. „ 1:3

1447 1130 187 126 n

3053 1109 380 182 ƒ 958:13

1583 1164 610 150 5 sarges 1 perpet

1113 1276 2289 127 verhope den peperhoch ue sal contentement geven terwijlen van

1098 1344 2236 168 den betten avermaersten, meester is & waer in voorders can dienst

1028 1438 2232 171 doen gelieve te gebeden die blijve naer Cordiale groetenise

958 1616 900 185 Tireston Robert Buridge

2792 1611 605 215 Adij 23 d. 1715

1138 1756 2181 127 ul aengename van 19 past. wel ontfanghen dien volgens saen

1122 1834 2331 177 ue geene geer van deordoneerde goedren met cwinge hebt connen versenden

1091 1944 2193 161 terwijlen hij op sijn vertreck stont, eghter was hij met brieven,

1134 2044 2247 142 van Cortij van 2p pas noch daer & tot nu toe wort van hem niets

1127 2123 1794 184 vernomen godt wil hem behaede reyse verleenen

1129 2232 2136 160 vermits het somer sesoen voor bij staet te sealen voor al gen

1094 2306 2249 183 buridge, soude overcomen & dat niet twijfele de drogetten int

1101 2426 2276 168 cort claer sullen weeten & dat weete, datter alle weeke een schip

1120 2513 2251 181 van costij naerlonden vaert soo sal u de geordmeerde drogetten

1123 2620 2299 170 op sonden te water versenden  addresseren aen d heer & hamilson

1108 2736 2139 157 & hem seryve van die drogetten p eerste, oft, oft bij lander op

1103 2830 2090 164 ostende te verserden, de prouleurer in drogetten, worden sterek

1114 2906 2305 191 gevraeght naer N.1 van de staelen aen u op 9 selv eet gesonde

1084 3014 2244 162 derhalve, soo u eenige meer, als geordoneert hebbe, naer die stael

1114 3110 2290 163 heeft, soo moght die wel bijdoen aal sijn de geordoreerde niet

1122 3178 2185 218 alle gereet met daer na niet wachten al warender maen

1122 3312 2213 177 20ps vaerdigh tot u naright, recemmandere noch mael van

1110 3395 2321 180 wel te sorghen, datse van clijne a fijne mengelinge sijn wel bedecht

1087 3503 2243 181 2 beven al wel geperst want soo de goedren niet wel gepes

1086 3616 2297 197 sijn, sijn niet vercoopbaer in perspet. is noch geenen aftreets om andre

1101 3699 2266 213 te ordoneren, die van 55 s sijn wegh dogh noch veele van d'hooge

1104 3844 2332 181 puijsen, eparent 20ps van 59 su die met de sarges p bundy

1093 3978 2330 146 sult gelieve te versenden, ue antw: hier op tegenaet sande blijve

1094 4070 963 174 har Cadiale groetenish

5438 212 720 150 Adij 23 ment 171

3508 198 1104 182 Brugge gillis van Coppenolle

3602 343 2442 132 uk aengename van 8 deser wel ontfangsen sedert is het pack met de 30 ps

3600 414 2448 173 perpetuanen mij wel geworden heden, hadde van ul al verwaght de rekk.

3619 509 2545 151 van oncosten, op de selve dogh tot nu toe niet vernomen, soo gelieve de

3607 641 2263 150 selve op ontfangh deser te senden, terwijlen daerbij verlegen ben

3604 675 2491 164 voorders, ben verwondat de saeke, ontrent de vraghten noch niet is gedaen

3621 742 2547 197 ick verwaghte eenige packen met John Cwings die volgens de brieven van

4098 915 143 66 dagh

3618 889 2466 183 ½6 deser op dien tont te vertrecken, soo dat hope op morgen sijn arrivement

3590 997 2498 214 te vernemen recommanderende cito van des selff arrivement te vernemen

3571 1095 2503 187 & soo de saeke voors niet geeijndight is soo sal mijne packen p wagers

3604 1182 2465 184 laeten comen, versoekende noch mael devoiren te doen om daer een eijnde

3606 1279 2442 186 van te hebben om vervolgens te reguleren u antw benevens de rek

3608 1385 2460 222 van encotten op de voors haele te gemoet sijnde blijve naer sordiale

3587 1544 464 173 groetenisse

5437 1662 388 154 Adij d

3519 1664 934 224 Brussel ad: van Dendries

3570 1803 2445 158 ingevolge u ordre soo sende heden aen ue p beurtscip het packie met i5

3584 1900 2450 194 sarges door u hier sijnde op de staelen gekoght sijnde droogh awel

3583 1975 2370 218 geconditioneert  de gemarckt A.D: waer voren mij gelieve te

3590 2068 2465 248 rediteren ingevolge de facture waer in capabel ben u voordren

3556 2140 2591 223 dienst te doen gelieve te commanderen die altijdt sal sijn met ofreside

3549 2302 2528 141 sols heden sijn wij 27 marst a is het packie nu eeost versonden, om u tolbrief twijfeee niet oft

4183 2387 738 105 ntentementt sullen geven

3602 2393 494 75 oft dese goedren

5481 2366 506 173 Ady 26 meurt

3519 2422 1023 126 brugge gillis van Coppenolle

3587 2439 2474 172 u aengenamen van 24 deser wel ontfanghen, daer benevens de Rek. van oncorten

3566 2550 2422 219 op de bale N 33 beloopen de ƒ 36:7:3 wisselgelde, waer voren ul is

3565 2655 2512 239 gecrediteert voorders verneme, met plaiser het arrivement, van ioh neningeh

3572 2748 2582 206 Gunier in wiens serp 8 packen voor mijne rek. sijn afgeladen waer

3584 2854 2467 202 van den N &inhaut hier aen den voet deser, die volgens gelieve te

3560 2994 2424 183 verclaren ue maecht int minste geene mentie ontrent het reguleren

3555 3145 2479 158 der waghten, soo versoeeke te laeten weeten wat daer ontrent van is om

3573 3132 2490 240 volgens te reguleren, want pretendere gand niet dat mijne goedren a costy

3567 3246 2505 245 soo lanck sullen blijven, als wel de borige reyde, daerom, sal ue de spoedighste

3564 3337 2551 297 expeditie soecken  op ontfangh deser advies geven vant gene gepassert

3535 3520 2490 217 is. het is wel onredelijck dat u magistraet soo traegh is. trijsende tot

3554 3597 2466 249 verderf van de negotie t'schijnt is niet meer indaghtigh lijt om refactie

3574 3738 2437 157 van reghten te hebben op het nat pack 8 terwijlen u daer niets van

3542 3814 2386 208 seght soo versoeke met desen dheer s: de campo daer nu over te spreken

3547 3956 2312 178 atwofele niet, oft sal inde reghmatige sache vrage contenterenen

3560 4065 2475 157 voorders, sal u seipper Jan Cwings nu korten Cops. van vraght van 9st

3546 4207 2394 116 voor het betaert pack, dat voorlede haese met hem become hebbe an

3537 4286 2410 165 toecomende sal u mij altijdt gelieve advies te geven soo eenige seade
