8399 4644
2483 205 818 148 Ady 22 july 1714

868 217 971 154 Brussel Cornelis le fays

1017 330 2273 119 desen one ue te adviseren, dat het groot engels convoij met surget

1053 385 2295 150 present op wegh is, & sal daer mede eene schoon partije goederen

1042 510 2260 102 becomen van alle soorten tot p dienste, & terwijlen groote so

1043 593 2241 139 geldts noodigh hebbe, soo schicke op overmorgen tot brussel te

1033 662 2212 136 weseng lt wanneer ul sal cmen besoecken verhopende met

1043 749 2214 118 een goede somme sult bijstaen versoeckende desen aen monse

1044 839 2016 177 de wemer & volhaert mede te later leten, & blijve naer

1035 949 813 170 Cordiile groetenissen

2668 1074 646 176 Adiy 23 d 1714

883 1100 1205 202 Brugge Gellis Jan Coppenolle

1061 1197 2229 196 op 17 deser, was aen ul: mijnen laetten beantwoorden de due van 20

1054 1321 2270 182 22 past als oock remise voor 6 8 pattacons £28:4:0 t ƒ 163:4

1062 1425 2256 182 ten latte Pieter de wille campd sedert geene van ul hadde eghter

1034 1523 2329 231 gere commandert den ontfangh van de voors remise tadviseren

1065 1633 2304 151 aun ben in aenterdenken oft mijnen doonghen u wel geworde wit

1075 1727 2303 184 soo versoecke ue antw: op ontfangh om volgens te vegelen

1059 1820 2337 198 Robert Buridge Aont den 3 deser van obsom weder gwint dienende

1048 1951 2351 193 te vertrecken wat u des wegens can vernemen sal mij lief te verstaen

1048 2086 1236 170 ablij ve naereordiale groetenisse

2615 2257 566 204 Adij 28 Julj 1714

872 2271 795 212 ournant Jan B Pobert

1067 2400 2226 207 ul aengename van 25 deser, wel ontfanghen dien volgens sien ue de

1046 2551 2186 171 genoteerde tijcken niet senden wilt als tot 5 st: meer als

1027 2653 2200 177 de laeste partije, soo hebbe die niet ooodigh wilt u sigh

1050 2779 2227 207 resolveren om tot den borighen prjs de lettren soo cont de

1060 2896 2181 223 selve prepareren den eerste mogelijck gversoecke dan ange

1063 2973 2281 273 liyne trepen te laten maeken volgens mijn stael, moetende

1073 3145 2261 196 alle fijn &wit jan gront sijn oft geene, tot u governo. soo

1084 3260 2228 204 u resolveert geleve te laeten weeten blijve maer cordicle

1078 3408 372 189 groetenisse

2756 3488 567 234 Adij 27 Julij 1714

949 3536 1124 239 Brugge Gillis Van Coppinolle

1073 3661 2316 199 ue aengename van 23 deser, wel ontfanghen waer uyt het arnivemett

1055 3770 2245 216 van sohn buridge vernemes hebbe tot noch tos maer adviss

1081 3921 2208 176 van twee packen voor mij in hem geladen die u sal geleve

1076 4014 2308 194 te verlaren versenden p eersten beurtman adroitture opantweet

1083 4187 2295 136 pen hier ingesloten mijn tolbrief vorders geliene eens naerte jun

1055 4239 2266 189 de hell van den schipper, oft te geene packen bevint van

3565 215 2453 161 march & gelieve tbevinden adviseren aen die swaer cortiale groetenisse

3560 312 346 155 Blijve

3468 446 872 199 Dermonde Piere de Baut

5448 460 559 178 Adij 28 Julij 1714

3576 533 2419 214 sende aen ul heden p beurtschip op dermonde een pack gemarckt £:3:::

3574 677 2450 137 voor rek. van monsr. Jan B Solivr van ath, sijnde droogh & wel gecondie

3554 796 2465 98 doneert a de vraght alhier betaelt, soo franco van alles terders versoecke sijne

3563 863 2400 114 ordre te volbrenghen tat de versendinge dit doen de sult gerobligeren die

3566 983 807 159 Blijve

5352 1099 623 219 Adij d 1719

3461 1088 658 259 en Rad Kohe

3584 1274 2441 165 ue aengename van 3 deser wel ontfanghen daer benevens staelen gfacture ognosement

3575 1383 2363 142 van twee baelen te weeten d'eene van 76 ps sarges 29d a dandre van 5

3583 1462 2404 143 witte perpett. & s blan drogetts waer op tot antwoort segge, dat dese goedren

3564 1601 2518 143 mij niet dienen connen het baeltan N:1:2 soude eghter in couleuren noch

3559 1712 2429 154 conner passeren dogh de qualitijdt bevalt mij met u leste baele, die van

3570 1770 2413 200 u hier sijnde gekoght hebbe, can niet vercoopen ghadde wel gewenst die

3569 1900 2459 179 noyt gesien hadde u vercoopt die goedren, voor de beste soorten & is wel veer

3558 2021 2373 158 van daer volgens u versoee soo sende aen u het cognossement terugge

3551 2125 2460 151 wat u de voors baele en prijs van de tweede soorte stellen gelijck

3539 2212 2422 159 het oock maer een tweede soorte is, sal die naete aenveerden om ue

3561 2335 2425 119 dunst te doen terwijlen u die aen mij geconsigneert heeft, dogh het baettie

3548 2433 2228 178 N  30 can mij geensins dienen groete u van herten blijve

5235 2612 726 179 Adij d. 1714

3455 2610 995 192 fiverton Bereneck marchk

3553 2753 2457 197 ue aengename van 3 deser wel ontfanghen daer benevens facture stalen 2logi

3577 2913 2454 137 nossement van twee baelen N.69. 70 monterende st £184:7s bestaende

3563 2984 2435 185 in eene baele sarges bestardes & een ditto Drapeen de bastardes sijn wel in

3562 3111 2412 135 couleuren, dogh de schades, hebbe soo goede minu niet om die a 35: gies

3548 3206 2462 188 te stellen & wat aen gaet de drapeen ben huer verwondert a mijn ordre niet

3567 3334 2376 142 comphet hebt voltroesen de merij om dat u die geordoneert hebbe op 18

3558 3443 2407 162 april est aop 28 ditto geconfirmeert op hope dat iet ewinge noch soude

3560 3508 2460 183 gecomen hebben  met den u van 17 april ditto vernome die niet kende

3566 3631 2453 171 met ewings versenden aop 5 meij heeft a mij geadviseert dat u de se geord

3539 3700 2497 203 oneerde drapeen van 18 april gereet hadde om met buridge te versenden dogh

3539 3850 2490 174 dat u die niet miuder stellen &sonde als tot 36:6 en aen boort waerop

3561 3923 2361 183 op 30 meij ditto tot antworrt geeydt hebbe, daer mede te vreden was

3544 4091 2471 132 mijn ordre geen sargent de drogetts drapeen te vermeerderen tot 120

3553 4165 2416 177 r met bruyn rosse geenige schades Naer n° 45: 46:65 die ie sent

3560 4290 2320 150 in de baele 69, soo de drapeen, die u voor mij gereet hadde hebt niet
