8344 4658
2696 212 599 177 Adij 27 april 1715

918 221 925 161 disrton Will Sam. Lewio

1044 301 2293 190 op 10 & 17 deser, waeren aen ue mijne laesten waer mij gedrage, sedert

1047 407 2270 185 hebbe become 116: aengename van 2 deser dtto dien volgenst sien ue de

1052 453 2330 248 20 ps provederen sult, eghter t soude mij aengenaem sijn, dat die voor nu

1032 571 2306 253 gereet waeren, & dat van ul volgens mijne ordre dername die voor nu

1053 689 2342 205 op londen versonde hadde om reden is gescreven, voorders verwaghte

1049 794 2340 213 ul de drapeen stellen sult op den soorghen priys te weeten a 36:6

1038 886 2263 242 terwijlen ue: seght die met contant gelt incoopen sult pom u des

1032 1013 2359 181 te beter, daer aen te moedighen sal op de borse trachten een wissel

1049 1079 2352 246 brief te becomen, om hier benevens te remitteren, ingesloten 3 staeltien

1048 1223 2295 198 van sarges bastard ngsy, waer na de meeste in de geordoneerde

1050 1330 2231 198 baele moeten sijn & doet daer geene bij gelijck N.C. 7 staelen op

1039 1448 2285 201 22 xber 1714 aen u gesonden, om dat de coopers, soo lighte niet

1042 1556 2335 209 begeiren, mooght wel eenige bij doen die noch wel iets bruynder

1015 1687 1541 213 sijn, als dese dry ingeslotene staelt vens

1046 1732 2289 276 nu ick kan niet bemercken, dat Jan bundge op die gestelde tijdt

1033 1870 2253 203 vertrecken soude & ben bj de 60 bastardes 229dy secend soort

1054 1986 2288 183 a 34  verleghen, soo bij aldien u die int cort gereet hebt gelieve

1006 2097 2375 248 die op londen te waeter te versenden aen dheers hamitten & hem

1037 2209 2239 188 ordoneren, ditto bale p eerste aen leggende seip op ostende mij toe

1028 2332 1207 193 te senden, sult mij plaisir doen

1042 2401 2259 193 hebbe ue gesondene staelen geconsidereert, die niet quaet sijn, hebbe

1025 2492 2290 207 present geene noodigh, dogh voor hetweede convoij sal sien, oft

1059 2573 2339 190 eenige ordoneren sal recommandere dan, voort gene nu geordoneert

1045 2722 2325 207 is goede sooghe te draghen het beste goet te senden iderhaer sijn

1053 2838 2255 213 qualitijdt gecreve te adviseren wat sult hebben geeffetuert

1057 2963 1250 141 aen die naer cordiale groet enissen

1060 2966 2332 177 engeslote remittere u s £100:- ten laste Joanner danglas in senden waer

1737 3038 1638 143 vore het noodigh gelieve te beserghen eden ontfangh

860 3093 2468 133 London harles hamitton ato tadviseren blijve als voores adj 0 april 1715

1060 3188 2315 200 op 20 desers was aen ul mijnen laesten, waer mij gedrageasal

1062 3316 2186 156 u6: antw: daer op te gemoet sien sedert hebbe beseme u seer

1055 3362 2290 191 aengena. van 8 deser d met remide van  £100:10:-7 a 37:11 en

1036 3487 2326 156 ten laste d heercares herrebant tot brugge in antwerpen te

1054 3618 2233 141 betaelen die om acceptatie hebbe gesonden, & sal die voor

1062 3691 2218 163 mijne rek. aenveirden &n op sijn tijdt daer vooren crediteeren

1059 3817 2292 149 het seyndt de wissel aent vallen is & wat aengaet het restantie

1043 3878 2321 196 dat mij noch is toecomende, sal dat met occasie wel inden

1058 3995 2248 154 eghter wenste wel dat iul: geliefde een sack orlogie a cotty

1052 4141 2277 141 segge een slbre voor mij te coopen van den besten meester

1039 4229 2248 113 met een selvre setting naer de nieiste mode a die met den

1034 4326 2189 136 post over te senden, sal aen den gaet deser een addres

3559 221 2500 139 stellen, aen wie die addresseren cont om dat die persoon voor poort en

5953 260 72 116 8

3579 306 2364 137 niets betaelt & dat die soo frane hier soude hebben recommandere, die

3559 361 2496 189 oblogie eerst te proberen, oft sij inst gaet, want anders sijn sij niets weerdigh

3570 487 2480 156 mr. quare is hier gerenomeert, voor den besten meester voor saekorlogien

3566 587 2454 177 eghter, laete, dat alles naer u wel getallen niet twijfelende oft sult de

3548 641 2508 210 bette senden die er te becomen sijn, dat van herte recommandere

3558 750 2497 199 gewaer in ue van gelijcken hier dienst can doen gelieve liberlijck te

3558 891 1722 201 commanderen sal attijdt sijn met affectieen

5317 957 700 165 Adij 23 april 1715

3453 1029 628 185 sgesten beorridge

3552 1090 2480 191 op 17 deser was aen ul mijnen laesten waer aen mij gedrage sedert geene

3559 1195 2480 129 van ue desen om ick te seggen, als dat de meeste van de perpetuane

3536 1310 2484 128 van 30„3 versoght hebbe, & dat wel eenige nu noodigh sal hebbe soo

3550 1369 2409 156 versoeckke de 20 geordonneerde pepet. w 55 p maer te senden 10

3551 1438 2474 178 ps &10 van 80 p die mij manqueren, soo dat de 20ps. in sijn geheel

3549 1524 2490 154 blijven maen i plaets van 20 ps van 55 s me stelle 10 van 55

3524 1608 2539 211 &10 van 80 p tot u naeright recomanderende daer aen niet te

3543 1695 2459 159 manqueren, & versoecke van de beste soorte te senden ot geene dit

3528 1793 2233 208 sijnde het noodige deses, & dat blijve naer cordiale groetenisse

5408 1981 544 154 Adij 2 meij 1715

3488 1951 717 218 Lur Francois Collard

3534 2084 2493 195 in gevolge u mondelinge ordre, soo sende aen ueh wagens naer noem de

3536 2224 2509 172 3 gevraegde sarges niet twijfelende, oft sullen ul ten uytersten contente

3518 2315 2439 158 ment geten, want bevinden salt noyt schoonder gehat te hebben soo

3510 2425 1353 209 gelreve mij te crediteren te weeten

5616 2504 386 180 ƒ 24:10

3549 2554 1636 191 op 2 meij 1715y 1 sarge beste moor 229d

5757 2665 178 110 24:-

4033 2660 1118 157 51 ditto bette drapee 229d

5683 2753 332 117 „ 36:10

3941 2702 1467 222 1 ditto superfijn prinse sarge 24gb

5672 2848 262 145 ƒ81:

4014 2873 290 167 ƒ 36:

3523 2922 2491 190 in antwerpen te betaelen n wissel gelde & waer in ul voordren dienst

3512 3060 2043 165 car doen, gelieve te commanderen die altijdt sal sijne

5769 3219 78 72 mij

3453 3172 880 180 berghen Carle albert laigle

5485 3155 580 203 Adij 3 mij 1715

3512 3323 2403 141 ensuite a l'honneur de la vre du 29 passé ie vous ay envoye a hier p le

3531 3386 2472 168 messagier les 6 ps de drogetts selon vos eschantillions marque sur une carte

3525 3521 2424 169 que ie vous lenvoije, ey joint & le perpett est parte avec ie vous assure

3514 3595 2477 204 que vous trouverez quelque chose de Beau & bonne il vous plaira me

3509 3723 810 160 crediter comme ensuite

3525 3829 1156 152 le 2m may „ 1 droge 9d„ 52½ a 70

4703 3746 1228 254 a 141 ¼ .. a 13½ sols ƒ 95:6

3884 3912 840 141 1d.„ 53 ½ „ 71¼

3827 4005 1171 176 1 d' mellieures 9d 39 ½ a 52 ½

4423 4071 1463 190 „ 45- „60-—„a232¼ a 14 ½ „ 168:8

3967 4166 82 101 d

4416 4171 533 133 „ 46-„ 61 ¼

3882 4259 166 98 1d

4508 4247 509 134 14„ 58 ½

4295 4284 1576 186 1 supertine perpetuaen Blanchie N.8 a 29: ƒ58:-

3892 4348 793 132 6 droitton a

5097 4405 328 79 Ensemble

5560 4422 385 82 ƒ 321:13
