8317 4658
1000 203 2310 133 meyte om daer of te geraken de brange schaded of om wel ke

981 281 2345 114 seggen de salfer schaden naer het staelten, van 13 aug ifser niet een

964 375 2340 174 sijn alle te flauw, maer bevinde maer t groen oft geule schaden die

981 451 2315 151 noch niet sijn mijn gesondene stalen qiustnctie sal p vertten, het

989 531 2251 161 rettant, van mijne ordre verwaghten recommandere allesuel

993 624 2256 157 naer te comen, ue stelt de alives geniraliter 6 en meer als andre

989 713 2282 176 &dat beswaert veel soo ue moet daer moderetee in gebruycken doen

994 793 2278 218 moeten noch meer prince couleuren sijn, onfin gan nmiet seggen

994 937 2270 118 voor alleer ue de staelen vant restant sal hebben gesonden nu

992 1001 2318 176 wat aengaet het haelten £159, sal dat tot wer dispositie wel

1013 1112 1985 150 be waeren ue sal mij mplaets crediteren als volght

2628 1193 413 189 st £1:19:

1225 1228 874 169 14 as schades . a 39 ƒ

2674 1310 382 120 „13:6:-

1027 1315 1083 211 £1894 7 ditto bileu  „ 38ƒ

2692 1384 448 120 „ 12:15:6

1905 1408 276 183 30 ƒb 7

1198 1457 434 138 19 d. olives

2355 1485 803 174 samen £28:0:6:

2874 1629 287 96 :8:4

2670 1648 117 92 „

1202 1638 1357 214 asseurantie a 1 ½ p van de £ 28:0:6 et

1210 1751 1088 161 vaecsten geresen int versenden

2135 1832 353 206 ƒ 815

1134 1869 795 163 tentollen if p ps

2125 1968 370 161 „2:4

1108 2012 878 131 Aen vraght tot ter plaette

2162 2081 338 113 „2:4

1124 2080 840 164 Aen ditto in wedersenden

1672 2123 1530 238 courant ƒ5:3: wissel ƒ 49„:8:6

2600 2258 692 216 £ 28:17:457

1742 2293 528 194 seemen 12

956 2398 2344 208 M wellens heeft mij gesproken over niet voors taettien & seght ue hem

1020 2504 2309 198 daer over hadde geschreven boven dien dat sijn baettien 345 verkoght

1025 2589 2208 186 war maer wel 344 bevent soo dat mijn baettien wegh is tot ue

999 2681 2183 235 geverre ue sal mij den gelieve te crediteren voor de voors

1004 2761 2312 221 £28:17:1en grant baettaer disponeren blijve naer bordich

1007 2984 641 148 groiterisse

806 3053 997 214 An . Tuancusio rousseuu

1023 3062 2231 297 op 2 deser, was aen u mijnen laette, waer aen mij gedrage sadent

1016 3175 2272 263 van u niets vernomen mijn vrint daer p l'olivier heeft ue

1016 3277 2260 270 te b voor provesie galle genomene moijtien toegittaen

1006 3372 2318 284 bedarckt ue hertelijcke voor de goede sorge, dar ontrert

1007 3497 2326 251 gedragen hebbe ordre become, om de weirde in te trecken

1010 3598 2300 296 dogh terwijlen nu in 2 boyt dagen met ten reghten, hebbe

1034 3720 2304 251 een met geraken, soo versooecke van de netts resterende weende

1016 3822 2167 236 van de ƒ2252:19 segge af p2 provitie &e rest

1021 3914 2194 254 ƒ224::14, dat is het nodighe deses gblijve naer cordiele

1006 4141 771 163 groetenisse

5350 203 613 143 Adj 12 xber 1713

3483 194 744 170 Laer Jan de Sunder

3557 300 2514 140 ue seer aengename van 10 deser wel ontfange daer benevens een afsignatij

3530 384 2424 145 van van hoedert sergnegentigh guldens twie stuyvens wissel geldt ten

3549 473 2471 143 laste mijn Broeder Jan michiel, die prompt voldaen is sijnde in voldoe

3539 511 2557 194 ninge van onse reks tot heden soo dient desen voor quittantie bedansende

3547 600 2449 209 ue hertelijck voor de goede betalinge ghope, met den corsten, ue, oft

3551 724 2445 157 ue beminde hier te sien, om eene niusse rek. te beginnen & twijfele

3546 789 2470 252 niet, oft ue sal a contento connen bedienen soo en qualitijdt van

3535 868 2492 280 goedren als andersins necommandere mij middeldertijdt in ue genegent

3552 1027 2196 234 eijdt blijve met presentatie van mijnen dienst

5234 1132 532 148 Adij 16 d 1713

3435 1180 1025 191 Ams. Francisio rousseau

3547 1216 2444 255 ue seer aengenamen, van 12 deser, wel ontfangen daer benevens een issel

3542 1305 2465 263 brieffe van £300:- op B: gt herince genegorient a 5 pt smijnde

3554 1385 2451 254 avance waer voore ue mijd hadde gecrediteert in £296:6:4 t dat

3538 1460 2478 309 soo niet d'accordt bevinde terwjlen maer £296:50 n maeckt ul hadde

3538 1598 2452 253 mij mede belast voor £18:10:2 voor 5 van de ƒ2282119

3543 1671 2411 286 calgelt, om te reduceren in banco bevinde daer bij oock een erreu

3528 1806 2424 206 tuwer preeditie synde £19:9:6 en dat gelieve na te sier et

3542 1867 2485 273 bevonden mij t'adviseren voorders hadde het nitto appant vooss

3521 2083 2432 174 sataerdagh verwaght, dogh niet vernemen, geloove ue niets heft

3500 2114 2408 255 connen ben reghten comen daer niets aengelegen is terwijlen

3527 2175 2477 342 de voors ƒ2252:19 naer mij hebbe genomen, soo u kan de

3536 2318 2462 285 rest met occasie remittere e van herten graetende Blijve

5234 2508 752 180 Adij 17 sber 1713

3413 2559 805 191 Ath Jan B L'oliviern

3549 2635 2340 187 j'ay bien recu la tres aggreables vre du 2 me court avec ordre de tires

3534 2643 2481 246 t £2252:19 argent d'hollande ce que j'ay fait ayant perdu 4 g be

3537 2790 2459 235 ainsy que j'ay recu Engent de chang (ƒ2157:4 sols. £359:10:8

3703 2888 2229 231 y rabatt e ½ p pour le Sr Jaisseau £359:10:8 „ 1:16:

4234 2995 1773 238 ansij il vous reste de bon enargent de claye. £357:14:8

3524 3157 2498 223 quils a vre disposition & j'attendray l'lonneur de vos ordres pour la destribu

3528 3226 2464 227 tion & s'il y a quelque chose a vre service comendez librement vous

3548 3447 874 158 trouverez tousjours

5389 3449 574 186 Adij 20 d. 1713

3417 3539 1184 228 brugge Gillis van Coppenolle

3539 3603 2375 256 ue seer aengename, van 25 aug 1415 deser wel ontfangen, met den

3534 3717 2468 190 eersten adviseerden den ontfange, van mijnen van 23d met de twwe

3536 3794 2463 186 versoghte sertificatien qmet den tweeden advies dat ue op mij getrocken

3543 3885 2451 259 hadde £18:- courant gelt, te betaelen, aen d'ordre van dheer Edmend

3550 4018 2463 170 curtio, die prompt voldaen hebbe que belast in ick voor ƒ 92:11:6

3537 4111 2428 180 dat d'accordt bevindende gelieft, mede te noteren, met den laeste

3538 4220 2319 220 advies dat schipper frars montaer & jan mae wel tot esterde
