8310 4651
919 226 837 183 werton Wila sam: Lewis

2730 228 536 195 Adij 5 Juny 1715

1010 357 2225 158 op 22 paste was aen ue mijnen laesten waer aen mij gedrage sedert

992 447 2356 156 become ul: aengename, van 11 pas ditto met facture staelen & cognossemens

1003 528 2374 167 van een Baele sarges & Een ditto drapeen monterende £ 177:4: de geladen

1003 638 2358 162 in Jan Buridge Junior die godt danck tot ostende ep pm deseres gearriveerd

940 731 2355 213 de sarges sijn wel in de couleuren, maer de drap een sarslecht, sijn

993 881 2362 161 meert alle te groen & sommige doors, en N. 20 is een stuck not vendalle

949 956 2278 204 de drapan moesten sijn in couleur gelijck de sarges, want anders

985 1045 2319 218 sijn soo niet gewilligh, andre vrinden noteren, als dat berige veele

979 1191 2250 190 goedren, noch heeft achter gelaeten & dat cwings int cort stont te

987 1277 2234 181 volghen, & terwijlen u versoeckt mijne ordre tijdelijck te hebben

996 1379 2273 176 soo prepareert, noch twee baelen Drapeer 2gd vant beste

982 1479 2284 203 goet ider baele van 40p alogis in one sett & so 4 setts in one balle

1005 1562 2259 224 dogh op de couleuren wel te litten, datse sijn soo gelijck de blivees

1011 1686 2250 162 larges aalle olives naer mijne gesondene, staelen van 22 sber lest, te

1006 1820 2331 179 weeten naer N.12: 3. 4. 5.6.7 sijnde alle goede covleuren a levendige

994 1921 2297 182 mengelinge, derhalve gelieve sigh na te reguleren, u lte baele

1001 2030 2247 159 beste soort, staet noch gheel, soo can daer noch niets kan seggen

986 2161 2221 152 van de dorige baele 2d: soort a 34 s hebbe gistren groote claghten

1009 2243 2291 170 gehadt over de corte maete, sijn sommyt bevonden geweest maer

985 2333 2328 161 a 27 lanck dat maer 21gd: uyt maeckt &sij moeten op het alderminste

987 2452 2210 182 a 86½ meeten, soo dese gesonden baele N.4 oock soo is, sal daerby

994 2609 2353 168 groote prejuditie siyden in plaets, van iets t'avanceren, oock daer sijn

994 2701 2289 151 stucken onder, die soo slecht als ake sayen vallen, derhalven sulx can

1009 2797 2316 162 niet seer animeren voorders u seght de twintigh drogetten op sonden

987 2875 2359 226 te senden terwijlen cwings staet over te comen, soo sult die benevens

954 2999 2395 177 de nu 80 ps geordoneerde drapeen, met hem senden, hebbe met bundge

1287 3126 179 90 andre

996 3127 2367 170 noch van vrinden drogetten become, soo dat daer bij nu niet verlegen

998 3250 2291 168 ben ingeslote remittere ue stl £77:4:- en ten laste Lauis la

1019 3329 2307 181 coude in london waer vooren, het noodigh gelieve te besorghen &den

1015 3477 2326 143 ontfangh deser tadviseren als mede, oft ie de 80 drapeen p Jan cevins

1004 3556 2350 112 senden sult om vervolgens te reguleren groete u van herten blije

997 3640 608 152 naer groetenisse

839 3785 916 221 Siserton obet Bandge

2693 3838 528 173 Ady 56: 1715

997 3951 2260 151 op 22 pasto: was aen ue mijnen laeste met remise voor ste £284:-

1007 4101 2276 110 in twee brieven ten laste daniel hays in london als mede ordres

995 4177 2364 125 om de 10 perpett van 30 p te vermeerdren tot 23ps. te weeten 10 van 20ƒ

985 4236 2339 180 a 58 van 60p voorders referren mij aen den selven sedert become

3601 219 2445 127 beyde ue aengename van 7 & 18 passo met den eersten facture staelen van N.5P

3580 286 2485 116 monterende ft £142:5:9 geladen benevene N.3.4 in Jan Buridge junior die goet

3586 361 2504 193 danck op p deser tot ostende is aengecomen, sal sien, hoe die goederen hun sullen

3598 459 2424 172 hebben, eghter hebbe al claghte gehadt, van u gesondene perpet., dat se al

3601 582 2452 129 draet seyndigh sijn & niet soo goet als die u aen d'heer van haire sont derhalve

3570 690 2467 136 wilt u dat daer en continuere, soo moet vant beste goet senden, ider na sijn prijs

3581 781 2423 158 datse fijn &wel bedecht sijn, & vast, gelieve dan voor Ewings te prepareren

3571 879 2404 138 als aen den voet deser genoteert volgens u laeste verstaen, als dat de drap een

3579 986 2480 156 van prijsen, als de baele in N.4 maer 21½ goy souden sijn, sien u goede inttietie

3555 1086 2458 146 a dat mij ten besten raet waer vooren ue hertelijck bedancke want inder daet

3571 1182 2458 181 is het noch quaet genoegh vant beste goet ofte geraken dat wiste waer

3548 1269 2470 183 vooren is alderbeste sarges drapeen: voet vrij aen boordt stelde, soude wel eene

3561 1392 2470 172 baele Pregeire, hebbe die bij andre voor 36:6 en vrij aen boort gehadt, dogh nu

5764 1477 238 74 ordre

3559 1511 2505 141 met jan buridge lotten mij 32 s mij aen boort, sonder eenige de minste belas

3547 1639 2527 100 finge wilt u voor die prijs mij bedienen wile van die wel eene preuve

3550 1681 2470 161 nemen, dogh moeten alle sijn, gelijck de roode groen oft oliver gesondene

3553 1780 2508 187 sarges goede couleuren, soo prepareert eene baele van 40 ps naer de stalen

3553 1910 2465 178 op 9 janu lest aen ul gesenden te weeten alle blives naer N.1.2.3.4.5.

3555 2059 2452 131 2:8. adie op te packen in 4 setts & ider sett van 10ps & soo in one baele

3533 2123 2496 168 soo die mij aenstaen, sal meerdre partijen ontbreden ingeslote remittere

3534 2221 2543 132 u stl £94:7: 0en, ten laste Louis de la caude in londen, waervoren, het

3544 2326 2454 154 nodigh gelieve te besorghen aden ontfangh deser tadviseren, als mede, wat

3539 2366 2550 205 ue ontrent de drapeen sal effectueren am afwaghtinge blijve naer

3537 2520 829 164 hertelijcke groetenissen

4197 2599 901 161 voor 1 boele met 25 perpett.

4376 2694 618 139 10 ps van 80„

4383 2800 208 114 10d.

4702 2793 297 157 „ 26 p

4751 2884 245 170 60 p

4369 2906 211 113 5d

4318 3004 254 155 2 3 ƒ

4789 3009 1207 172 voor 1 baele met 4odrapeen alives

4811 3113 1128 156 naer de staelen van 9 Janue lest

4834 3233 577 109 1113 .. naer N.4

5272 3332 157 86 „ 2

4834 3317 149 94 1 ditto

5270 3400 154 85 „3

4828 3404 105 83 1d

5322 3463 97 101 4

4826 3467 115 96 1d.

4852 3540 75 53 s

4823 3561 121 78 1d

4815 3613 115 96 1d

4824 3692 112 109 1d

4790 3775 181 120 3d

5265 3768 167 150 „8

4782 3886 1209 195 10 ps in one fett & so 4 fetts in one bale
