8392 4630
2716 195 637 170 Adij 13 xber 1715

942 217 1192 153 Brugge Gillis dan Coppenolle

1083 327 2331 170 op gistren was aen ue mijnen laeste met haette gesireven waer aen

1086 410 2271 162 my gedrage, heden become ul: aengename van 14 ditto dien volgens

1072 513 2338 160 verneme de groote eijndentlijck vertrocken is godt danck da wat aengan

1058 620 2185 178 sijne vraght a 45 ps p vat te betaelen sal seherlijck hier niet

1071 746 2299 153 volgen al hoe wel de regeringe van costij hem sulckx toe gewesen

1070 823 2127 197 heeft het is ons seer lief dat hij op wegh is, dogh geloove, soo

1082 946 2293 174 content niet te igge sal vaeren als wel is afgevaeren terwijlen wij

1090 1048 2303 166 alle vooreerst ons prejnditie van retardement sullen waegen &sultu

1035 1142 2277 169 die kek soo maeken, dat die hoogen, sal loopen als sijne geale

1073 1257 2312 178 vraght sal impsorteeren, weete net dat de reghters van costij soo

1082 1359 2236 174 verblint sijn dat sij oordeelen meester van onse borse sijn &ons

1053 1481 2341 172 commanderen willen te doen betaelen, dat het hun gelieft ick verseken

1002 1581 2354 175 desen aet in tractaet van comercie, wel de passe sal comen& soo

1080 1687 2248 158 het godt gelieft sullent op sijn tijdt gevoelen desen principael, om

1095 1782 2174 177 ue te dersoecken van mij het reglement toe te senden van de

1079 1887 2218 170 vraghten, als met ue vorige gemelt te weten waerbij blijckt de

1082 1996 2210 165 schippers 70 a 80 ps voeren moeten voor een vat ioock 2200 he

1064 2111 2299 168 gewight als oock wanneer de vraght van 30 a 80 ps gecomen is tot

1087 2197 2293 177 6ops. seryve desen uyt den naem van alle de gantresseerde derhalven

1107 2304 2193 164 versoeck devoiren te doen om op ontfangh deser dese reglementen

1088 2406 2306 152 mij toe te senden & verseekere, voor ul: niet sehadelijck sal sijn & bij aldien

1044 2541 2351 113 dese ordonantie niet sende syt versekert andre mesures sullen genomen

1121 2621 2126 134 worden tot u groote projuditie, hebbe goede ingressie, bij den

1094 2715 2326 204 heere graves van Coningseek ambasadeur van sijne henserlijcke maicty

1109 2825 2287 155 alhier & hebbe voor nu differente rijsen bij hem geweeste terwijlen

1095 2928 2309 183 hij onsen Borgemeester bij ons heeft gesonden om onse gravamina

1096 3031 2203 192 intrent de negotie op te stellen gelooft valt d'eerste occasie

1075 3131 2256 175 du sal hebben aen hem sulckx vertoonen sal geloove int

1092 3244 2172 174 cort d'eere van sijne presentie tot mijnen hussen te hebben

1090 3370 2230 150 tot u naright ul messive ten eersten hier op te gemoet siende

1079 3467 1268 186 blive, naer Cordial groetenisse

3125 3538 165 124 Ie

2851 3554 402 206 Adij 17d

1050 3583 1151 233 Brussel de wed: Poorremans

1099 3737 2196 156 ue aengename, dan 15 deser wel ontfanghen waer ul: seght

1054 3808 2332 186 de 5 ps drapeen te landen, dogh ue geleeft te neterten van

1066 3963 2230 150 den selven prijs gelijck de laette die u toegesonden hebbe

1083 4042 2327 190 can niett geschieden ue leet wel, dat in alles u getrenwelijck

1096 4151 2230 169 bedienen terwijlen die laete gesonden noch van autes

1122 4260 2223 204 bij hadde van den voigen prijs ael hee wel, den

3582 181 2472 138 op slegh en drapeen en englant was 17 st  p. meer als die 168

3589 294 2552 118 hebbe even wel die u gesonden voorden anden prijs a ƒ 23: adebe

3592 351 2489 161 costen nu 17 st p ps meer & hebbe de andre 5 ps. vervolgens verkoght

3590 438 2334 160 soo het is oedelijck als uck die goederen hooger in coope toct

3578 516 2498 187 hooser in prijs vercoope moete, even wel om ue plaisir te doen

3582 632 2382 154 sal die stellen a ƒ 23:10: a oock niet eenoort minder, dan heeft

3585 757 2556 164 ue de selve 10st beter coop, als andre die voor nu gekoght hebben jte

3583 847 2587 181 sij sijn hier noch niet aengecomen, dogh hope op saturdagh de selve ebe

3581 946 2578 196 ue te connen toesenden derhalve versoeke te loeten weeten, oft be

3577 1059 2481 193 van u geleften is de selve tot den gementionerder prijs te senden

6029 1160 124 167 d

3582 1183 2139 164 segge noch mael niet anders geven can tot avaright

3581 1294 2462 196 hebbe op ontfangh van u geerde selver ten huyte van monss balt

3594 1426 2343 154 ballot geweest & seght eenige brugsche doecken gistrer gereret

3589 1515 2376 145 waeren & dat hij heden aps spoelen soude & soo het eenighsins

3537 1600 2515 168 drogent weder is, deselve op saturdagh ue toesenden a de andre

3565 1717 2598 204 soo haest mogelijck waer in capabel Ben ue vordren dient te doen ledt

3549 1856 1755 191 geluex te commanderer die altijt sal sijn

5991 1887 186 165 1de

3495 2111 901 200 firerten Rores nech marck

5352 2136 640 193 Adij 17 xber 1714-

3568 2218 2574 184 op 3 deser, was aen ue mijnen met kemise voor so £100:- ten laste mathieu,

3554 2360 2566 131 testas in london ais oock de twee seconde Brieven van de £400: - vorders,

3556 2450 2586 156 referrere mij aen den selve sedert become e aengename van 18 & 1s pato

3551 2552 2585 161 dien volgens sal de resterende goedren van mijn rorige ordre wengestene e

3561 2652 2469 156 benevers die daer op niuwe geordoneert hebbe, dat hertelijck recommandere

3563 2733 2466 181 met u loete become ul: aengename met eenige staelen van sijne droght

3558 2869 2466 158 die veele couleuren onder sijn, die bij mij met vercoopbaer sijn & can die

3569 2962 2402 135 voor de qualitijt van 22 ½ gr aen mij gesonden voor mijn gebrayck

3560 3058 2380 198 niet voor aensien, dogh soo sijnde, wille wel eene preuve nemen

3558 3171 2297 180 van de stacken naer de N. hur aen den voet deser genoteert ƒ

3539 3319 2475 160 &recommandere dan datte van luyten a van binnen wel geperst sijn

3560 3435 2473 131 want anders sonde die niet connen aen den man brengen, soo recomn

3560 3501 2469 128 mardere, dat hertelijck & soo daer wel bij bevinde sal meerdoe partije

3541 3633 2469 156 ordenneeren In sal de staelen, oft stael bock maeken op de maniere

3555 3713 2472 204 van de laekens, soo gelijck dit ingesloten stael a 10 ps in een boeltien

3535 3852 2486 141 & de baettans te samen packen, naer d'aude gewoente, nu seght iets

3539 3965 2466 182 van den prijs soude daer niet meer aen betteden als 2ƒ 307 gelijck de

3521 4082 2521 137 22 ½ gdj geloft hebben a soude anders daer oock geene rek. bij inden

3547 4183 2386 200 n antwoort, verders geloove buridge die nu in ladinge leght, die

3560 4300 2457 167 naer dit niet avercomen sal, soo sal ue mijne rek courant senden
