8385 4644
1093 240 2213 158 uyt waeren, gelijck u gaerne hadde soo soude dandre couleuren mij

1088 323 2205 167 aen dhant blijven niet lichtelijck aen den man geraken. het is mij

1083 400 2220 121 leet u daer in niet voldoen can, gelieft u het taettien gehal sult

1096 481 2257 175 met plaiser doen u toesenden alhoewel a ƒ23::5 met een shayner

1096 596 2219 131 aen te avanceren is, om dat de gejaspeerde murder costen als

1092 697 2306 116 wij die connen dercoopen, waer in u dinstigh magh weesen gelieve

1093 770 1577 158 te gebuden die blijve naer cordiale groetenise

2756 857 581 169 Adij 6 xber 1714

912 859 1029 217 Brussel Stephano Rousseau

1086 919 2306 221 j''aj recu si aggreable vre du 28 passe avec advis de vre traitte de cent

1068 1056 2300 170 & cinequante florins argent de change a l'ordres de mons Joannes illos

1097 1136 2244 197 a la quelle ie fairaij honneur, ie vous envoye ey joint mon

1089 1246 2248 214 assignation sur mad. Janssens fille de vote proche les ce suite

1046 1348 2292 152 de trois cent florins argent de change vous priant de procurer

1066 1463 1628 186 le necessaire & croyez que ie suis de Bon coeur

2825 1597 459 174 Adij d: 1714

951 1615 978 239 Brussel mejonffr Jan srans

1098 1687 2292 227 ingevolge d'ordre van dheer nicolas van den bergen onder dato 3 deser, soo hebbe heden op u

1075 1858 2309 172 getrocken op sight ƒ 300:- wissel gelde te betaelen, aen dheer s: rousseau oft ordres

1079 1946 2322 192 versoeke dese mijne traitte te vereeren sult verobligere die blijve iet presentatie van dienst

2737 2058 399 173 aAdij 86

927 2071 1002 200 fiverton Berespnck marck

1093 2192 2179 193 op 24 past was aen ue mijnen laesten, waer aen mij gedrage

944 2332 2415 106 gistren become u aengename van 12 post ditto nerens nevens factun

1073 2396 2297 140 estaeten van 2 baelen ƒ 80:81 bedragende st £214:11 p in John

1060 2499 2337 165 buridge gelaeden, de met den eersten goeden wint, stont te vertraken

1067 2603 2231 141 au versopte nock i baele claer te crijgen voor sijn vertreck

1085 2716 2251 150 derhalve sal de staelen verwaghten u belast de facture mes

1088 2847 2294 150 met alf afsurantie, dat nochtans versoght hebbe, segge noch

1096 2929 2303 152 moel de helft voor a rek in risico is & sal u voor alf assurarti

1079 3039 2301 151 crediteren tot u naright, hebbe den tijdt niet om u gesondene

2856 3138 101 65 m

1092 3130 2275 150 staelen naer mijn ordre de confronteeren derpnni pacltoo

1077 3256 2210 113 converte van ingelijde remise van 6 ƒ160:- ten laste

1083 3338 2220 158 Theodor Jansen in londen waer oomen het nodigh gelieve

1082 3428 2309 208 te besorghen & den ontfangh cito t'adviseren sien de drapse

1096 3541 2287 152 noch manqueren au stelt de loups agols a 37 p bleu schade

1105 3627 2281 208 a 38 p soo dat die al hooger comen als wel geweest hebbe

1107 3726 2235 212 verllove hier de marten naer den opslagh &hooge nissel

1107 3871 1643 169 niet te becomen is groete iu van herten

5461 206 586 138 Adij 6 xber 1714

3496 209 829 183 siverten henrij blagdon

3587 308 2452 167 op 24 pasto was aen u mijnen laetten waer bij versoght hebbe mijne rek

3591 413 2490 123 court & dat u de nieune rek soude beginnen met de goedren, die u in heridge

3590 475 2447 175 laden soude dat met deser confirmere, gstren becerme u aengenace

3581 570 2465 134 van 20 past ditto met facture staelen & Cogrossement van  26:27:32

3584 655 2478 179 beloopende te£ 224: 2:6 7 de coftees, moeren, sijn daer ontrent wel

3584 771 2465 180 de drogets mede uyt geromen de witte couleuren die te grost van

3578 862 2452 206 mengelinge sijn als de vorige het isgelijcke u seght, dat de middel

3563 995 2480 190 ccouleuren manqueren, dogh u stelt die a 18 in is te veel, moete

3567 1123 2451 151 sen hoe die aen de ps sijn den tijt is te cort om ten largeren

3510 1196 2515 180 desen pincipael tot couverte, van dingelijde remise van £140:-

3567 1341 2459 115 ten last theodor sansen in london waer vorer het nodigh gelieve

3571 1457 2468 148 te besorghen & den ontfangh cito adviseren en sal dese remise

3569 1566 2477 118 op de nieuwe rek stellen tot u naright vorders, weete niet wat

3562 1625 2500 157 dencken, dat van mr. thorne noch geere focture, oft staele ontfan

3554 1711 2477 237 ghen hebbe van de goedren die hem geordoneert hebbe de nete

3571 1796 2446 233 niet hij niet begerigh, om mij te bedienen het soude oock met wel

3573 1919 2460 223 gedaen sijn de selve ordre te aerveirden, gelijck hij gedaen heeft

3562 2054 2416 159 a dvi niet te vottraken hij heeft eghter tijt genogh gehat om

3567 2181 2487 136 ten minste van deert baee de stalen te senden tenwijlen die mae

3548 2259 2503 139 het vouge onvoij hadde groetar cmen gelieve deser hen te lasen

3572 2372 2464 152 leten & sal sijnantw: verwaghten ablijve naer cordiale groete

3537 2509 290 141 blijve

3521 2612 2474 171 hebbe het cognossement van N 25 nock niet derhalve gelieve

3550 2732 1136 163 het selve lij tijts te senden

5384 2887 647 171 Adij 11 xber 1714

3490 2875 656 221 Gendt S: Willock

3569 3003 2412 139 sende aen ul: heden p waegens op gendt die morgen avont a costij sullen

3564 3101 2459 173 weesen een pack gemarckt 5:X. in handende 15 engelsche drogetten die

3550 3204 2421 135 in reghten niet meer betaelen als de stoffen tot u naright sijnde drorgh

3557 3299 2443 153 & wel geconditioneert naer soodanigen ontfangh gelieve de vraght te

3524 3431 2468 144 bbetaelen, als naer reden de baele, is voor rek van mons. simon

3546 3499 2460 151 donne rase dorninck u sal de selve gelieve te versenden cito doenelijck

3550 3592 2417 157 dat van herten recommandere dit doende sult verobligeren die blijve

3548 3736 1050 181 naer Cordiaell Groetenisse

5418 3850 514 163 Adij 116: 1714

3551 3862 826 198 Dorninck simon donne

3557 3978 2383 191 ensuite a la tres aggreable vre du 9me court j'aij envoyez aujourd huy p la

3551 4083 2454 202 barque chariot a gend le ballot 17 avec les 15 ps de drogets & addressez a S

3514 4196 2509 159 Francois willers avec ordre de vous l'envoijer a tournaij au plutoit possible

3536 4287 2497 155 Jay Laij marque S:d:X. il vous plaira donner vre ordre au d. Willers
