<?xml version="1.0" encoding="UTF-8"?>
<alto xmlns:xsi="http://www.w3.org/2001/XMLSchema-instance"
      xmlns="http://www.loc.gov/standards/alto/ns-v4#"
      xmlns:page="http://schema.primaresearch.org/PAGE/gts/pagecontent/2013-07-15"
      xsi:schemaLocation="http://www.loc.gov/standards/alto/ns-v4# https://www.loc.gov/standards/alto/v4/alto.xsd">
   <Description>
      <MeasurementUnit>pixel</MeasurementUnit>
      <OCRProcessing ID="IdOcr">
         <ocrProcessingStep>
            <processingDateTime>2022-02-11T21:38:41.189+01:00</processingDateTime>
            <processingSoftware>
               <softwareCreator>READ COOP</softwareCreator>
               <softwareName>Transkribus</softwareName>
            </processingSoftware>
         </ocrProcessingStep>
      </OCRProcessing>
   </Description>
   <Layout>
      <Page ID="Page1" PHYSICAL_IMG_NR="1" HEIGHT="4623" WIDTH="8392">
         <TopMargin HEIGHT="0" WIDTH="8392" VPOS="0" HPOS="0"/>
         <LeftMargin HEIGHT="4623" WIDTH="0" VPOS="0" HPOS="0"/>
         <RightMargin HEIGHT="4623" WIDTH="0" VPOS="0" HPOS="8392"/>
         <BottomMargin HEIGHT="0" WIDTH="8392" VPOS="4623" HPOS="0"/>
         <PrintSpace HEIGHT="4623" WIDTH="8392" VPOS="0" HPOS="0">
            <TextBlock ID="region_1643965767345_3290"
                       HEIGHT="4330"
                       WIDTH="2551"
                       VPOS="106"
                       HPOS="827">
               <Shape>
                  <Polygon POINTS="827,106 3378,106 3378,4436 827,4436"/>
               </Shape>
               <TextLine ID="region_1643965767345_3290l1"
                         BASELINE="1088,242 1175,244 1262,244 1349,244 1436,242 1524,242 1611,240 1698,238 1785,236 1872,234 1960,232 2047,230 2134,228 2221,226 2308,224 2396,224 2483,224 2570,224 2657,224 2744,224 2832,228"
                         HEIGHT="155"
                         WIDTH="1777"
                         VPOS="145"
                         HPOS="1072">
                  <String ID="string_region_1643965767345_3290l1"
                          HEIGHT="155"
                          WIDTH="1777"
                          VPOS="145"
                          HPOS="1072"
                          CONTENT="commande qures fres cincremert &amp; de brula"/>
               </TextLine>
               <TextLine ID="region_1643965767345_3290l2"
                         BASELINE="1162,358 1272,352 1383,346 1493,342 1604,338 1714,334 1825,330 1935,328 2046,326 2156,324 2267,322 2377,320 2488,320 2598,320 2709,320 2819,320 2930,320 3040,322 3151,324 3261,326 3372,328"
                         HEIGHT="134"
                         WIDTH="2243"
                         VPOS="254"
                         HPOS="1145">
                  <String ID="string_region_1643965767345_3290l2"
                          HEIGHT="134"
                          WIDTH="2243"
                          VPOS="254"
                          HPOS="1145"
                          CONTENT="Pour la partie du 4me sber  2 perpet nours. ƒ 74:- £12:6:8en"/>
               </TextLine>
               <TextLine ID="region_1643965767345_3290l3"
                         BASELINE="1146,434 1216,435 1286,434 1356,434 1427,433 1497,432 1567,430 1638,428 1708,426 1778,424 1849,422 1919,421 1989,420 2059,418 2130,417 2200,416 2270,416 2341,417 2411,418 2481,420 2552,422"
                         HEIGHT="172"
                         WIDTH="1440"
                         VPOS="325"
                         HPOS="1128">
                  <String ID="string_region_1643965767345_3290l3"
                          HEIGHT="172"
                          WIDTH="1440"
                          VPOS="325"
                          HPOS="1128"
                          CONTENT="pour la partie du 15 fevrier 1214.„ 1 ditto"/>
               </TextLine>
               <TextLine ID="region_1643965767345_3290l4"
                         BASELINE="2858,422 2883,420 2909,420 2935,420 2960,420 2986,420 3012,420 3037,422 3063,423 3089,425 3115,426 3140,428 3166,428 3192,430 3217,432 3243,432 3269,433 3294,434 3320,434 3346,434 3372,432"
                         HEIGHT="128"
                         WIDTH="550"
                         VPOS="351"
                         HPOS="2840">
                  <String ID="string_region_1643965767345_3290l4"
                          HEIGHT="128"
                          WIDTH="550"
                          VPOS="351"
                          HPOS="2840"
                          CONTENT=" 36:- „6:-:-"/>
               </TextLine>
               <TextLine ID="region_1643965767345_3290l5"
                         BASELINE="1900,572 1973,572 2046,570 2120,570 2193,568 2267,567 2340,566 2413,564 2487,564 2560,564 2634,562 2707,562 2780,562 2854,564 2927,564 3001,566 3074,568 3147,571 3221,574 3294,578 3368,584"
                         HEIGHT="221"
                         WIDTH="1501"
                         VPOS="428"
                         HPOS="1883">
                  <String ID="string_region_1643965767345_3290l5"
                          HEIGHT="221"
                          WIDTH="1501"
                          VPOS="428"
                          HPOS="1883"
                          CONTENT="Ensemble en ergens de change ƒ110: &amp;18:6:8"/>
               </TextLine>
               <TextLine ID="region_1643965767345_3290l6"
                         BASELINE="946,744 1000,739 1054,734 1108,731 1162,728 1217,726 1271,724 1325,724 1379,724 1433,722 1488,724 1542,724 1596,724 1650,724 1704,724 1759,724 1813,724 1867,724 1921,724 1975,723 2030,720"
                         HEIGHT="212"
                         WIDTH="1117"
                         VPOS="602"
                         HPOS="930">
                  <String ID="string_region_1643965767345_3290l6"
                          HEIGHT="212"
                          WIDTH="1117"
                          VPOS="602"
                          HPOS="930"
                          CONTENT="Brugge Gillis Van Coppenolle "/>
               </TextLine>
               <TextLine ID="region_1643965767345_3290l7"
                         BASELINE="2856,734 2882,732 2908,731 2934,730 2960,730 2986,730 3012,730 3038,732 3064,732 3090,733 3116,735 3142,736 3168,736 3194,738 3220,739 3246,740 3272,740 3298,740 3324,740 3350,740 3376,738"
                         HEIGHT="144"
                         WIDTH="552"
                         VPOS="630"
                         HPOS="2841">
                  <String ID="string_region_1643965767345_3290l7"
                          HEIGHT="144"
                          WIDTH="552"
                          VPOS="630"
                          HPOS="2841"
                          CONTENT="Adij 10 8ber 1714"/>
               </TextLine>
               <TextLine ID="region_1643965767345_3290l8"
                         BASELINE="1074,840 1188,838 1302,836 1416,834 1530,832 1644,830 1758,828 1872,826 1986,824 2100,822 2215,820 2329,818 2443,816 2557,816 2671,816 2785,816 2899,816 3013,816 3127,818 3241,822 3356,824"
                         HEIGHT="129"
                         WIDTH="2315"
                         VPOS="730"
                         HPOS="1058">
                  <String ID="string_region_1643965767345_3290l8"
                          HEIGHT="129"
                          WIDTH="2315"
                          VPOS="730"
                          HPOS="1058"
                          CONTENT="beyde ul: aengename van 30 post  deser wel ontfanghen met den"/>
               </TextLine>
               <TextLine ID="region_1643965767345_3290l9"
                         BASELINE="1088,932 1198,928 1309,926 1420,924 1530,922 1641,920 1752,919 1862,918 1973,916 2084,916 2195,914 2305,913 2416,912 2527,912 2637,912 2748,910 2859,910 2969,910 3080,910 3191,910 3302,910"
                         HEIGHT="166"
                         WIDTH="2249"
                         VPOS="817"
                         HPOS="1071">
                  <String ID="string_region_1643965767345_3290l9"
                          HEIGHT="166"
                          WIDTH="2249"
                          VPOS="817"
                          HPOS="1071"
                          CONTENT="eeosten de oncost rek van de baele  56, als mede van de twee"/>
               </TextLine>
               <TextLine ID="region_1643965767345_3290l10"
                         BASELINE="1080,1024 1190,1022 1300,1021 1410,1020 1521,1018 1631,1018 1741,1016 1852,1016 1962,1014 2072,1013 2183,1012 2293,1012 2403,1010 2513,1010 2624,1010 2734,1008 2844,1008 2955,1006 3065,1006 3175,1006 3286,1004"
                         HEIGHT="163"
                         WIDTH="2235"
                         VPOS="917"
                         HPOS="1065">
                  <String ID="string_region_1643965767345_3290l10"
                          HEIGHT="163"
                          WIDTH="2235"
                          VPOS="917"
                          HPOS="1065"
                          CONTENT="baelen calffveleen die d'accordt revinde &amp; hebbe ue daer vooren"/>
               </TextLine>
               <TextLine ID="region_1643965767345_3290l11"
                         BASELINE="1088,1126 1201,1122 1315,1118 1429,1115 1542,1112 1656,1110 1770,1108 1883,1106 1997,1104 2111,1102 2225,1102 2338,1102 2452,1100 2566,1100 2679,1100 2793,1100 2907,1100 3020,1100 3134,1102 3248,1102 3362,1102"
                         HEIGHT="162"
                         WIDTH="2305"
                         VPOS="1016"
                         HPOS="1073">
                  <String ID="string_region_1643965767345_3290l11"
                          HEIGHT="162"
                          WIDTH="2305"
                          VPOS="1016"
                          HPOS="1073"
                          CONTENT="gecrediteert, met den laette advies dat ul de 9 balloten versonde"/>
               </TextLine>
               <TextLine ID="region_1643965767345_3290l12"
                         BASELINE="1068,1216 1182,1214 1296,1212 1411,1209 1525,1208 1640,1206 1754,1204 1868,1202 1983,1200 2097,1200 2212,1198 2326,1198 2440,1198 2555,1196 2669,1196 2784,1196 2898,1198 3012,1198 3127,1198 3241,1200 3356,1200"
                         HEIGHT="145"
                         WIDTH="2320"
                         VPOS="1090"
                         HPOS="1053">
                  <String ID="string_region_1643965767345_3290l12"
                          HEIGHT="145"
                          WIDTH="2320"
                          VPOS="1090"
                          HPOS="1053"
                          CONTENT="hadde &amp; schipper bilander van dominieus de groote de benevens"/>
               </TextLine>
               <TextLine ID="region_1643965767345_3290l13"
                         BASELINE="1038,1320 1151,1318 1265,1316 1379,1314 1493,1312 1607,1310 1721,1308 1835,1306 1949,1304 2063,1302 2177,1302 2290,1300 2404,1300 2518,1300 2632,1298 2746,1298 2860,1298 2974,1298 3088,1298 3202,1298 3316,1300"
                         HEIGHT="130"
                         WIDTH="2311"
                         VPOS="1225"
                         HPOS="1022">
                  <String ID="string_region_1643965767345_3290l13"
                          HEIGHT="130"
                          WIDTH="2311"
                          VPOS="1225"
                          HPOS="1022"
                          CONTENT="d'andre schippers geprotesteert hadden tegens de 60ps p vat"/>
               </TextLine>
               <TextLine ID="region_1643965767345_3290l14"
                         BASELINE="1066,1434 1181,1428 1297,1424 1412,1420 1528,1417 1643,1414 1759,1412 1874,1410 1990,1410 2105,1408 2221,1406 2336,1406 2452,1406 2567,1406 2683,1404 2798,1404 2914,1404 3029,1404 3145,1404 3260,1402 3376,1402"
                         HEIGHT="197"
                         WIDTH="2342"
                         VPOS="1302"
                         HPOS="1050">
                  <String ID="string_region_1643965767345_3290l14"
                          HEIGHT="197"
                          WIDTH="2342"
                          VPOS="1302"
                          HPOS="1050"
                          CONTENT="gij lieden mooght wel sorghe draghen, dat sulckx blijft continuee"/>
               </TextLine>
               <TextLine ID="region_1643965767345_3290l15"
                         BASELINE="1086,1542 1198,1536 1311,1531 1424,1526 1536,1523 1649,1520 1762,1518 1874,1516 1987,1514 2100,1514 2213,1514 2325,1514 2438,1514 2551,1516 2663,1516 2776,1518 2889,1518 3001,1520 3114,1522 3227,1522 3340,1524"
                         HEIGHT="186"
                         WIDTH="2286"
                         VPOS="1414"
                         HPOS="1070">
                  <String ID="string_region_1643965767345_3290l15"
                          HEIGHT="186"
                          WIDTH="2286"
                          VPOS="1414"
                          HPOS="1070"
                          CONTENT="&amp; dat de schippers niet vragen dat se willen 2 loo po sargie"/>
               </TextLine>
               <TextLine ID="region_1643965767345_3290l16"
                         BASELINE="1096,1654 1205,1647 1314,1642 1423,1637 1532,1634 1642,1631 1751,1630 1860,1628 1969,1628 2078,1628 2188,1628 2297,1628 2406,1628 2515,1629 2624,1630 2734,1630 2843,1630 2952,1630 3061,1630 3170,1630 3280,1628"
                         HEIGHT="216"
                         WIDTH="2217"
                         VPOS="1506"
                         HPOS="1079">
                  <String ID="string_region_1643965767345_3290l16"
                          HEIGHT="216"
                          WIDTH="2217"
                          VPOS="1506"
                          HPOS="1079"
                          CONTENT="is vrij noch wijnigh genoegh voor een vat het schijnt een "/>
               </TextLine>
               <TextLine ID="region_1643965767345_3290l17"
                         BASELINE="1050,1758 1161,1754 1273,1750 1385,1746 1496,1744 1608,1742 1720,1740 1831,1738 1943,1738 2055,1736 2167,1736 2278,1736 2390,1734 2502,1734 2613,1734 2725,1734 2837,1734 2948,1734 3060,1732 3172,1732 3284,1732"
                         HEIGHT="187"
                         WIDTH="2264"
                         VPOS="1623"
                         HPOS="1035">
                  <String ID="string_region_1643965767345_3290l17"
                          HEIGHT="187"
                          WIDTH="2264"
                          VPOS="1623"
                          HPOS="1035"
                          CONTENT="ijder devoiren doen wilt, em de resterende negotie uyt te"/>
               </TextLine>
               <TextLine ID="region_1643965767345_3290l18"
                         BASELINE="1054,1862 1165,1858 1276,1855 1387,1852 1498,1848 1609,1846 1720,1844 1831,1842 1942,1842 2053,1840 2164,1838 2275,1838 2386,1836 2497,1836 2608,1836 2719,1836 2830,1834 2941,1834 3052,1834 3163,1834 3274,1832"
                         HEIGHT="169"
                         WIDTH="2251"
                         VPOS="1736"
                         HPOS="1037">
                  <String ID="string_region_1643965767345_3290l18"
                          HEIGHT="169"
                          WIDTH="2251"
                          VPOS="1736"
                          HPOS="1037"
                          CONTENT="z annen de schippers mijnen daer avantagie bij te haelen,"/>
               </TextLine>
               <TextLine ID="region_1643965767345_3290l19"
                         BASELINE="1062,1960 1172,1955 1283,1950 1394,1946 1505,1944 1616,1942 1726,1940 1837,1938 1948,1938 2059,1938 2170,1938 2280,1938 2391,1938 2502,1940 2613,1940 2724,1942 2834,1942 2945,1942 3056,1944 3167,1944 3278,1944"
                         HEIGHT="152"
                         WIDTH="2245"
                         VPOS="1839"
                         HPOS="1048">
                  <String ID="string_region_1643965767345_3290l19"
                          HEIGHT="152"
                          WIDTH="2245"
                          VPOS="1839"
                          HPOS="1048"
                          CONTENT="t soude hun tot meerder hindernisse sijn. hebbe oncost Reb"/>
               </TextLine>
               <TextLine ID="region_1643965767345_3290l20"
                         BASELINE="1074,2054 1181,2052 1289,2052 1396,2050 1504,2050 1611,2048 1719,2046 1826,2044 1934,2044 2041,2042 2149,2040 2256,2040 2364,2038 2471,2038 2579,2036 2686,2036 2794,2036 2901,2036 3009,2036 3116,2038 3224,2040"
                         HEIGHT="131"
                         WIDTH="2179"
                         VPOS="1982"
                         HPOS="1059">
                  <String ID="string_region_1643965767345_3290l20"
                          HEIGHT="131"
                          WIDTH="2179"
                          VPOS="1982"
                          HPOS="1059"
                          CONTENT="van de 9 balloten naer gesien avinde tot u nadeel voort"/>
               </TextLine>
               <TextLine ID="region_1643965767345_3290l21"
                         BASELINE="1058,2154 1167,2154 1276,2152 1385,2152 1495,2151 1604,2150 1713,2150 1823,2148 1932,2148 2041,2146 2151,2146 2260,2145 2369,2144 2478,2142 2588,2142 2697,2140 2806,2138 2916,2138 3025,2136 3134,2134 3244,2132"
                         HEIGHT="165"
                         WIDTH="2217"
                         VPOS="2054"
                         HPOS="1043">
                  <String ID="string_region_1643965767345_3290l21"
                          HEIGHT="165"
                          WIDTH="2217"
                          VPOS="2054"
                          HPOS="1043"
                          CONTENT="lossen 4 packen a 8 seght ul ƒ1:4: moet sijn ƒ1:12: als"/>
               </TextLine>
               <TextLine ID="region_1643965767345_3290l22"
                         BASELINE="1098,2258 1207,2258 1316,2258 1425,2258 1535,2258 1644,2260 1753,2260 1863,2262 1972,2262 2081,2264 2191,2264 2300,2266 2409,2266 2518,2266 2628,2266 2737,2266 2846,2266 2956,2264 3065,2262 3174,2260 3284,2256"
                         HEIGHT="178"
                         WIDTH="2216"
                         VPOS="2155"
                         HPOS="1082">
                  <String ID="string_region_1643965767345_3290l22"
                          HEIGHT="178"
                          WIDTH="2216"
                          VPOS="2155"
                          HPOS="1082"
                          CONTENT="oock voort scheep doen boven dien de vraght, van 165 ps a slt"/>
               </TextLine>
               <TextLine ID="region_1643965767345_3290l23"
                         BASELINE="1080,2362 1190,2362 1300,2362 1410,2362 1521,2364 1631,2364 1741,2366 1852,2366 1962,2368 2072,2368 2183,2370 2293,2370 2403,2370 2513,2372 2624,2372 2734,2372 2844,2370 2955,2370 3065,2369 3175,2368 3286,2366"
                         HEIGHT="173"
                         WIDTH="2236"
                         VPOS="2274"
                         HPOS="1065">
                  <String ID="string_region_1643965767345_3290l23"
                          HEIGHT="173"
                          WIDTH="2236"
                          VPOS="2274"
                          HPOS="1065"
                          CONTENT="seght u ƒ 57:10 moet bijn ƒ 57:15 soo hebbe selfts de rek"/>
               </TextLine>
               <TextLine ID="region_1643965767345_3290l24"
                         BASELINE="1072,2464 1182,2466 1293,2468 1404,2470 1515,2471 1626,2472 1737,2474 1848,2474 1959,2474 2070,2476 2181,2476 2291,2476 2402,2476 2513,2476 2624,2476 2735,2474 2846,2474 2957,2474 3068,2473 3179,2472 3290,2472"
                         HEIGHT="136"
                         WIDTH="2251"
                         VPOS="2384"
                         HPOS="1056">
                  <String ID="string_region_1643965767345_3290l24"
                          HEIGHT="136"
                          WIDTH="2251"
                          VPOS="2384"
                          HPOS="1056"
                          CONTENT="gecorigeert ou gecrediteert saemen in wissel gelde ƒ492:3:"/>
               </TextLine>
               <TextLine ID="region_1643965767345_3290l25"
                         BASELINE="1054,2588 1169,2590 1285,2592 1401,2592 1517,2592 1633,2592 1749,2592 1865,2592 1981,2590 2097,2590 2213,2588 2328,2586 2444,2586 2560,2584 2676,2582 2792,2582 2908,2580 3024,2580 3140,2578 3256,2578 3372,2578"
                         HEIGHT="164"
                         WIDTH="2352"
                         VPOS="2481"
                         HPOS="1037">
                  <String ID="string_region_1643965767345_3290l25"
                          HEIGHT="164"
                          WIDTH="2352"
                          VPOS="2481"
                          HPOS="1037"
                          CONTENT="in plaets van ƒ491:5, dat gelieve naer te sun daccord bevindende "/>
               </TextLine>
               <TextLine ID="region_1643965767345_3290l26"
                         BASELINE="1078,2692 1188,2694 1298,2695 1408,2696 1518,2698 1629,2698 1739,2700 1849,2700 1959,2700 2069,2700 2180,2700 2290,2700 2400,2700 2510,2700 2620,2700 2731,2700 2841,2698 2951,2698 3061,2696 3171,2696 3282,2694"
                         HEIGHT="108"
                         WIDTH="2235"
                         VPOS="2616"
                         HPOS="1064">
                  <String ID="string_region_1643965767345_3290l26"
                          HEIGHT="108"
                          WIDTH="2235"
                          VPOS="2616"
                          HPOS="1064"
                          CONTENT="benevens mij te noteren, sal de 9 poesen p eerste verwaghte"/>
               </TextLine>
               <TextLine ID="region_1643965767345_3290l27"
                         BASELINE="1074,2804 1182,2804 1290,2806 1398,2806 1506,2806 1614,2806 1722,2808 1830,2808 1938,2808 2046,2810 2154,2810 2262,2810 2370,2810 2478,2810 2586,2810 2694,2808 2802,2808 2910,2806 3018,2804 3126,2802 3234,2798"
                         HEIGHT="112"
                         WIDTH="2191"
                         VPOS="2729"
                         HPOS="1058">
                  <String ID="string_region_1643965767345_3290l27"
                          HEIGHT="112"
                          WIDTH="2191"
                          VPOS="2729"
                          HPOS="1058"
                          CONTENT="averhope op 8 deser vertrocken sijn ingesloten een wissel"/>
               </TextLine>
               <TextLine ID="region_1643965767345_3290l28"
                         BASELINE="1086,2912 1194,2910 1302,2908 1411,2906 1519,2906 1628,2906 1736,2906 1844,2906 1953,2908 2061,2908 2170,2908 2278,2908 2386,2908 2495,2908 2603,2908 2712,2906 2820,2905 2928,2902 3037,2899 3145,2894 3254,2890"
                         HEIGHT="126"
                         WIDTH="2198"
                         VPOS="2842"
                         HPOS="1070">
                  <String ID="string_region_1643965767345_3290l28"
                          HEIGHT="126"
                          WIDTH="2198"
                          VPOS="2842"
                          HPOS="1070"
                          CONTENT="brief, ten laste m. hejden die geleve te laeten accepteeren"/>
               </TextLine>
               <TextLine ID="region_1643965767345_3290l29"
                         BASELINE="1054,3024 1151,3020 1248,3017 1345,3014 1442,3012 1539,3010 1636,3008 1733,3008 1830,3006 1927,3006 2024,3005 2121,3004 2218,3004 2315,3002 2412,3002 2509,3000 2606,2998 2703,2996 2800,2993 2897,2990 2994,2986"
                         HEIGHT="107"
                         WIDTH="1971"
                         VPOS="2932"
                         HPOS="1038">
                  <String ID="string_region_1643965767345_3290l29"
                          HEIGHT="107"
                          WIDTH="1971"
                          VPOS="2932"
                          HPOS="1038"
                          CONTENT="amij cito te rigge te senden am afwaghtinge blijve"/>
               </TextLine>
               <TextLine ID="region_1643965767345_3290l30"
                         BASELINE="1038,3174 1152,3167 1266,3161 1380,3156 1494,3152 1609,3150 1723,3148 1837,3146 1951,3144 2065,3142 2180,3142 2294,3142 2408,3140 2522,3140 2636,3138 2751,3136 2865,3134 2979,3131 3093,3128 3207,3122 3322,3116"
                         HEIGHT="194"
                         WIDTH="2318"
                         VPOS="3036"
                         HPOS="1022">
                  <String ID="string_region_1643965767345_3290l30"
                          HEIGHT="194"
                          WIDTH="2318"
                          VPOS="3036"
                          HPOS="1022"
                          CONTENT="s ingeslote remittere af ƒ750:- wissel gelde ten laste 18 de "/>
               </TextLine>
               <TextLine ID="region_1643965767345_3290l31"
                         BASELINE="1086,3268 1195,3262 1304,3256 1413,3252 1522,3248 1631,3246 1740,3242 1849,3240 1958,3240 2067,3238 2176,3236 2285,3236 2394,3234 2503,3234 2612,3232 2721,3231 2830,3230 2939,3228 3048,3224 3157,3222 3266,3218"
                         HEIGHT="149"
                         WIDTH="2210"
                         VPOS="3178"
                         HPOS="1070">
                  <String ID="string_region_1643965767345_3290l31"
                          HEIGHT="149"
                          WIDTH="2210"
                          VPOS="3178"
                          HPOS="1070"
                          CONTENT="connez a corty waer voren het nodigh geluve te besorghen &amp; op syn"/>
               </TextLine>
               <TextLine ID="region_1643965767345_3290l32"
                         BASELINE="1090,3364 1175,3360 1261,3356 1347,3352 1432,3350 1518,3348 1604,3346 1689,3344 1775,3344 1861,3342 1947,3342 2032,3342 2118,3342 2204,3342 2289,3342 2375,3340 2461,3340 2546,3340 2632,3338 2718,3338 2804,3336"
                         HEIGHT="189"
                         WIDTH="1745"
                         VPOS="3243"
                         HPOS="1075">
                  <String ID="string_region_1643965767345_3290l32"
                          HEIGHT="189"
                          WIDTH="1745"
                          VPOS="3243"
                          HPOS="1075"
                          CONTENT="tijdt mijne iek voor des selfs waerde crediteren"/>
               </TextLine>
               <TextLine ID="region_1643965767345_3290l33"
                         BASELINE="2848,3504 2873,3501 2899,3500 2925,3498 2951,3497 2977,3495 3003,3493 3029,3492 3055,3492 3080,3492 3106,3491 3132,3490 3158,3490 3184,3490 3210,3490 3236,3489 3262,3488 3288,3488"
                         HEIGHT="189"
                         WIDTH="478"
                         VPOS="3358"
                         HPOS="2828">
                  <String ID="string_region_1643965767345_3290l33"
                          HEIGHT="189"
                          WIDTH="478"
                          VPOS="3358"
                          HPOS="2828"
                          CONTENT="Adij d. 17114"/>
               </TextLine>
               <TextLine ID="region_1643965767345_3290l34"
                         BASELINE="966,3540 1014,3537 1062,3532 1111,3530 1159,3528 1208,3524 1256,3522 1304,3520 1353,3518 1401,3516 1450,3514 1498,3512 1546,3512 1595,3509 1643,3507 1692,3504 1740,3502 1788,3499 1837,3496 1885,3491 1934,3486"
                         HEIGHT="186"
                         WIDTH="1008"
                         VPOS="3380"
                         HPOS="946">
                  <String ID="string_region_1643965767345_3290l34"
                          HEIGHT="186"
                          WIDTH="1008"
                          VPOS="3380"
                          HPOS="946"
                          CONTENT="Londen Carles Hamitton"/>
               </TextLine>
               <TextLine ID="region_1643965767345_3290l35"
                         BASELINE="1092,3640 1202,3636 1313,3632 1423,3628 1534,3626 1644,3622 1755,3620 1865,3616 1976,3614 2086,3612 2197,3608 2307,3606 2418,3604 2528,3602 2639,3600 2749,3598 2860,3596 2970,3594 3081,3592 3191,3591 3302,3590"
                         HEIGHT="181"
                         WIDTH="2242"
                         VPOS="3493"
                         HPOS="1074">
                  <String ID="string_region_1643965767345_3290l35"
                          HEIGHT="181"
                          WIDTH="2242"
                          VPOS="3493"
                          HPOS="1074"
                          CONTENT="ul seer aengename van 17 pasto wel ontfanghen daer benevens eenige"/>
               </TextLine>
               <TextLine ID="region_1643965767345_3290l36"
                         BASELINE="1084,3734 1189,3732 1294,3728 1399,3726 1504,3722 1610,3718 1715,3714 1820,3710 1925,3708 2030,3704 2136,3700 2241,3697 2346,3694 2451,3691 2556,3688 2662,3686 2767,3684 2872,3682 2977,3681 3082,3680 3188,3680"
                         HEIGHT="160"
                         WIDTH="2137"
                         VPOS="3606"
                         HPOS="1067">
                  <String ID="string_region_1643965767345_3290l36"
                          HEIGHT="160"
                          WIDTH="2137"
                          VPOS="3606"
                          HPOS="1067"
                          CONTENT="staelen van Londen drogetts die hebbe besightight abevenden"/>
               </TextLine>
               <TextLine ID="region_1643965767345_3290l37"
                         BASELINE="1078,3836 1188,3835 1298,3834 1408,3832 1518,3829 1629,3826 1739,3823 1849,3820 1959,3816 2069,3812 2180,3810 2290,3805 2400,3801 2510,3797 2620,3793 2731,3790 2841,3786 2951,3782 3061,3778 3171,3774 3282,3772"
                         HEIGHT="211"
                         WIDTH="2237"
                         VPOS="3687"
                         HPOS="1061">
                  <String ID="string_region_1643965767345_3290l37"
                          HEIGHT="211"
                          WIDTH="2237"
                          VPOS="3687"
                          HPOS="1061"
                          CONTENT="slecht voor sijn prijs, dat daer by geene rek sende connen inden"/>
               </TextLine>
               <TextLine ID="region_1643965767345_3290l38"
                         BASELINE="1066,3934 1177,3936 1289,3938 1401,3938 1512,3938 1624,3936 1736,3934 1847,3932 1959,3928 2071,3925 2183,3922 2294,3918 2406,3913 2518,3910 2629,3906 2741,3902 2853,3900 2964,3896 3076,3894 3188,3892 3300,3892"
                         HEIGHT="156"
                         WIDTH="2267"
                         VPOS="3836"
                         HPOS="1047">
                  <String ID="string_region_1643965767345_3290l38"
                          HEIGHT="156"
                          WIDTH="2267"
                          VPOS="3836"
                          HPOS="1047"
                          CONTENT="soo ist niet geraetsaen die te laeten comen hebbbe van trrerton"/>
               </TextLine>
               <TextLine ID="region_1643965767345_3290l39"
                         BASELINE="1062,4042 1172,4044 1283,4044 1393,4044 1504,4044 1614,4044 1725,4042 1835,4040 1946,4038 2056,4036 2167,4034 2277,4030 2388,4028 2498,4026 2609,4024 2719,4022 2830,4020 2940,4018 3051,4018 3161,4016 3272,4016"
                         HEIGHT="200"
                         WIDTH="2243"
                         VPOS="3900"
                         HPOS="1045">
                  <String ID="string_region_1643965767345_3290l39"
                          HEIGHT="200"
                          WIDTH="2243"
                          VPOS="3900"
                          HPOS="1045"
                          CONTENT="geen schoone &amp; goede site ontrent toe denght saem als dese"/>
               </TextLine>
               <TextLine ID="region_1643965767345_3290l40"
                         BASELINE="1100,4142 1205,4140 1310,4138 1415,4138 1520,4136 1626,4136 1731,4136 1836,4136 1941,4136 2046,4136 2152,4136 2257,4138 2362,4138 2467,4138 2572,4140 2678,4140 2783,4142 2888,4142 2993,4144 3098,4146 3204,4146"
                         HEIGHT="165"
                         WIDTH="2136"
                         VPOS="4037"
                         HPOS="1083">
                  <String ID="string_region_1643965767345_3290l40"
                          HEIGHT="165"
                          WIDTH="2136"
                          VPOS="4037"
                          HPOS="1083"
                          CONTENT="voor 17½ &amp; heeft u de staelen nodigh geluve te laeten"/>
               </TextLine>
               <TextLine ID="region_1643965767345_3290l41"
                         BASELINE="1102,4250 1214,4248 1327,4246 1440,4244 1553,4244 1666,4246 1778,4247 1891,4249 2004,4252 2117,4254 2230,4256 2342,4258 2455,4260 2568,4262 2681,4263 2794,4264 2906,4262 3019,4262 3132,4259 3245,4256 3358,4250"
                         HEIGHT="134"
                         WIDTH="2286"
                         VPOS="4167"
                         HPOS="1087">
                  <String ID="string_region_1643965767345_3290l41"
                          HEIGHT="134"
                          WIDTH="2286"
                          VPOS="4167"
                          HPOS="1087"
                          CONTENT="weeten sal die wedersenden vorders, hebbe ue oock gedebite"/>
               </TextLine>
               <TextLine ID="region_1643965767345_3290l42"
                         BASELINE="1074,4370 1186,4368 1298,4368 1410,4366 1522,4366 1635,4366 1747,4368 1859,4368 1971,4370 2083,4370 2196,4372 2308,4373 2420,4374 2532,4374 2644,4376 2757,4376 2869,4374 2981,4374 3093,4372 3205,4370 3318,4366"
                         HEIGHT="154"
                         WIDTH="2276"
                         VPOS="4255"
                         HPOS="1058">
                  <String ID="string_region_1643965767345_3290l42"
                          HEIGHT="154"
                          WIDTH="2276"
                          VPOS="4255"
                          HPOS="1058"
                          CONTENT="voor £1:1:2 et voor d'encosten op de baele £ 56: door d heer"/>
               </TextLine>
            </TextBlock>
            <TextBlock ID="region_1643965770225_3293"
                       HEIGHT="4400"
                       WIDTH="2595"
                       VPOS="106"
                       HPOS="3467">
               <Shape>
                  <Polygon POINTS="3467,106 6062,106 6062,4506 3467,4506"/>
               </Shape>
               <TextLine ID="region_1643965770225_3293l1"
                         BASELINE="3582,264 3704,264 3826,264 3948,264 4070,264 4193,264 4315,264 4437,266 4559,266 4681,266 4804,266 4926,266 5048,266 5170,264 5292,264 5415,264 5537,262 5659,260 5781,258 5903,256 6026,254"
                         HEIGHT="119"
                         WIDTH="2473"
                         VPOS="219"
                         HPOS="3568">
                  <String ID="string_region_1643965770225_3293l1"
                          HEIGHT="119"
                          WIDTH="2473"
                          VPOS="219"
                          HPOS="3568"
                          CONTENT="nenot aen ul goet gedaen, wat aengaet de tijcken geloove ue nu beter"/>
               </TextLine>
               <TextLine ID="region_1643965770225_3293l2"
                         BASELINE="3594,350 3715,350 3836,351 3957,352 4078,354 4200,355 4321,356 4442,358 4563,360 4684,360 4806,362 4927,362 5048,362 5169,362 5290,360 5412,359 5533,356 5654,354 5775,348 5896,343 6018,336"
                         HEIGHT="129"
                         WIDTH="2454"
                         VPOS="281"
                         HPOS="3580">
                  <String ID="string_region_1643965770225_3293l2"
                          HEIGHT="129"
                          WIDTH="2454"
                          VPOS="281"
                          HPOS="3580"
                          CONTENT="mart sal maeken, om dat de selve, hier noch hooger op gekoght sijn"/>
               </TextLine>
               <TextLine ID="region_1643965770225_3293l3"
                         BASELINE="3596,452 3718,450 3841,450 3964,450 4087,448 4210,449 4332,450 4455,450 4578,450 4701,450 4824,452 4946,452 5069,452 5192,454 5315,454 5438,454 5560,454 5683,454 5806,454 5929,454 6052,454"
                         HEIGHT="114"
                         WIDTH="2485"
                         VPOS="403"
                         HPOS="3582">
                  <String ID="string_region_1643965770225_3293l3"
                          HEIGHT="114"
                          WIDTH="2485"
                          VPOS="403"
                          HPOS="3582"
                          CONTENT="als met mijnen vorigen genoteert hebbe mijn Croeder Jan micheel "/>
               </TextLine>
               <TextLine ID="region_1643965770225_3293l4"
                         BASELINE="3582,556 3702,553 3823,550 3944,548 4065,548 4186,548 4306,548 4427,548 4548,550 4669,550 4790,552 4910,552 5031,554 5152,554 5273,554 5394,554 5514,554 5635,552 5756,550 5877,546 5998,542"
                         HEIGHT="159"
                         WIDTH="2448"
                         VPOS="467"
                         HPOS="3567">
                  <String ID="string_region_1643965770225_3293l4"
                          HEIGHT="159"
                          WIDTH="2448"
                          VPOS="467"
                          HPOS="3567"
                          CONTENT="heeft voor een vrint door ordre 12t pps meer ingekoght op stuck als"/>
               </TextLine>
               <TextLine ID="region_1643965770225_3293l5"
                         BASELINE="6040,588 6060,588"
                         HEIGHT="110"
                         WIDTH="50"
                         VPOS="503"
                         HPOS="6024">
                  <String ID="string_region_1643965770225_3293l5"
                          HEIGHT="110"
                          WIDTH="50"
                          VPOS="503"
                          HPOS="6024"
                          CONTENT="1u"/>
               </TextLine>
               <TextLine ID="region_1643965770225_3293l6"
                         BASELINE="3600,658 3720,652 3841,648 3961,646 4082,644 4202,644 4323,644 4443,646 4564,648 4684,650 4805,651 4925,652 5046,654 5166,656 5287,656 5407,654 5528,654 5648,650 5769,646 5889,640 6010,632"
                         HEIGHT="160"
                         WIDTH="2441"
                         VPOS="561"
                         HPOS="3583">
                  <String ID="string_region_1643965770225_3293l6"
                          HEIGHT="160"
                          WIDTH="2441"
                          VPOS="561"
                          HPOS="3583"
                          CONTENT="mijne baele, onder ul berustende derhalve, sal ue soo ligh veerdigh"/>
               </TextLine>
               <TextLine ID="region_1643965770225_3293l7"
                         BASELINE="3602,754 3718,750 3834,748 3951,746 4067,746 4184,746 4300,746 4416,746 4533,747 4649,748 4766,750 4882,750 4998,752 5115,752 5231,754 5348,754 5464,753 5580,752 5697,750 5813,748 5930,744"
                         HEIGHT="118"
                         WIDTH="2357"
                         VPOS="689"
                         HPOS="3588">
                  <String ID="string_region_1643965770225_3293l7"
                          HEIGHT="118"
                          WIDTH="2357"
                          VPOS="689"
                          HPOS="3588"
                          CONTENT="niet afmaeken a traghte ten minsten de prijsen te becomen"/>
               </TextLine>
               <TextLine ID="region_1643965770225_3293l8"
                         BASELINE="3584,850 3707,848 3830,846 3953,846 4076,848 4200,848 4323,850 4446,852 4569,854 4692,854 4816,856 4939,858 5062,858 5185,857 5308,856 5432,854 5555,850 5678,845 5801,839 5924,830 6048,820"
                         HEIGHT="229"
                         WIDTH="2498"
                         VPOS="677"
                         HPOS="3567">
                  <String ID="string_region_1643965770225_3293l8"
                          HEIGHT="229"
                          WIDTH="2498"
                          VPOS="677"
                          HPOS="3567"
                          CONTENT="als ie genoteert hebbe, dat met mijnen vorighen gerydt hebbe van"/>
               </TextLine>
               <TextLine ID="region_1643965770225_3293l9"
                         BASELINE="3584,960 3703,958 3823,956 3943,954 4063,954 4183,954 4302,954 4422,956 4542,956 4662,958 4782,959 4901,960 5021,960 5141,962 5261,962 5381,962 5500,960 5620,958 5740,956 5860,952 5980,948"
                         HEIGHT="146"
                         WIDTH="2426"
                         VPOS="857"
                         HPOS="3570">
                  <String ID="string_region_1643965770225_3293l9"
                          HEIGHT="146"
                          WIDTH="2426"
                          VPOS="857"
                          HPOS="3570"
                          CONTENT="bo7 minder te mogen laeten contant gelt, was, om van de wissel"/>
               </TextLine>
               <TextLine ID="region_1643965770225_3293l10"
                         BASELINE="3570,1064 3690,1066 3810,1066 3930,1068 4051,1068 4171,1068 4291,1068 4412,1070 4532,1070 4652,1070 4773,1070 4893,1070 5013,1069 5133,1068 5254,1068 5374,1066 5494,1064 5615,1062 5735,1060 5855,1058 5976,1056"
                         HEIGHT="177"
                         WIDTH="2438"
                         VPOS="963"
                         HPOS="3555">
                  <String ID="string_region_1643965770225_3293l10"
                          HEIGHT="177"
                          WIDTH="2438"
                          VPOS="963"
                          HPOS="3555"
                          CONTENT="de profiteeren cedie is ue aent vallen soo moet u sigh vervolgens "/>
               </TextLine>
               <TextLine ID="region_1643965770225_3293l11"
                         BASELINE="3578,1174 3698,1172 3819,1170 3939,1170 4060,1170 4181,1170 4301,1170 4422,1172 4542,1172 4663,1174 4784,1174 4904,1175 5025,1176 5145,1175 5266,1174 5387,1172 5507,1170 5628,1166 5748,1162 5869,1158 5990,1150"
                         HEIGHT="143"
                         WIDTH="2445"
                         VPOS="1076"
                         HPOS="3562">
                  <String ID="string_region_1643965770225_3293l11"
                          HEIGHT="143"
                          WIDTH="2445"
                          VPOS="1076"
                          HPOS="3562"
                          CONTENT="regaleren, desen dan principael om u te seggen, van de tijcken"/>
               </TextLine>
               <TextLine ID="region_1643965770225_3293l12"
                         BASELINE="3578,1260 3696,1260 3815,1262 3934,1264 4053,1264 4172,1266 4290,1268 4409,1268 4528,1270 4647,1270 4766,1272 4884,1272 5003,1270 5122,1270 5241,1268 5360,1266 5478,1262 5597,1260 5716,1254 5835,1250 5954,1242"
                         HEIGHT="143"
                         WIDTH="2407"
                         VPOS="1199"
                         HPOS="3562">
                  <String ID="string_region_1643965770225_3293l12"
                          HEIGHT="143"
                          WIDTH="2407"
                          VPOS="1199"
                          HPOS="3562"
                          CONTENT="niet minder te geven, als de gestelde prijsen met mijnen van 13"/>
               </TextLine>
               <TextLine ID="region_1643965770225_3293l13"
                         BASELINE="3582,1354 3703,1356 3825,1360 3946,1362 4068,1364 4190,1366 4311,1368 4433,1370 4554,1370 4676,1372 4798,1372 4919,1372 5041,1372 5162,1370 5284,1370 5406,1366 5527,1364 5649,1362 5770,1358 5892,1352 6014,1346"
                         HEIGHT="160"
                         WIDTH="2464"
                         VPOS="1263"
                         HPOS="3565">
                  <String ID="string_region_1643965770225_3293l13"
                          HEIGHT="160"
                          WIDTH="2464"
                          VPOS="1263"
                          HPOS="3565"
                          CONTENT="jmij a genoteert edan sullen de coopers noch ten minsten joffeons"/>
               </TextLine>
               <TextLine ID="region_1643965770225_3293l14"
                         BASELINE="3588,1452 3624,1452 3660,1452 3696,1452 3732,1452 3769,1452 3805,1452 3841,1452 3877,1452 3913,1452 3950,1452 3986,1452 4022,1452 4058,1452 4094,1452 4131,1452 4167,1452 4203,1452 4239,1452 4275,1452 4312,1452"
                         HEIGHT="119"
                         WIDTH="754"
                         VPOS="1369"
                         HPOS="3573">
                  <String ID="string_region_1643965770225_3293l14"
                          HEIGHT="119"
                          WIDTH="754"
                          VPOS="1369"
                          HPOS="3573"
                          CONTENT="arance daer bij doen"/>
               </TextLine>
               <TextLine ID="region_1643965770225_3293l15"
                         BASELINE="3582,1556 3697,1554 3813,1554 3928,1554 4044,1556 4160,1556 4275,1556 4391,1556 4506,1557 4622,1558 4738,1558 4853,1558 4969,1558 5084,1556 5200,1556 5316,1554 5431,1552 5547,1550 5662,1546 5778,1542 5894,1538"
                         HEIGHT="141"
                         WIDTH="2342"
                         VPOS="1439"
                         HPOS="3567">
                  <String ID="string_region_1643965770225_3293l15"
                          HEIGHT="141"
                          WIDTH="2342"
                          VPOS="1439"
                          HPOS="3567"
                          CONTENT="sien ue in alle soorten van wolle goedren negoteert principael "/>
               </TextLine>
               <TextLine ID="region_1643965770225_3293l16"
                         BASELINE="3574,1656 3696,1654 3818,1654 3940,1654 4063,1654 4185,1654 4307,1654 4430,1654 4552,1654 4674,1654 4797,1654 4919,1654 5041,1652 5163,1652 5286,1650 5408,1648 5530,1644 5653,1641 5775,1636 5897,1630 6020,1624"
                         HEIGHT="153"
                         WIDTH="2479"
                         VPOS="1563"
                         HPOS="3557">
                  <String ID="string_region_1643965770225_3293l16"
                          HEIGHT="153"
                          WIDTH="2479"
                          VPOS="1563"
                          HPOS="3557"
                          CONTENT="spaenche laekens nottche dosijnen &amp;  ick doen in geen laekens, maer"/>
               </TextLine>
               <TextLine ID="region_1643965770225_3293l17"
                         BASELINE="3578,1762 3696,1760 3815,1760 3934,1758 4053,1758 4172,1758 4290,1758 4409,1758 4528,1758 4647,1758 4766,1758 4884,1756 5003,1756 5122,1754 5241,1752 5360,1749 5478,1746 5597,1742 5716,1736 5835,1730 5954,1722"
                         HEIGHT="172"
                         WIDTH="2408"
                         VPOS="1643"
                         HPOS="3562">
                  <String ID="string_region_1643965770225_3293l17"
                          HEIGHT="172"
                          WIDTH="2408"
                          VPOS="1643"
                          HPOS="3562"
                          CONTENT="alle in stoffe deralve ben ul: verplicht voor de goede offues waer"/>
               </TextLine>
               <TextLine ID="region_1643965770225_3293l18"
                         BASELINE="3580,1864 3701,1862 3823,1862 3944,1860 4066,1860 4187,1860 4309,1860 4430,1860 4552,1860 4673,1860 4795,1860 4916,1858 5038,1858 5159,1856 5281,1854 5402,1850 5524,1848 5645,1842 5767,1837 5888,1832 6010,1824"
                         HEIGHT="106"
                         WIDTH="2461"
                         VPOS="1775"
                         HPOS="3564">
                  <String ID="string_region_1643965770225_3293l18"
                          HEIGHT="106"
                          WIDTH="2461"
                          VPOS="1775"
                          HPOS="3564"
                          CONTENT="in ue: reciprequelijck dinstigh can wesen gelieve de commanderen"/>
               </TextLine>
               <TextLine ID="region_1643965770225_3293l19"
                         BASELINE="3544,1974 3619,1972 3695,1969 3771,1968 3846,1966 3922,1964 3998,1964 4073,1963 4149,1962 4225,1962 4301,1962 4376,1962 4452,1962 4528,1962 4603,1962 4679,1962 4755,1960 4830,1960 4906,1958 4982,1957 5058,1954"
                         HEIGHT="162"
                         WIDTH="1546"
                         VPOS="1873"
                         HPOS="3527">
                  <String ID="string_region_1643965770225_3293l19"
                          HEIGHT="162"
                          WIDTH="1546"
                          VPOS="1873"
                          HPOS="3527"
                          CONTENT="de Blijve naer Cordiale groetenissen"/>
               </TextLine>
               <TextLine ID="region_1643965770225_3293l20"
                         BASELINE="6040,2010 6060,2010"
                         HEIGHT="68"
                         WIDTH="50"
                         VPOS="1970"
                         HPOS="6024">
                  <String ID="string_region_1643965770225_3293l20"
                          HEIGHT="68"
                          WIDTH="50"
                          VPOS="1970"
                          HPOS="6024"
                          CONTENT="p"/>
               </TextLine>
               <TextLine ID="region_1643965770225_3293l21"
                         BASELINE="3466,2162 3502,2157 3538,2153 3574,2149 3610,2146 3646,2144 3682,2142 3718,2141 3754,2140 3790,2140 3827,2140 3863,2140 3899,2142 3935,2142 3971,2144 4007,2144 4043,2146 4079,2147 4115,2148 4151,2150 4188,2150"
                         HEIGHT="189"
                         WIDTH="754"
                         VPOS="2029"
                         HPOS="3450">
                  <String ID="string_region_1643965770225_3293l21"
                          HEIGHT="189"
                          WIDTH="754"
                          VPOS="2029"
                          HPOS="3450"
                          CONTENT="freiten John nicot"/>
               </TextLine>
               <TextLine ID="region_1643965770225_3293l22"
                         BASELINE="3576,2238 3698,2236 3821,2236 3943,2236 4066,2238 4189,2240 4311,2242 4434,2244 4556,2246 4679,2248 4802,2250 4924,2252 5047,2254 5169,2254 5292,2254 5415,2252 5537,2250 5660,2246 5782,2240 5905,2234 6028,2226"
                         HEIGHT="225"
                         WIDTH="2483"
                         VPOS="2081"
                         HPOS="3560">
                  <String ID="string_region_1643965770225_3293l22"
                          HEIGHT="225"
                          WIDTH="2483"
                          VPOS="2081"
                          HPOS="3560"
                          CONTENT="ie aengename van 20 pass. wel ont langhen waer bij Adij 10 sber 1713"/>
               </TextLine>
               <TextLine ID="region_1643965770225_3293l23"
                         BASELINE="3574,2336 3697,2336 3821,2336 3944,2336 4068,2337 4192,2338 4315,2338 4439,2340 4562,2340 4686,2342 4810,2342 4933,2342 5057,2342 5180,2340 5304,2340 5428,2336 5551,2334 5675,2330 5798,2324 5922,2319 6046,2312"
                         HEIGHT="163"
                         WIDTH="2504"
                         VPOS="2248"
                         HPOS="3557">
                  <String ID="string_region_1643965770225_3293l23"
                          HEIGHT="163"
                          WIDTH="2504"
                          VPOS="2248"
                          HPOS="3557"
                          CONTENT="verneme mijne ordres voor de 60 drapeen te laet is gecomen, iohn"/>
               </TextLine>
               <TextLine ID="region_1643965770225_3293l24"
                         BASELINE="3574,2434 3694,2433 3815,2432 3936,2432 4057,2432 4178,2434 4298,2436 4419,2436 4540,2438 4661,2440 4782,2440 4902,2442 5023,2442 5144,2442 5265,2440 5386,2439 5506,2436 5627,2432 5748,2428 5869,2421 5990,2412"
                         HEIGHT="170"
                         WIDTH="2448"
                         VPOS="2330"
                         HPOS="3559">
                  <String ID="string_region_1643965770225_3293l24"
                          HEIGHT="170"
                          WIDTH="2448"
                          VPOS="2330"
                          HPOS="3559"
                          CONTENT="Ewings was voor ontfangh al gearriveert, terwijlen gij lieden besigh"/>
               </TextLine>
               <TextLine ID="region_1643965770225_3293l25"
                         BASELINE="3554,2532 3679,2530 3804,2530 3929,2530 4054,2530 4179,2530 4304,2530 4429,2532 4554,2532 4679,2534 4804,2535 4929,2536 5054,2536 5179,2536 5304,2536 5429,2536 5554,2534 5679,2533 5804,2530 5929,2526 6054,2522"
                         HEIGHT="143"
                         WIDTH="2532"
                         VPOS="2460"
                         HPOS="3538">
                  <String ID="string_region_1643965770225_3293l25"
                          HEIGHT="143"
                          WIDTH="2532"
                          VPOS="2460"
                          HPOS="3538"
                          CONTENT="sijdt met de voors drapeen te besorghen, soo sal de selve p buridge "/>
               </TextLine>
               <TextLine ID="region_1643965770225_3293l26"
                         BASELINE="3558,2626 3680,2625 3802,2624 3924,2624 4046,2624 4169,2626 4291,2626 4413,2628 4535,2630 4657,2632 4780,2634 4902,2636 5024,2638 5146,2639 5268,2640 5391,2640 5513,2638 5635,2637 5757,2634 5879,2630 6002,2626"
                         HEIGHT="158"
                         WIDTH="2477"
                         VPOS="2539"
                         HPOS="3542">
                  <String ID="string_region_1643965770225_3293l26"
                          HEIGHT="158"
                          WIDTH="2477"
                          VPOS="2539"
                          HPOS="3542"
                          CONTENT="verwaghten recommandere de staelen precus na te comer, levendi"/>
               </TextLine>
               <TextLine ID="region_1643965770225_3293l27"
                         BASELINE="3566,2730 3686,2726 3806,2726 3926,2724 4046,2724 4167,2725 4287,2726 4407,2727 4527,2728 4647,2730 4768,2732 4888,2732 5008,2734 5128,2734 5248,2736 5369,2736 5489,2734 5609,2734 5729,2730 5849,2728 5970,2722"
                         HEIGHT="152"
                         WIDTH="2436"
                         VPOS="2649"
                         HPOS="3551">
                  <String ID="string_region_1643965770225_3293l27"
                          HEIGHT="152"
                          WIDTH="2436"
                          VPOS="2649"
                          HPOS="3551"
                          CONTENT="gh van couleur colijne &amp; fijne mengelinge &amp; wel geperst daer bij oock"/>
               </TextLine>
               <TextLine ID="region_1643965770225_3293l28"
                         BASELINE="3570,2826 3686,2824 3802,2822 3918,2822 4034,2822 4150,2823 4266,2824 4382,2826 4498,2828 4614,2829 4730,2831 4846,2832 4962,2834 5078,2834 5194,2834 5310,2834 5426,2832 5542,2830 5658,2826 5774,2822 5890,2816"
                         HEIGHT="177"
                         WIDTH="2354"
                         VPOS="2729"
                         HPOS="3553">
                  <String ID="string_region_1643965770225_3293l28"
                          HEIGHT="177"
                          WIDTH="2354"
                          VPOS="2729"
                          HPOS="3553"
                          CONTENT="niet draet schijndigh gelijck u mij wel gesonden hebt die niet"/>
               </TextLine>
               <TextLine ID="region_1643965770225_3293l29"
                         BASELINE="3566,2928 3687,2928 3808,2928 3929,2928 4050,2928 4172,2928 4293,2928 4414,2928 4535,2928 4656,2928 4778,2928 4899,2928 5020,2928 5141,2926 5262,2926 5384,2924 5505,2922 5626,2919 5747,2916 5868,2912 5990,2908"
                         HEIGHT="146"
                         WIDTH="2458"
                         VPOS="2844"
                         HPOS="3549">
                  <String ID="string_region_1643965770225_3293l29"
                          HEIGHT="146"
                          WIDTH="2458"
                          VPOS="2844"
                          HPOS="3549"
                          CONTENT="versoopbaer sijn nu moet die soo laegh in prijs stellen alst mogelijck"/>
               </TextLine>
               <TextLine ID="region_1643965770225_3293l30"
                         BASELINE="3558,3030 3677,3028 3797,3028 3916,3026 4036,3026 4156,3026 4275,3026 4395,3026 4514,3026 4634,3026 4754,3026 4873,3024 4993,3024 5112,3024 5232,3022 5352,3022 5471,3020 5591,3018 5710,3015 5830,3012 5950,3008"
                         HEIGHT="144"
                         WIDTH="2423"
                         VPOS="2920"
                         HPOS="3542">
                  <String ID="string_region_1643965770225_3293l30"
                          HEIGHT="144"
                          WIDTH="2423"
                          VPOS="2920"
                          HPOS="3542"
                          CONTENT="is want de coopers willen de drapan 10 &amp; minder cooper, als die"/>
               </TextLine>
               <TextLine ID="region_1643965770225_3293l31"
                         BASELINE="3554,3130 3675,3130 3796,3130 3917,3130 4038,3128 4159,3128 4280,3128 4401,3126 4522,3126 4643,3124 4764,3124 4885,3124 5006,3122 5127,3122 5248,3120 5369,3120 5490,3118 5611,3118 5732,3116 5853,3116 5974,3114"
                         HEIGHT="178"
                         WIDTH="2451"
                         VPOS="3013"
                         HPOS="3538">
                  <String ID="string_region_1643965770225_3293l31"
                          HEIGHT="178"
                          WIDTH="2451"
                          VPOS="3013"
                          HPOS="3538"
                          CONTENT="sarges, sendt de facture estaelen, soo haett mogelijck om volgens"/>
               </TextLine>
               <TextLine ID="region_1643965770225_3293l32"
                         BASELINE="3564,3250 3681,3244 3799,3240 3917,3236 4034,3234 4152,3232 4270,3232 4387,3232 4505,3232 4623,3232 4741,3232 4858,3234 4976,3234 5094,3236 5211,3236 5329,3236 5447,3236 5564,3236 5682,3234 5800,3232 5918,3230"
                         HEIGHT="135"
                         WIDTH="2385"
                         VPOS="3156"
                         HPOS="3550">
                  <String ID="string_region_1643965770225_3293l32"
                          HEIGHT="135"
                          WIDTH="2385"
                          VPOS="3156"
                          HPOS="3550"
                          CONTENT="te reguleren, sin dat m. hamitton u rek gedebitert heeft"/>
               </TextLine>
               <TextLine ID="region_1643965770225_3293l33"
                         BASELINE="3568,3342 3689,3340 3810,3340 3931,3340 4053,3338 4174,3338 4295,3338 4417,3340 4538,3340 4659,3340 4781,3340 4902,3340 5023,3340 5144,3340 5266,3340 5387,3340 5508,3340 5630,3338 5751,3336 5872,3334 5994,3332"
                         HEIGHT="160"
                         WIDTH="2457"
                         VPOS="3252"
                         HPOS="3553">
                  <String ID="string_region_1643965770225_3293l33"
                          HEIGHT="160"
                          WIDTH="2457"
                          VPOS="3252"
                          HPOS="3553"
                          CONTENT="voor de £1:1:2 en oncosten, op de baele  56 waer hij mij mede"/>
               </TextLine>
               <TextLine ID="region_1643965770225_3293l34"
                         BASELINE="3546,3444 3669,3444 3793,3446 3916,3446 4040,3448 4163,3450 4287,3450 4410,3452 4534,3452 4657,3454 4781,3454 4904,3454 5028,3454 5151,3454 5275,3454 5398,3454 5522,3454 5645,3452 5769,3450 5892,3448 6016,3446"
                         HEIGHT="169"
                         WIDTH="2502"
                         VPOS="3357"
                         HPOS="3530">
                  <String ID="string_region_1643965770225_3293l34"
                          HEIGHT="169"
                          WIDTH="2502"
                          VPOS="3357"
                          HPOS="3530"
                          CONTENT="advies heeft gegeven &amp; dat gij eeden mij debiteren wilt voor afsuran"/>
               </TextLine>
               <TextLine ID="region_1643965770225_3293l35"
                         BASELINE="3532,3542 3655,3542 3778,3544 3901,3544 4024,3546 4148,3548 4271,3550 4394,3552 4517,3554 4640,3554 4764,3556 4887,3558 5010,3559 5133,3560 5256,3560 5380,3560 5503,3560 5626,3560 5749,3558 5872,3556 5996,3554"
                         HEIGHT="118"
                         WIDTH="2498"
                         VPOS="3467"
                         HPOS="3515">
                  <String ID="string_region_1643965770225_3293l35"
                          HEIGHT="118"
                          WIDTH="2498"
                          VPOS="3467"
                          HPOS="3515"
                          CONTENT="ta van de selve a 1½   £1:6:7½et can niet doen want voor"/>
               </TextLine>
               <TextLine ID="region_1643965770225_3293l36"
                         BASELINE="3544,3642 3666,3642 3789,3642 3911,3642 4034,3642 4156,3644 4279,3646 4401,3648 4524,3649 4646,3652 4769,3654 4891,3656 5014,3658 5136,3660 5259,3661 5381,3662 5504,3662 5626,3662 5749,3662 5871,3660 5994,3658"
                         HEIGHT="169"
                         WIDTH="2483"
                         VPOS="3565"
                         HPOS="3528">
                  <String ID="string_region_1643965770225_3293l36"
                          HEIGHT="169"
                          WIDTH="2483"
                          VPOS="3565"
                          HPOS="3528"
                          CONTENT="een bagatelle, hadde de direet gecemen soude derisies selfs geloopen"/>
               </TextLine>
               <TextLine ID="region_1643965770225_3293l37"
                         BASELINE="3548,3754 3667,3752 3787,3752 3906,3752 4026,3754 4145,3755 4265,3757 4384,3760 4504,3762 4623,3764 4743,3768 4862,3770 4982,3772 5101,3772 5221,3774 5340,3774 5460,3774 5579,3772 5699,3768 5818,3765 5938,3760"
                         HEIGHT="182"
                         WIDTH="2424"
                         VPOS="3657"
                         HPOS="3531">
                  <String ID="string_region_1643965770225_3293l37"
                          HEIGHT="182"
                          WIDTH="2424"
                          VPOS="3657"
                          HPOS="3531"
                          CONTENT="hellen &amp; daer bij gijlieden, sent dete baele, lanck naer sijnen tijdt"/>
               </TextLine>
               <TextLine ID="region_1643965770225_3293l38"
                         BASELINE="3550,3856 3669,3858 3788,3860 3907,3862 4026,3865 4146,3866 4265,3868 4384,3870 4503,3872 4622,3873 4742,3874 4861,3874 4980,3876 5099,3876 5218,3876 5338,3874 5457,3874 5576,3872 5695,3870 5814,3869 5934,3866"
                         HEIGHT="154"
                         WIDTH="2414"
                         VPOS="3779"
                         HPOS="3536">
                  <String ID="string_region_1643965770225_3293l38"
                          HEIGHT="154"
                          WIDTH="2414"
                          VPOS="3779"
                          HPOS="3536"
                          CONTENT="als niet meer nodigh hadde gal wat sout connen pretendenen"/>
               </TextLine>
               <TextLine ID="region_1643965770225_3293l39"
                         BASELINE="3550,3972 3669,3972 3789,3972 3908,3974 4028,3974 4147,3976 4267,3978 4386,3980 4506,3982 4625,3984 4745,3986 4864,3988 4984,3988 5103,3990 5223,3990 5342,3990 5462,3988 5581,3987 5701,3984 5820,3981 5940,3976"
                         HEIGHT="196"
                         WIDTH="2423"
                         VPOS="3869"
                         HPOS="3534">
                  <String ID="string_region_1643965770225_3293l39"
                          HEIGHT="196"
                          WIDTH="2423"
                          VPOS="3869"
                          HPOS="3534"
                          CONTENT="soude de mindernisse van de waght sijn die 2 st brabantts gelt"/>
               </TextLine>
               <TextLine ID="region_1643965770225_3293l40"
                         BASELINE="3558,4084 3677,4084 3796,4086 3915,4086 4035,4088 4154,4091 4273,4094 4393,4096 4512,4098 4631,4101 4751,4103 4870,4105 4989,4106 5108,4108 5228,4108 5347,4108 5466,4106 5586,4104 5705,4100 5824,4097 5944,4090"
                         HEIGHT="180"
                         WIDTH="2421"
                         VPOS="4001"
                         HPOS="3541">
                  <String ID="string_region_1643965770225_3293l40"
                          HEIGHT="180"
                          WIDTH="2421"
                          VPOS="4001"
                          HPOS="3541"
                          CONTENT="minder betaelt hebbe p ps als direet van cottij op brugge dat"/>
               </TextLine>
               <TextLine ID="region_1643965770225_3293l41"
                         BASELINE="3542,4194 3661,4194 3780,4196 3899,4198 4019,4200 4138,4202 4257,4204 4377,4207 4496,4208 4615,4210 4735,4212 4854,4214 4973,4214 5092,4214 5212,4214 5331,4212 5450,4210 5570,4207 5689,4203 5808,4198 5928,4192"
                         HEIGHT="162"
                         WIDTH="2417"
                         VPOS="4129"
                         HPOS="3528">
                  <String ID="string_region_1643965770225_3293l41"
                          HEIGHT="162"
                          WIDTH="2417"
                          VPOS="4129"
                          HPOS="3528"
                          CONTENT="deser gelde beloopt ƒ 3:4: sijnde ontrent 5 ƒ67 st soude"/>
               </TextLine>
               <TextLine ID="region_1643965770225_3293l42"
                         BASELINE="3550,4296 3671,4294 3792,4294 3913,4294 4034,4296 4155,4297 4276,4300 4397,4302 4518,4304 4639,4306 4761,4308 4882,4310 5003,4312 5124,4314 5245,4314 5366,4314 5487,4312 5608,4310 5729,4306 5850,4301 5972,4296"
                         HEIGHT="148"
                         WIDTH="2455"
                         VPOS="4209"
                         HPOS="3534">
                  <String ID="string_region_1643965770225_3293l42"
                          HEIGHT="148"
                          WIDTH="2455"
                          VPOS="4209"
                          HPOS="3534"
                          CONTENT="ie op die van 5: 6u7 pretent ie maken wielen soo sal u daervoren"/>
               </TextLine>
               <TextLine ID="region_1643965770225_3293l43"
                         BASELINE="3544,4398 3662,4398 3780,4400 3899,4402 4017,4402 4136,4404 4254,4406 4372,4408 4491,4408 4609,4410 4728,4410 4846,4412 4964,4412 5083,4414 5201,4414 5320,4414 5438,4414 5556,4414 5675,4412 5793,4412 5912,4410"
                         HEIGHT="138"
                         WIDTH="2402"
                         VPOS="4332"
                         HPOS="3527">
                  <String ID="string_region_1643965770225_3293l43"
                          HEIGHT="138"
                          WIDTH="2402"
                          VPOS="4332"
                          HPOS="3527"
                          CONTENT="crediteren, dat gelieve te laeten weeten ense negotie, blijft"/>
               </TextLine>
            </TextBlock>
         </PrintSpace>
      </Page>
   </Layout>
</alto>
