<?xml version="1.0" encoding="UTF-8"?>
<alto xmlns:xsi="http://www.w3.org/2001/XMLSchema-instance"
      xmlns="http://www.loc.gov/standards/alto/ns-v4#"
      xmlns:page="http://schema.primaresearch.org/PAGE/gts/pagecontent/2013-07-15"
      xsi:schemaLocation="http://www.loc.gov/standards/alto/ns-v4# https://www.loc.gov/standards/alto/v4/alto.xsd">
   <Description>
      <MeasurementUnit>pixel</MeasurementUnit>
      <OCRProcessing ID="IdOcr">
         <ocrProcessingStep>
            <processingDateTime>2022-02-11T21:38:39.146+01:00</processingDateTime>
            <processingSoftware>
               <softwareCreator>READ COOP</softwareCreator>
               <softwareName>Transkribus</softwareName>
            </processingSoftware>
         </ocrProcessingStep>
      </OCRProcessing>
   </Description>
   <Layout>
      <Page ID="Page1" PHYSICAL_IMG_NR="1" HEIGHT="4644" WIDTH="8392">
         <TopMargin HEIGHT="0" WIDTH="8392" VPOS="0" HPOS="0"/>
         <LeftMargin HEIGHT="4644" WIDTH="0" VPOS="0" HPOS="0"/>
         <RightMargin HEIGHT="4644" WIDTH="0" VPOS="0" HPOS="8392"/>
         <BottomMargin HEIGHT="0" WIDTH="8392" VPOS="4644" HPOS="0"/>
         <PrintSpace HEIGHT="4644" WIDTH="8392" VPOS="0" HPOS="0">
            <TextBlock ID="region_1643964461443_2353"
                       HEIGHT="3734"
                       WIDTH="2570"
                       VPOS="164"
                       HPOS="796">
               <Shape>
                  <Polygon POINTS="796,164 3366,164 3366,3898 796,3898"/>
               </Shape>
               <TextLine ID="region_1643964461443_2353l1"
                         BASELINE="1034,332 1069,325 1105,318 1141,312 1177,309 1213,306 1248,303 1284,302 1320,301 1356,300 1392,300 1427,302 1463,302 1499,302 1535,302 1571,300 1606,300 1642,297 1678,295 1714,291 1750,286"
                         HEIGHT="187"
                         WIDTH="750"
                         VPOS="215"
                         HPOS="1016">
                  <String ID="string_region_1643964461443_2353l1"
                          HEIGHT="187"
                          WIDTH="750"
                          VPOS="215"
                          HPOS="1016"
                          CONTENT="M. Charles hamitton"/>
               </TextLine>
               <TextLine ID="region_1643964461443_2353l2"
                         BASELINE="1098,412 1210,412 1322,412 1435,412 1547,412 1660,412 1772,410 1884,410 1997,408 2109,406 2222,406 2334,404 2446,402 2559,400 2671,398 2784,394 2896,392 3008,390 3121,387 3233,384 3346,382"
                         HEIGHT="161"
                         WIDTH="2282"
                         VPOS="288"
                         HPOS="1081">
                  <String ID="string_region_1643964461443_2353l2"
                          HEIGHT="161"
                          WIDTH="2282"
                          VPOS="288"
                          HPOS="1081"
                          CONTENT="soo aenstons becomen al gheerde van 14 deser waer uyt verstaen, met verwonde "/>
               </TextLine>
               <TextLine ID="region_1643964461443_2353l3"
                         BASELINE="1074,510 1187,511 1300,512 1414,512 1527,512 1641,512 1754,512 1867,510 1981,510 2094,508 2208,506 2321,504 2434,502 2548,498 2661,495 2775,492 2888,488 3001,485 3115,480 3228,476 3342,472"
                         HEIGHT="167"
                         WIDTH="2298"
                         VPOS="412"
                         HPOS="1059">
                  <String ID="string_region_1643964461443_2353l3"
                          HEIGHT="167"
                          WIDTH="2298"
                          VPOS="412"
                          HPOS="1059"
                          CONTENT="ringe datter van die clijne strepen, volgens u staek a costy sijn nedemael"/>
               </TextLine>
               <TextLine ID="region_1643964461443_2353l4"
                         BASELINE="1088,628 1199,624 1311,620 1422,618 1534,616 1646,614 1757,612 1869,610 1980,608 2092,608 2204,606 2315,604 2427,602 2538,600 2650,597 2762,594 2873,589 2985,584 3096,578 3208,571 3320,562"
                         HEIGHT="198"
                         WIDTH="2263"
                         VPOS="500"
                         HPOS="1070">
                  <String ID="string_region_1643964461443_2353l4"
                          HEIGHT="198"
                          WIDTH="2263"
                          VPOS="500"
                          HPOS="1070"
                          CONTENT="ick daer van geene becomen can flattere mij evenwel waerdt datter"/>
               </TextLine>
               <TextLine ID="region_1643964461443_2353l5"
                         BASELINE="1094,724 1200,722 1307,720 1413,718 1520,718 1626,716 1733,714 1839,714 1946,712 2052,711 2159,710 2265,708 2372,706 2478,704 2585,702 2691,700 2798,696 2904,694 3011,690 3117,686 3224,682"
                         HEIGHT="186"
                         WIDTH="2161"
                         VPOS="599"
                         HPOS="1079">
                  <String ID="string_region_1643964461443_2353l5"
                          HEIGHT="186"
                          WIDTH="2161"
                          VPOS="599"
                          HPOS="1079"
                          CONTENT="gemeckt wirden de selve voor een ander hebben soude sal met"/>
               </TextLine>
               <TextLine ID="region_1643964461443_2353l6"
                         BASELINE="1078,824 1186,824 1294,822 1402,820 1510,819 1619,818 1727,816 1835,814 1943,814 2051,812 2160,810 2268,808 2376,806 2484,804 2592,801 2701,798 2809,796 2917,792 3025,788 3133,784 3242,780"
                         HEIGHT="142"
                         WIDTH="2196"
                         VPOS="709"
                         HPOS="1063">
                  <String ID="string_region_1643964461443_2353l6"
                          HEIGHT="142"
                          WIDTH="2196"
                          VPOS="709"
                          HPOS="1063"
                          CONTENT="verlanghen u advies verwaghten, wat soerten, meest in demande sijn"/>
               </TextLine>
               <TextLine ID="region_1643964461443_2353l7"
                         BASELINE="1058,918 1171,920 1284,922 1398,922 1511,922 1625,922 1738,922 1851,920 1965,918 2078,916 2192,913 2305,910 2418,906 2532,902 2645,900 2759,896 2872,891 2985,886 3099,882 3212,878 3326,874"
                         HEIGHT="150"
                         WIDTH="2300"
                         VPOS="839"
                         HPOS="1042">
                  <String ID="string_region_1643964461443_2353l7"
                          HEIGHT="150"
                          WIDTH="2300"
                          VPOS="839"
                          HPOS="1042"
                          CONTENT="dogh van die clijne trepus isser geen start te maeken maer wel op"/>
               </TextLine>
               <TextLine ID="region_1643964461443_2353l8"
                         BASELINE="1060,1020 1174,1024 1288,1026 1403,1028 1517,1028 1632,1028 1746,1027 1860,1026 1975,1022 2089,1020 2204,1016 2318,1012 2432,1008 2547,1003 2661,999 2776,994 2890,990 3004,985 3119,981 3233,978 3348,974"
                         HEIGHT="225"
                         WIDTH="2320"
                         VPOS="865"
                         HPOS="1045">
                  <String ID="string_region_1643964461443_2353l8"
                          HEIGHT="225"
                          WIDTH="2320"
                          VPOS="865"
                          HPOS="1045"
                          CONTENT="de smalle strepen aen ie gesonden vorders referrere mij aen voors"/>
               </TextLine>
               <TextLine ID="region_1643964461443_2353l9"
                         BASELINE="2512,1156 2550,1152 2588,1149 2626,1147 2665,1144 2703,1142 2741,1142 2780,1140 2818,1140 2856,1138 2895,1138 2933,1138 2971,1138 3009,1136 3048,1134 3086,1132 3124,1131 3163,1128 3201,1124 3239,1120 3278,1116"
                         HEIGHT="198"
                         WIDTH="805"
                         VPOS="1019"
                         HPOS="2490">
                  <String ID="string_region_1643964461443_2353l9"
                          HEIGHT="198"
                          WIDTH="805"
                          VPOS="1019"
                          HPOS="2490"
                          CONTENT="Adij 29 Juny 1714"/>
               </TextLine>
               <TextLine ID="region_1643964461443_2353l10"
                         BASELINE="1086,1146 1111,1144 1137,1143 1163,1141 1189,1139 1215,1138 1240,1136 1266,1135 1292,1134 1318,1132 1344,1132"
                         HEIGHT="140"
                         WIDTH="291"
                         VPOS="1050"
                         HPOS="1069">
                  <String ID="string_region_1643964461443_2353l10"
                          HEIGHT="140"
                          WIDTH="291"
                          VPOS="1050"
                          HPOS="1069"
                          CONTENT="blijve"/>
               </TextLine>
               <TextLine ID="region_1643964461443_2353l11"
                         BASELINE="892,1286 937,1279 982,1274 1028,1268 1073,1264 1119,1260 1164,1256 1209,1253 1255,1252 1300,1249 1346,1247 1391,1245 1436,1244 1482,1242 1527,1241 1573,1240 1618,1238 1663,1238 1709,1236 1754,1234 1800,1232"
                         HEIGHT="184"
                         WIDTH="944"
                         VPOS="1133"
                         HPOS="874">
                  <String ID="string_region_1643964461443_2353l11"
                          HEIGHT="184"
                          WIDTH="944"
                          VPOS="1133"
                          HPOS="874"
                          CONTENT="Brussel wed: Borremans"/>
               </TextLine>
               <TextLine ID="region_1643964461443_2353l12"
                         BASELINE="1046,1354 1161,1352 1276,1350 1391,1348 1506,1346 1621,1342 1736,1338 1851,1336 1966,1332 2081,1328 2196,1324 2311,1320 2426,1316 2541,1312 2656,1308 2771,1304 2886,1300 3001,1296 3116,1293 3231,1290 3346,1286"
                         HEIGHT="234"
                         WIDTH="2335"
                         VPOS="1193"
                         HPOS="1027">
                  <String ID="string_region_1643964461443_2353l12"
                          HEIGHT="234"
                          WIDTH="2335"
                          VPOS="1193"
                          HPOS="1027"
                          CONTENT="ul mij seer aengename van 27 deser wel ontfanghen daer benvers"/>
               </TextLine>
               <TextLine ID="region_1643964461443_2353l13"
                         BASELINE="1078,1450 1190,1450 1302,1448 1414,1446 1526,1443 1639,1440 1751,1436 1863,1434 1975,1430 2087,1426 2200,1422 2312,1418 2424,1414 2536,1410 2648,1408 2761,1404 2873,1402 2985,1399 3097,1398 3209,1396 3322,1396"
                         HEIGHT="160"
                         WIDTH="2276"
                         VPOS="1307"
                         HPOS="1061">
                  <String ID="string_region_1643964461443_2353l13"
                          HEIGHT="160"
                          WIDTH="2276"
                          VPOS="1307"
                          HPOS="1061"
                          CONTENT="een wissel briefie van ƒ 895:- wissel gelde ten laste meed clarte"/>
               </TextLine>
               <TextLine ID="region_1643964461443_2353l14"
                         BASELINE="1082,1534 1193,1536 1305,1538 1416,1538 1528,1538 1640,1536 1751,1534 1863,1532 1974,1530 2086,1528 2198,1526 2309,1522 2421,1519 2532,1516 2644,1512 2756,1508 2867,1506 2979,1502 3090,1500 3202,1496 3314,1494"
                         HEIGHT="143"
                         WIDTH="2265"
                         VPOS="1414"
                         HPOS="1064">
                  <String ID="string_region_1643964461443_2353l14"
                          HEIGHT="143"
                          WIDTH="2265"
                          VPOS="1414"
                          HPOS="1064"
                          CONTENT="cheureux die het selve heft geaccepteert &amp; betaelt sijnde, weidt"/>
               </TextLine>
               <TextLine ID="region_1643964461443_2353l15"
                         BASELINE="1080,1628 1189,1628 1299,1628 1409,1628 1519,1629 1629,1630 1738,1630 1848,1630 1958,1630 2068,1630 2178,1628 2287,1628 2397,1626 2507,1626 2617,1624 2727,1621 2836,1618 2946,1615 3056,1611 3166,1606 3276,1602"
                         HEIGHT="181"
                         WIDTH="2230"
                         VPOS="1512"
                         HPOS="1063">
                  <String ID="string_region_1643964461443_2353l15"
                          HEIGHT="181"
                          WIDTH="2230"
                          VPOS="1512"
                          HPOS="1063"
                          CONTENT="ue voor des selfs weirde gecrediteert, &amp; desen sal dienen tot"/>
               </TextLine>
               <TextLine ID="region_1643964461443_2353l16"
                         BASELINE="1086,1726 1198,1728 1310,1728 1422,1730 1534,1730 1646,1730 1758,1730 1870,1728 1982,1728 2094,1728 2207,1726 2319,1726 2431,1725 2543,1724 2655,1724 2767,1722 2879,1722 2991,1722 3103,1722 3215,1722 3328,1722"
                         HEIGHT="131"
                         WIDTH="2273"
                         VPOS="1620"
                         HPOS="1070">
                  <String ID="string_region_1643964461443_2353l16"
                          HEIGHT="131"
                          WIDTH="2273"
                          VPOS="1620"
                          HPOS="1070"
                          CONTENT="quittantie bedancke ue van herten voor soo goede &amp;propte"/>
               </TextLine>
               <TextLine ID="region_1643964461443_2353l17"
                         BASELINE="1072,1832 1182,1830 1293,1830 1404,1828 1515,1828 1626,1828 1737,1828 1848,1829 1959,1830 2070,1830 2181,1830 2291,1832 2402,1832 2513,1832 2624,1832 2735,1830 2846,1829 2957,1827 3068,1824 3179,1820 3290,1816"
                         HEIGHT="181"
                         WIDTH="2251"
                         VPOS="1725"
                         HPOS="1055">
                  <String ID="string_region_1643964461443_2353l17"
                          HEIGHT="181"
                          WIDTH="2251"
                          VPOS="1725"
                          HPOS="1055"
                          CONTENT="betalinge, &amp; waer in ue voorders mede dienen can gelreve"/>
               </TextLine>
               <TextLine ID="region_1643964461443_2353l18"
                         BASELINE="1082,1926 1124,1928 1166,1928 1208,1928 1250,1929 1293,1930 1335,1930 1377,1930 1419,1930 1461,1930 1504,1930 1546,1930 1588,1930 1630,1930 1672,1930 1715,1928 1757,1928 1799,1926 1841,1926 1883,1924 1926,1922"
                         HEIGHT="156"
                         WIDTH="875"
                         VPOS="1830"
                         HPOS="1067">
                  <String ID="string_region_1643964461443_2353l18"
                          HEIGHT="156"
                          WIDTH="875"
                          VPOS="1830"
                          HPOS="1067"
                          CONTENT="te comanderen die blijve"/>
               </TextLine>
               <TextLine ID="region_1643964461443_2353l19"
                         BASELINE="2604,2108 2635,2108 2667,2107 2698,2106 2730,2105 2762,2103 2793,2102 2825,2100 2856,2098 2888,2096 2920,2093 2951,2091 2983,2089 3014,2086 3046,2084 3078,2081 3109,2078 3141,2076 3172,2074 3204,2071 3236,2068"
                         HEIGHT="242"
                         WIDTH="673"
                         VPOS="1927"
                         HPOS="2580">
                  <String ID="string_region_1643964461443_2353l19"
                          HEIGHT="242"
                          WIDTH="673"
                          VPOS="1927"
                          HPOS="2580"
                          CONTENT="Adij 3 Juny 1714"/>
               </TextLine>
               <TextLine ID="region_1643964461443_2353l20"
                         BASELINE="1046,2134 1092,2136 1138,2140 1184,2141 1230,2142 1276,2144 1322,2144 1368,2144 1414,2144 1460,2144 1507,2144 1553,2143 1599,2142 1645,2140 1691,2140 1737,2138 1783,2136 1829,2134 1875,2132 1921,2130 1968,2128"
                         HEIGHT="244"
                         WIDTH="954"
                         VPOS="1976"
                         HPOS="1030">
                  <String ID="string_region_1643964461443_2353l20"
                          HEIGHT="244"
                          WIDTH="954"
                          VPOS="1976"
                          HPOS="1030"
                          CONTENT="BBrussel Steph. rousseau "/>
               </TextLine>
               <TextLine ID="region_1643964461443_2353l21"
                         BASELINE="1066,2288 1175,2286 1285,2284 1395,2282 1504,2280 1614,2278 1724,2276 1833,2273 1943,2271 2053,2268 2163,2268 2272,2266 2382,2264 2492,2262 2601,2262 2711,2262 2821,2262 2930,2262 3040,2263 3150,2264 3260,2266"
                         HEIGHT="216"
                         WIDTH="2223"
                         VPOS="2133"
                         HPOS="1051">
                  <String ID="string_region_1643964461443_2353l21"
                          HEIGHT="216"
                          WIDTH="2223"
                          VPOS="2133"
                          HPOS="1051"
                          CONTENT="pour reponse a l'honneur de vre du 28 courant, j'ay payez a la"/>
               </TextLine>
               <TextLine ID="region_1643964461443_2353l22"
                         BASELINE="1070,2380 1180,2377 1290,2375 1400,2372 1510,2370 1620,2370 1730,2368 1840,2366 1950,2366 2060,2364 2171,2364 2281,2364 2391,2362 2501,2362 2611,2360 2721,2360 2831,2358 2941,2358 3051,2356 3161,2354 3272,2352"
                         HEIGHT="185"
                         WIDTH="2232"
                         VPOS="2259"
                         HPOS="1054">
                  <String ID="string_region_1643964461443_2353l22"
                          HEIGHT="185"
                          WIDTH="2232"
                          VPOS="2259"
                          HPOS="1054"
                          CONTENT="presentation vre traitte de quatre ant  &amp; dix nens florins "/>
               </TextLine>
               <TextLine ID="region_1643964461443_2353l23"
                         BASELINE="1086,2486 1197,2486 1309,2484 1421,2482 1533,2480 1645,2479 1757,2478 1869,2476 1981,2474 2093,2472 2205,2470 2316,2468 2428,2467 2540,2466 2652,2464 2764,2462 2876,2460 2988,2460 3100,2458 3212,2456 3324,2456"
                         HEIGHT="153"
                         WIDTH="2269"
                         VPOS="2384"
                         HPOS="1071">
                  <String ID="string_region_1643964461443_2353l23"
                          HEIGHT="153"
                          WIDTH="2269"
                          VPOS="2384"
                          HPOS="1071"
                          CONTENT="traise patars &amp; trois quaert de change en faseur de mad. Hanne"/>
               </TextLine>
               <TextLine ID="region_1643964461443_2353l24"
                         BASELINE="1084,2602 1195,2594 1306,2590 1418,2586 1529,2584 1641,2582 1752,2582 1863,2582 1975,2582 2086,2582 2198,2582 2309,2582 2420,2582 2532,2582 2643,2580 2755,2578 2866,2575 2977,2570 3089,2564 3200,2558 3312,2548"
                         HEIGHT="157"
                         WIDTH="2260"
                         VPOS="2478"
                         HPOS="1066">
                  <String ID="string_region_1643964461443_2353l24"
                          HEIGHT="157"
                          WIDTH="2260"
                          VPOS="2478"
                          HPOS="1066"
                          CONTENT="&amp; corlotte pausy vos remises sont payez j'ay fait de voires pour vous"/>
               </TextLine>
               <TextLine ID="region_1643964461443_2353l25"
                         BASELINE="1084,2716 1195,2707 1306,2700 1417,2696 1528,2692 1639,2689 1750,2688 1861,2686 1972,2686 2083,2686 2194,2686 2305,2686 2416,2686 2527,2686 2638,2686 2749,2684 2860,2682 2971,2679 3082,2676 3193,2670 3304,2664"
                         HEIGHT="159"
                         WIDTH="2251"
                         VPOS="2584"
                         HPOS="1068">
                  <String ID="string_region_1643964461443_2353l25"
                          HEIGHT="159"
                          WIDTH="2251"
                          VPOS="2584"
                          HPOS="1068"
                          CONTENT="remettre, mais ie ne pent trouve des estres a souhait a paris ainsij"/>
               </TextLine>
               <TextLine ID="region_1643964461443_2353l26"
                         BASELINE="1092,2822 1197,2814 1302,2806 1407,2801 1512,2796 1618,2792 1723,2790 1828,2788 1933,2786 2038,2784 2144,2784 2249,2784 2354,2784 2459,2782 2564,2782 2670,2780 2775,2780 2880,2777 2985,2774 3090,2770 3196,2764"
                         HEIGHT="182"
                         WIDTH="2137"
                         VPOS="2674"
                         HPOS="1075">
                  <String ID="string_region_1643964461443_2353l26"
                          HEIGHT="182"
                          WIDTH="2137"
                          VPOS="2674"
                          HPOS="1075"
                          CONTENT="il vous plaira tirer sur moy &amp; disponer de vos remises a vre"/>
               </TextLine>
               <TextLine ID="region_1643964461443_2353l27"
                         BASELINE="1096,2920 1202,2916 1308,2912 1414,2909 1520,2906 1627,2904 1733,2902 1839,2901 1945,2900 2051,2898 2158,2898 2264,2896 2370,2894 2476,2892 2582,2890 2689,2888 2795,2884 2901,2882 3007,2877 3113,2872 3220,2866"
                         HEIGHT="189"
                         WIDTH="2159"
                         VPOS="2779"
                         HPOS="1077">
                  <String ID="string_region_1643964461443_2353l27"
                          HEIGHT="189"
                          WIDTH="2159"
                          VPOS="2779"
                          HPOS="1077"
                          CONTENT="commodite ie me suis informe que les vieux louis d'or die"/>
               </TextLine>
               <TextLine ID="region_1643964461443_2353l28"
                         BASELINE="1088,3026 1193,3020 1299,3016 1405,3014 1511,3012 1617,3010 1722,3008 1828,3006 1934,3006 2040,3006 2146,3004 2251,3004 2357,3002 2463,3002 2569,3000 2675,2996 2780,2994 2886,2990 2992,2985 3098,2979 3204,2972"
                         HEIGHT="193"
                         WIDTH="2149"
                         VPOS="2879"
                         HPOS="1071">
                  <String ID="string_region_1643964461443_2353l28"
                          HEIGHT="193"
                          WIDTH="2149"
                          VPOS="2879"
                          HPOS="1071"
                          CONTENT="france sont a present icy a ƒ9:2½ &amp; les noureaus ƒ10:18"/>
               </TextLine>
               <TextLine ID="region_1643964461443_2353l29"
                         BASELINE="1092,3124 1199,3120 1306,3117 1413,3114 1520,3112 1628,3111 1735,3110 1842,3110 1949,3110 2056,3110 2164,3108 2271,3108 2378,3108 2485,3108 2592,3108 2700,3106 2807,3104 2914,3102 3021,3100 3128,3096 3236,3090"
                         HEIGHT="181"
                         WIDTH="2176"
                         VPOS="2964"
                         HPOS="1075">
                  <String ID="string_region_1643964461443_2353l29"
                          HEIGHT="181"
                          WIDTH="2176"
                          VPOS="2964"
                          HPOS="1075"
                          CONTENT="a vre governo &amp; pour les trausporter, d'icy a amsterdam &amp; pour"/>
               </TextLine>
               <TextLine ID="region_1643964461443_2353l30"
                         BASELINE="1104,3244 1211,3235 1318,3229 1425,3222 1532,3218 1639,3216 1746,3213 1853,3212 1960,3210 2067,3210 2174,3210 2281,3212 2388,3212 2495,3212 2602,3212 2709,3212 2816,3210 2923,3210 3030,3206 3137,3204 3244,3198"
                         HEIGHT="146"
                         WIDTH="2171"
                         VPOS="3143"
                         HPOS="1088">
                  <String ID="string_region_1643964461443_2353l30"
                          HEIGHT="146"
                          WIDTH="2171"
                          VPOS="3143"
                          HPOS="1088"
                          CONTENT="c'assurance on le faira pour 4 a ½ &amp;  cependant pour"/>
               </TextLine>
               <TextLine ID="region_1643964461443_2353l31"
                         BASELINE="1088,3350 1197,3343 1306,3336 1415,3332 1524,3328 1633,3326 1742,3324 1851,3322 1960,3322 2069,3322 2178,3322 2287,3322 2396,3324 2505,3324 2614,3322 2723,3322 2832,3320 2941,3318 3050,3315 3159,3312 3268,3306"
                         HEIGHT="151"
                         WIDTH="2211"
                         VPOS="3210"
                         HPOS="1073">
                  <String ID="string_region_1643964461443_2353l31"
                          HEIGHT="151"
                          WIDTH="2211"
                          VPOS="3210"
                          HPOS="1073"
                          CONTENT="moy ie ne voudrois pas men melir pour des raisons, mais ie "/>
               </TextLine>
               <TextLine ID="region_1643964461443_2353l32"
                         BASELINE="1070,3456 1178,3451 1286,3446 1394,3443 1503,3438 1611,3436 1719,3434 1828,3432 1936,3430 2044,3428 2153,3428 2261,3426 2369,3426 2477,3426 2586,3426 2694,3426 2802,3424 2911,3424 3019,3424 3127,3424 3236,3422"
                         HEIGHT="138"
                         WIDTH="2198"
                         VPOS="3363"
                         HPOS="1053">
                  <String ID="string_region_1643964461443_2353l32"
                          HEIGHT="138"
                          WIDTH="2198"
                          VPOS="3363"
                          HPOS="1053"
                          CONTENT="vous pourois, don ne addres a un hemmee que on se peu "/>
               </TextLine>
               <TextLine ID="region_1643964461443_2353l33"
                         BASELINE="1088,3582 1200,3573 1313,3566 1425,3560 1538,3556 1651,3553 1763,3552 1876,3552 1988,3552 2101,3552 2214,3552 2326,3554 2439,3554 2551,3554 2664,3552 2777,3550 2889,3546 3002,3540 3114,3534 3227,3525 3340,3514"
                         HEIGHT="198"
                         WIDTH="2285"
                         VPOS="3396"
                         HPOS="1071">
                  <String ID="string_region_1643964461443_2353l33"
                          HEIGHT="198"
                          WIDTH="2285"
                          VPOS="3396"
                          HPOS="1071"
                          CONTENT="fier, qui pent tous les sandredy icy en ville qui ne fait"/>
               </TextLine>
               <TextLine ID="region_1643964461443_2353l34"
                         BASELINE="1098,3686 1210,3681 1322,3676 1434,3672 1547,3668 1659,3666 1771,3664 1884,3662 1996,3660 2108,3660 2221,3658 2333,3658 2445,3658 2557,3656 2670,3656 2782,3654 2894,3654 3007,3652 3119,3649 3231,3646 3344,3642"
                         HEIGHT="181"
                         WIDTH="2279"
                         VPOS="3550"
                         HPOS="1082">
                  <String ID="string_region_1643964461443_2353l34"
                          HEIGHT="181"
                          WIDTH="2279"
                          VPOS="3550"
                          HPOS="1082"
                          CONTENT="que cette mitie puis eetres occasions vous me trovevez toujours"/>
               </TextLine>
               <TextLine ID="region_1643964461443_2353l35"
                         BASELINE="1084,3808 1110,3807 1137,3805 1164,3803 1190,3799 1217,3794 1244,3789 1270,3785 1297,3784 1324,3784"
                         HEIGHT="140"
                         WIDTH="287"
                         VPOS="3722"
                         HPOS="1061">
                  <String ID="string_region_1643964461443_2353l35"
                          HEIGHT="140"
                          WIDTH="287"
                          VPOS="3722"
                          HPOS="1061"
                          CONTENT="&amp; suit"/>
               </TextLine>
            </TextBlock>
            <TextBlock ID="region_1643964465251_2356"
                       HEIGHT="3722"
                       WIDTH="2627"
                       VPOS="170"
                       HPOS="3416">
               <Shape>
                  <Polygon POINTS="3416,170 6043,170 6043,3892 3416,3892"/>
               </Shape>
               <TextLine ID="region_1643964465251_2356l1"
                         BASELINE="5882,258 5914,263 5946,261 5978,258"
                         HEIGHT="94"
                         WIDTH="131"
                         VPOS="187"
                         HPOS="5864">
                  <String ID="string_region_1643964465251_2356l1"
                          HEIGHT="94"
                          WIDTH="131"
                          VPOS="187"
                          HPOS="5864"
                          CONTENT="107"/>
               </TextLine>
               <TextLine ID="region_1643964465251_2356l2"
                         BASELINE="3480,344 3515,337 3551,331 3587,327 3623,322 3659,317 3695,314 3731,311 3767,310 3803,306 3839,306 3874,304 3910,303 3946,302 3982,302 4018,302 4054,302 4090,302 4126,302 4162,302 4198,302"
                         HEIGHT="179"
                         WIDTH="751"
                         VPOS="209"
                         HPOS="3462">
                  <String ID="string_region_1643964465251_2356l2"
                          HEIGHT="179"
                          WIDTH="751"
                          VPOS="209"
                          HPOS="3462"
                          CONTENT="ath Joseph Daul mery"/>
               </TextLine>
               <TextLine ID="region_1643964465251_2356l3"
                         BASELINE="5512,332 5537,327 5562,325 5588,322 5613,320 5638,319 5664,318 5689,318 5714,318 5740,318 5765,320 5791,320 5816,320 5841,319 5867,318 5892,318 5917,317 5943,314 5968,311 5994,306"
                         HEIGHT="150"
                         WIDTH="516"
                         VPOS="225"
                         HPOS="5495">
                  <String ID="string_region_1643964465251_2356l3"
                          HEIGHT="150"
                          WIDTH="516"
                          VPOS="225"
                          HPOS="5495"
                          CONTENT="Adij 6 Julij 1714"/>
               </TextLine>
               <TextLine ID="region_1643964465251_2356l4"
                         BASELINE="3616,416 3733,412 3850,408 3967,404 4084,400 4201,398 4318,396 4435,394 4552,392 4669,390 4786,390 4903,390 5020,388 5137,390 5254,390 5371,390 5488,392 5605,394 5722,396 5839,398 5956,400"
                         HEIGHT="136"
                         WIDTH="2372"
                         VPOS="332"
                         HPOS="3600">
                  <String ID="string_region_1643964465251_2356l4"
                          HEIGHT="136"
                          WIDTH="2372"
                          VPOS="332"
                          HPOS="3600"
                          CONTENT="ie viend de recevoir l'aggrable vre du pme courant r la quelle vre gracce mes"/>
               </TextLine>
               <TextLine ID="region_1643964465251_2356l5"
                         BASELINE="3560,510 3679,504 3799,500 3919,496 4039,492 4159,490 4278,487 4398,484 4518,484 4638,482 4758,480 4877,480 4997,478 5117,476 5237,476 5357,474 5476,472 5596,470 5716,468 5836,466 5956,462"
                         HEIGHT="132"
                         WIDTH="2428"
                         VPOS="398"
                         HPOS="3544">
                  <String ID="string_region_1643964465251_2356l5"
                          HEIGHT="132"
                          WIDTH="2428"
                          VPOS="398"
                          HPOS="3544"
                          CONTENT="marque demande le prise du veritables sarges, j'aspay 22 verges qui est e present pour"/>
               </TextLine>
               <TextLine ID="region_1643964465251_2356l6"
                         BASELINE="3564,610 3686,604 3808,598 3930,594 4052,590 4175,588 4297,584 4419,582 4541,580 4663,578 4786,576 4908,574 5030,572 5152,572 5274,570 5397,568 5519,568 5641,566 5763,564 5885,562 6008,560"
                         HEIGHT="122"
                         WIDTH="2476"
                         VPOS="510"
                         HPOS="3546">
                  <String ID="string_region_1643964465251_2356l6"
                          HEIGHT="122"
                          WIDTH="2476"
                          VPOS="510"
                          HPOS="3546"
                          CONTENT="le moins ƒ24:- la ps. &amp; non pas pour tous les monde ie ne seroit que pour vre"/>
               </TextLine>
               <TextLine ID="region_1643964465251_2356l7"
                         BASELINE="3578,702 3698,698 3818,694 3938,690 4058,686 4178,683 4298,680 4418,678 4538,675 4658,673 4779,671 4899,670 5019,668 5139,666 5259,666 5379,664 5499,663 5619,662 5739,660 5859,660 5980,658"
                         HEIGHT="166"
                         WIDTH="2436"
                         VPOS="589"
                         HPOS="3561">
                  <String ID="string_region_1643964465251_2356l7"
                          HEIGHT="166"
                          WIDTH="2436"
                          VPOS="589"
                          HPOS="3561"
                          CONTENT="entre cune corespondanstie ie tacherez de vous faire plaisir en toit m ie puis j'ay"/>
               </TextLine>
               <TextLine ID="region_1643964465251_2356l8"
                         BASELINE="3592,804 3709,804 3826,802 3943,800 4060,798 4178,796 4295,792 4412,790 4529,786 4646,782 4764,779 4881,775 4998,772 5115,768 5232,766 5350,764 5467,762 5584,760 5701,758 5818,758 5936,760"
                         HEIGHT="164"
                         WIDTH="2376"
                         VPOS="661"
                         HPOS="3577">
                  <String ID="string_region_1643964465251_2356l8"
                          HEIGHT="164"
                          WIDTH="2376"
                          VPOS="661"
                          HPOS="3577"
                          CONTENT="rendu l'incluse a monsr. Jaen Michiel Melijn &amp; pour ce qui regard de terer"/>
               </TextLine>
               <TextLine ID="region_1643964465251_2356l9"
                         BASELINE="3596,902 3714,900 3833,898 3951,896 4070,896 4188,894 4307,894 4425,892 4544,891 4662,890 4781,888 4899,888 5018,886 5136,884 5255,882 5373,880 5492,878 5610,874 5729,872 5847,867 5966,862"
                         HEIGHT="155"
                         WIDTH="2402"
                         VPOS="781"
                         HPOS="3580">
                  <String ID="string_region_1643964465251_2356l9"
                          HEIGHT="155"
                          WIDTH="2402"
                          VPOS="781"
                          HPOS="3580"
                          CONTENT="sur vous vous seuvez bien mons. que nous n'avons point d'occasion icy pour le "/>
               </TextLine>
               <TextLine ID="region_1643964465251_2356l10"
                         BASELINE="3580,998 3701,996 3822,994 3943,994 4064,994 4186,994 4307,994 4428,994 4549,994 4670,994 4792,994 4913,994 5034,994 5155,994 5276,991 5398,988 5519,986 5640,980 5761,976 5882,968 6004,960"
                         HEIGHT="179"
                         WIDTH="2455"
                         VPOS="888"
                         HPOS="3564">
                  <String ID="string_region_1643964465251_2356l10"
                          HEIGHT="179"
                          WIDTH="2455"
                          VPOS="888"
                          HPOS="3564"
                          CONTENT="faire ainsij j'attendrez l'honneur de vre remises j'espere de vous tous bien tott"/>
               </TextLine>
               <TextLine ID="region_1643964465251_2356l11"
                         BASELINE="3576,1106 3695,1104 3815,1102 3934,1101 4054,1100 4174,1100 4293,1099 4413,1098 4532,1098 4652,1098 4772,1096 4891,1096 5011,1094 5130,1092 5250,1090 5370,1088 5489,1084 5609,1080 5728,1076 5848,1071 5968,1064"
                         HEIGHT="166"
                         WIDTH="2425"
                         VPOS="992"
                         HPOS="3560">
                  <String ID="string_region_1643964465251_2356l11"
                          HEIGHT="166"
                          WIDTH="2425"
                          VPOS="992"
                          HPOS="3560"
                          CONTENT="icy pain faire une bon ne emplaitte me recommandant toghits dans"/>
               </TextLine>
               <TextLine ID="region_1643964465251_2356l12"
                         BASELINE="3572,1220 3663,1220 3755,1218 3846,1218 3938,1216 4030,1216 4121,1214 4213,1212 4304,1212 4396,1210 4488,1209 4579,1208 4671,1206 4762,1204 4854,1202 4946,1200 5037,1198 5129,1196 5220,1194 5312,1191 5404,1188"
                         HEIGHT="205"
                         WIDTH="1862"
                         VPOS="1092"
                         HPOS="3557">
                  <String ID="string_region_1643964465251_2356l12"
                          HEIGHT="205"
                          WIDTH="1862"
                          VPOS="1092"
                          HPOS="3557"
                          CONTENT="vre bonne gracee &amp; croyez que ie suis tres cincerement"/>
               </TextLine>
               <TextLine ID="region_1643964465251_2356l13"
                         BASELINE="5408,1368 5436,1365 5464,1362 5492,1361 5521,1358 5549,1356 5577,1356 5606,1353 5634,1352 5662,1350 5691,1350 5719,1349 5747,1348 5775,1346 5804,1346 5832,1346 5860,1346 5889,1346 5917,1346 5945,1346 5974,1346"
                         HEIGHT="190"
                         WIDTH="601"
                         VPOS="1221"
                         HPOS="5389">
                  <String ID="string_region_1643964465251_2356l13"
                          HEIGHT="190"
                          WIDTH="601"
                          VPOS="1221"
                          HPOS="5389"
                          CONTENT="Adij ditto 1714-"/>
               </TextLine>
               <TextLine ID="region_1643964465251_2356l14"
                         BASELINE="3424,1422 3455,1417 3487,1411 3518,1407 3550,1404 3582,1401 3613,1398 3645,1394 3676,1393 3708,1391 3740,1389 3771,1388 3803,1387 3834,1386 3866,1386 3898,1386 3929,1388 3961,1388 3992,1390 4024,1391 4056,1392"
                         HEIGHT="233"
                         WIDTH="669"
                         VPOS="1255"
                         HPOS="3404">
                  <String ID="string_region_1643964465251_2356l14"
                          HEIGHT="233"
                          WIDTH="669"
                          VPOS="1255"
                          HPOS="3404"
                          CONTENT="Brussel Jan de Broe"/>
               </TextLine>
               <TextLine ID="region_1643964465251_2356l15"
                         BASELINE="3596,1498 3715,1490 3834,1486 3953,1480 4072,1477 4192,1474 4311,1472 4430,1471 4549,1470 4668,1470 4788,1470 4907,1472 5026,1472 5145,1472 5264,1474 5384,1474 5503,1476 5622,1476 5741,1476 5860,1476 5980,1476"
                         HEIGHT="175"
                         WIDTH="2415"
                         VPOS="1369"
                         HPOS="3579">
                  <String ID="string_region_1643964465251_2356l15"
                          HEIGHT="175"
                          WIDTH="2415"
                          VPOS="1369"
                          HPOS="3579"
                          CONTENT="ue aen gename van gistrens wel ontfanghene waer bij u versocht een stuck perpet."/>
               </TextLine>
               <TextLine ID="region_1643964465251_2356l16"
                         BASELINE="3568,1588 3690,1586 3812,1586 3934,1584 4056,1582 4178,1580 4300,1578 4422,1576 4544,1574 4666,1572 4788,1570 4910,1568 5032,1566 5154,1566 5276,1566 5398,1564 5520,1564 5642,1566 5764,1567 5886,1568 6008,1572"
                         HEIGHT="152"
                         WIDTH="2470"
                         VPOS="1464"
                         HPOS="3552">
                  <String ID="string_region_1643964465251_2356l16"
                          HEIGHT="152"
                          WIDTH="2470"
                          VPOS="1464"
                          HPOS="3552"
                          CONTENT="van contrent ƒ36:- wissel gelde wit om prediteeren swert te laeten verven"/>
               </TextLine>
               <TextLine ID="region_1643964465251_2356l17"
                         BASELINE="3568,1674 3688,1674 3808,1674 3928,1674 4048,1674 4168,1672 4288,1672 4408,1670 4528,1670 4648,1668 4768,1668 4888,1666 5008,1664 5128,1664 5248,1662 5368,1662 5488,1660 5608,1660 5728,1660 5848,1660 5968,1660"
                         HEIGHT="117"
                         WIDTH="2430"
                         VPOS="1572"
                         HPOS="3552">
                  <String ID="string_region_1643964465251_2356l17"
                          HEIGHT="117"
                          WIDTH="2430"
                          VPOS="1572"
                          HPOS="3552"
                          CONTENT="ongeblout waer op tot antwoort segge dat geene witte us. hebbe van ƒ36:-"/>
               </TextLine>
               <TextLine ID="region_1643964465251_2356l18"
                         BASELINE="3590,1770 3710,1770 3831,1772 3952,1772 4072,1772 4193,1772 4314,1772 4434,1772 4555,1772 4676,1772 4797,1772 4917,1770 5038,1770 5159,1768 5279,1768 5400,1766 5521,1764 5641,1764 5762,1762 5883,1760 6004,1758"
                         HEIGHT="130"
                         WIDTH="2442"
                         VPOS="1683"
                         HPOS="3576">
                  <String ID="string_region_1643964465251_2356l18"
                          HEIGHT="130"
                          WIDTH="2442"
                          VPOS="1683"
                          HPOS="3576"
                          CONTENT="maer wel van ƒ30:- wit het alderlaeghtte gesteldt sijnde oock van"/>
               </TextLine>
               <TextLine ID="region_1643964465251_2356l19"
                         BASELINE="3578,1866 3697,1868 3816,1868 3935,1870 4054,1870 4173,1872 4292,1872 4411,1870 4530,1870 4649,1870 4769,1868 4888,1868 5007,1866 5126,1866 5245,1864 5364,1862 5483,1862 5602,1860 5721,1858 5840,1858 5960,1856"
                         HEIGHT="121"
                         WIDTH="2415"
                         VPOS="1773"
                         HPOS="3562">
                  <String ID="string_region_1643964465251_2356l19"
                          HEIGHT="121"
                          WIDTH="2415"
                          VPOS="1773"
                          HPOS="3562"
                          CONTENT="de oude prijsen niet mant hebbe, daer geen witte meer van maer"/>
               </TextLine>
               <TextLine ID="region_1643964465251_2356l20"
                         BASELINE="3570,1962 3688,1964 3807,1966 3926,1966 4045,1968 4164,1968 4282,1968 4401,1970 4520,1970 4639,1970 4758,1970 4876,1968 4995,1968 5114,1966 5233,1966 5352,1964 5470,1962 5589,1960 5708,1958 5827,1954 5946,1950"
                         HEIGHT="129"
                         WIDTH="2408"
                         VPOS="1904"
                         HPOS="3554">
                  <String ID="string_region_1643964465251_2356l20"
                          HEIGHT="129"
                          WIDTH="2408"
                          VPOS="1904"
                          HPOS="3554"
                          CONTENT="noch veel swerte tot u dienste kan u dienen met aen stack van"/>
               </TextLine>
               <TextLine ID="region_1643964465251_2356l21"
                         BASELINE="3554,2080 3676,2080 3798,2078 3921,2078 4043,2078 4166,2078 4288,2078 4410,2078 4533,2076 4655,2076 4778,2076 4900,2076 5022,2074 5145,2072 5267,2071 5390,2068 5512,2066 5634,2062 5757,2059 5879,2054 6002,2050"
                         HEIGHT="164"
                         WIDTH="2480"
                         VPOS="1983"
                         HPOS="3538">
                  <String ID="string_region_1643964465251_2356l21"
                          HEIGHT="164"
                          WIDTH="2480"
                          VPOS="1983"
                          HPOS="3538"
                          CONTENT="ƒ30:- sal het selve ingevolge u'erdre laeten verven bij den verver"/>
               </TextLine>
               <TextLine ID="region_1643964465251_2356l22"
                         BASELINE="3540,2192 3661,2190 3783,2186 3904,2184 4026,2182 4147,2182 4269,2180 4390,2180 4512,2180 4633,2180 4755,2178 4876,2178 4998,2178 5119,2176 5241,2174 5362,2172 5484,2170 5605,2167 5727,2163 5848,2158 5970,2152"
                         HEIGHT="139"
                         WIDTH="2462"
                         VPOS="2098"
                         HPOS="3524">
                  <String ID="string_region_1643964465251_2356l22"
                          HEIGHT="139"
                          WIDTH="2462"
                          VPOS="2098"
                          HPOS="3524"
                          CONTENT="die hier, voor de prediteereren altijdt berft u antw: verwaghten die "/>
               </TextLine>
               <TextLine ID="region_1643964465251_2356l23"
                         BASELINE="3532,2324 3597,2315 3663,2306 3729,2300 3795,2296 3861,2291 3926,2288 3992,2286 4058,2284 4124,2284 4190,2284 4255,2284 4321,2284 4387,2284 4453,2284 4519,2282 4584,2280 4650,2279 4716,2277 4782,2272 4848,2268"
                         HEIGHT="204"
                         WIDTH="1350"
                         VPOS="2189"
                         HPOS="3516">
                  <String ID="string_region_1643964465251_2356l23"
                          HEIGHT="204"
                          WIDTH="1350"
                          VPOS="2189"
                          HPOS="3516"
                          CONTENT="Blijve naer Cordiale groetenisse"/>
               </TextLine>
               <TextLine ID="region_1643964465251_2356l24"
                         BASELINE="5440,2444 5469,2446 5498,2446 5527,2447 5556,2448 5585,2448 5614,2448 5643,2448 5672,2448 5701,2446 5730,2446 5759,2444 5788,2444 5817,2441 5846,2439 5875,2437 5904,2435 5933,2432 5962,2429 5991,2424 6020,2420"
                         HEIGHT="243"
                         WIDTH="615"
                         VPOS="2286"
                         HPOS="5422">
                  <String ID="string_region_1643964465251_2356l24"
                          HEIGHT="243"
                          WIDTH="615"
                          VPOS="2286"
                          HPOS="5422"
                          CONTENT="Adij 10 Julyj 1714"/>
               </TextLine>
               <TextLine ID="region_1643964465251_2356l25"
                         BASELINE="3462,2526 3509,2520 3557,2515 3605,2510 3653,2506 3701,2502 3749,2498 3797,2495 3845,2493 3893,2492 3941,2490 3988,2488 4036,2488 4084,2486 4132,2486 4180,2484 4228,2484 4276,2484 4324,2483 4372,2482 4420,2482"
                         HEIGHT="223"
                         WIDTH="993"
                         VPOS="2365"
                         HPOS="3443">
                  <String ID="string_region_1643964465251_2356l25"
                          HEIGHT="223"
                          WIDTH="993"
                          VPOS="2365"
                          HPOS="3443"
                          CONTENT="Brussel Stephano rousseau"/>
               </TextLine>
               <TextLine ID="region_1643964465251_2356l26"
                         BASELINE="3580,2608 3700,2604 3820,2602 3940,2598 4060,2596 4181,2594 4301,2594 4421,2592 4541,2592 4661,2590 4782,2588 4902,2588 5022,2586 5142,2584 5262,2582 5383,2580 5503,2576 5623,2572 5743,2566 5863,2562 5984,2554"
                         HEIGHT="164"
                         WIDTH="2436"
                         VPOS="2473"
                         HPOS="3563">
                  <String ID="string_region_1643964465251_2356l26"
                          HEIGHT="164"
                          WIDTH="2436"
                          VPOS="2473"
                          HPOS="3563"
                          CONTENT="le 3me du passe sut a vre grace ma derniere a la quelle ie me referre depuis"/>
               </TextLine>
               <TextLine ID="region_1643964465251_2356l27"
                         BASELINE="3568,2704 3689,2702 3810,2700 3931,2700 4052,2698 4173,2696 4294,2694 4415,2692 4536,2690 4657,2688 4779,2686 4900,2682 5021,2680 5142,2676 5263,2674 5384,2670 5505,2666 5626,2662 5747,2658 5868,2653 5990,2648"
                         HEIGHT="156"
                         WIDTH="2453"
                         VPOS="2563"
                         HPOS="3552">
                  <String ID="string_region_1643964465251_2356l27"
                          HEIGHT="156"
                          WIDTH="2453"
                          VPOS="2563"
                          HPOS="3552"
                          CONTENT="sans l'honneur de la vre ccelle pour cauvert de l'incluse remises de quatre vent"/>
               </TextLine>
               <TextLine ID="region_1643964465251_2356l28"
                         BASELINE="3576,2798 3689,2798 3803,2798 3917,2798 4031,2796 4145,2796 4258,2794 4372,2792 4486,2790 4600,2786 4714,2784 4827,2780 4941,2776 5055,2772 5169,2768 5283,2762 5396,2757 5510,2750 5624,2745 5738,2738 5852,2732"
                         HEIGHT="157"
                         WIDTH="2307"
                         VPOS="2667"
                         HPOS="3559">
                  <String ID="string_region_1643964465251_2356l28"
                          HEIGHT="157"
                          WIDTH="2307"
                          VPOS="2667"
                          HPOS="3559"
                          CONTENT="huit livres de gros dix neuf escaillins a sie gros argent de change faisant"/>
               </TextLine>
               <TextLine ID="region_1643964465251_2356l29"
                         BASELINE="3564,2910 3685,2908 3807,2904 3929,2901 4051,2898 4173,2894 4295,2892 4417,2890 4539,2886 4661,2884 4783,2880 4904,2877 5026,2872 5148,2870 5270,2866 5392,2860 5514,2856 5636,2850 5758,2844 5880,2839 6002,2832"
                         HEIGHT="236"
                         WIDTH="2472"
                         VPOS="2725"
                         HPOS="3546">
                  <String ID="string_region_1643964465251_2356l29"
                          HEIGHT="236"
                          WIDTH="2472"
                          VPOS="2725"
                          HPOS="3546"
                          CONTENT="ƒ 533:17 a la charge de mons. Jan B Jan der borght marchand de vin de "/>
               </TextLine>
               <TextLine ID="region_1643964465251_2356l30"
                         BASELINE="3584,3012 3699,3010 3815,3008 3931,3007 4047,3006 4163,3004 4279,3002 4395,3000 4511,2998 4627,2996 4743,2992 4858,2990 4974,2986 5090,2983 5206,2979 5322,2974 5438,2970 5554,2964 5670,2958 5786,2952 5902,2944"
                         HEIGHT="193"
                         WIDTH="2351"
                         VPOS="2861"
                         HPOS="3568">
                  <String ID="string_region_1643964465251_2356l30"
                          HEIGHT="193"
                          WIDTH="2351"
                          VPOS="2861"
                          HPOS="3568"
                          CONTENT="in ville tous priant de procurer le necessaire &amp; m'en crediter en son temps "/>
               </TextLine>
               <TextLine ID="region_1643964465251_2356l31"
                         BASELINE="3562,3120 3684,3120 3807,3120 3929,3118 4052,3116 4174,3114 4297,3112 4419,3109 4542,3106 4664,3102 4787,3098 4909,3094 5032,3090 5154,3085 5277,3080 5399,3076 5522,3070 5644,3065 5767,3060 5889,3054 6012,3048"
                         HEIGHT="245"
                         WIDTH="2483"
                         VPOS="2948"
                         HPOS="3545">
                  <String ID="string_region_1643964465251_2356l31"
                          HEIGHT="245"
                          WIDTH="2483"
                          VPOS="2948"
                          HPOS="3545"
                          CONTENT="cest Lunque que j'ay pie trouver au pair jusqua present &amp; pour vous remettre"/>
               </TextLine>
               <TextLine ID="region_1643964465251_2356l32"
                         BASELINE="3588,3238 3708,3234 3828,3232 3948,3229 4068,3226 4188,3222 4308,3218 4428,3214 4548,3211 4668,3206 4788,3202 4908,3198 5028,3194 5148,3188 5268,3184 5388,3179 5508,3173 5628,3167 5748,3162 5868,3156 5988,3150"
                         HEIGHT="219"
                         WIDTH="2433"
                         VPOS="3066"
                         HPOS="3571">
                  <String ID="string_region_1643964465251_2356l32"
                          HEIGHT="219"
                          WIDTH="2433"
                          VPOS="3066"
                          HPOS="3571"
                          CONTENT="sur paris, et presentement bien long de vre ordre puis qu'on at fait icy a"/>
               </TextLine>
               <TextLine ID="region_1643964465251_2356l33"
                         BASELINE="3532,3344 3655,3344 3779,3344 3902,3342 4026,3340 4150,3336 4273,3332 4397,3328 4520,3322 4644,3317 4768,3311 4891,3306 5015,3300 5138,3294 5262,3288 5386,3284 5509,3280 5633,3276 5756,3273 5880,3270 6004,3270"
                         HEIGHT="156"
                         WIDTH="2505"
                         VPOS="3230"
                         HPOS="3512">
                  <String ID="string_region_1643964465251_2356l33"
                          HEIGHT="156"
                          WIDTH="2505"
                          VPOS="3230"
                          HPOS="3512"
                          CONTENT="deux usances a 74 et si ie trouve encor des lettres sur bruxelles a pary ie "/>
               </TextLine>
               <TextLine ID="region_1643964465251_2356l34"
                         BASELINE="3580,3450 3698,3448 3816,3447 3935,3445 4053,3442 4172,3439 4290,3436 4408,3432 4527,3426 4645,3422 4764,3417 4882,3412 5000,3408 5119,3403 5237,3399 5356,3395 5474,3392 5592,3388 5711,3386 5829,3384 5948,3382"
                         HEIGHT="202"
                         WIDTH="2401"
                         VPOS="3296"
                         HPOS="3562">
                  <String ID="string_region_1643964465251_2356l34"
                          HEIGHT="202"
                          WIDTH="2401"
                          VPOS="3296"
                          HPOS="3562"
                          CONTENT="ne manquerez pas de vous remettre cependant ils sont sort rare ainsij"/>
               </TextLine>
               <TextLine ID="region_1643964465251_2356l35"
                         BASELINE="3596,3566 3716,3562 3836,3560 3956,3556 4076,3552 4196,3550 4316,3545 4436,3541 4556,3536 4676,3532 4796,3528 4916,3522 5036,3518 5156,3512 5276,3508 5396,3502 5516,3497 5636,3492 5756,3486 5876,3480 5996,3474"
                         HEIGHT="201"
                         WIDTH="2432"
                         VPOS="3432"
                         HPOS="3578">
                  <String ID="string_region_1643964465251_2356l35"
                          HEIGHT="201"
                          WIDTH="2432"
                          VPOS="3432"
                          HPOS="3578"
                          CONTENT="si vous pouvez tirer sur moy vous me fairay plaisir, jespere d'avair l'honneur"/>
               </TextLine>
               <TextLine ID="region_1643964465251_2356l36"
                         BASELINE="3570,3674 3691,3672 3813,3668 3934,3666 4056,3662 4177,3658 4299,3654 4420,3650 4542,3646 4663,3642 4785,3638 4906,3634 5028,3630 5149,3624 5271,3620 5392,3614 5514,3609 5635,3604 5757,3598 5878,3592 6000,3586"
                         HEIGHT="235"
                         WIDTH="2463"
                         VPOS="3491"
                         HPOS="3550">
                  <String ID="string_region_1643964465251_2356l36"
                          HEIGHT="235"
                          WIDTH="2463"
                          VPOS="3491"
                          HPOS="3550"
                          CONTENT="de vous venu vane le 25 me courant je vous prie mons de m'advv"/>
               </TextLine>
               <TextLine ID="region_1643964465251_2356l37"
                         BASELINE="3562,3776 3675,3774 3789,3772 3903,3770 4016,3768 4130,3768 4244,3766 4357,3764 4471,3764 4585,3762 4699,3760 4812,3756 4926,3754 5040,3750 5153,3745 5267,3741 5381,3735 5494,3729 5608,3720 5722,3710 5836,3700"
                         HEIGHT="156"
                         WIDTH="2305"
                         VPOS="3670"
                         HPOS="3544">
                  <String ID="string_region_1643964465251_2356l37"
                          HEIGHT="156"
                          WIDTH="2305"
                          VPOS="3670"
                          HPOS="3544"
                          CONTENT="ser la reception de cette croyez que ie suis tres cinceremt"/>
               </TextLine>
            </TextBlock>
         </PrintSpace>
      </Page>
   </Layout>
</alto>
