8248 4651
907 166 1542 155 van engent, groete u van herten blijve

758 269 1028 184 ath nreo las Francois le lievre

2753 312 559 137 Adiy 20 aug 1715

875 335 2413 178 j'aij recue l'honneur de l'aggreable vre du 16 courant y joint une remise de

846 512 2413 137 deux cent trente geing florins doze pattars argent de change sur mon frere

874 574 2451 174 Jan michiel, qui lat satisfait, & vous en est credite, outre vre grace me demans

872 689 2342 174 si ie suis pourre de tous couleurs en sarges sur quoy j'ay lhonneur de

870 742 2439 217 vous dire, que j'ay un tres beau assoitiment tans en sarges espines olives bun

884 858 2419 181 vouge & saspee, mais pour de sarges rouges & bleuwats ie ne trouve un pes

870 1020 2410 130 dans touttes la partie estant selon l'en close eschantillions j'ay aussijune

871 1096 2392 202 belle partie de drogetts, drapees & perpett de tous prise a insij que ie ne

2208 1217 112 62 en

843 1210 2340 175 doubte pas ou ie vous pourez servir e ons toum, j'ay aussij des belles

881 1317 2393 192 sarges coffees, avec le nom & sans le nom, tout a vre service, le convoy

898 1391 2411 253 que nous attendons n'avrivera pas en sil semaines d'icy, pour le moires sur

882 1580 2442 166 quay vous pouvez vous reguler, ie pourois vous consellir, sivois est intentione

843 1672 2481 130 de venir pour faire vos emplaittes de venir au plistost car le vendage

870 1816 2353 163 commence, presentement vous trouerez asse pour ce que vous pourrez

886 1923 2425 154 avoir besoing: le Sr. wellens, me srend de dire quils at ordre de vre grace

866 2005 2366 205 pour me compter troiscent florins argent de change done vre grace

882 2101 2348 201 m'at ien marquej ainsij ie vous prie de men voyer tre assignation

864 2249 1188 170 je vous salue & suls de tous mon coeur

2666 2353 597 180 Adij 21 auy 1715

779 2365 606 178 Gent Jaques Buullard

860 2456 2439 162 je vous envoye aujourdhuy en chariot un ballot bien conditione pour compt

854 2583 2384 133 de mad. Laveune bracta a tournay marque 11: B:X done il vous plaire

853 2653 2389 180 de suivre son ordre le contenu est de quarente huit ps. d'estost d'engleters

877 2794 2432 141 ie vous recommand le soin pour la declaration & le plus corte lx pedition

854 2914 1634 170 pour l'encheminement vous obligerez qui est

774 3002 1048 187 halle nicolas van den Berghen

2686 3029 497 186 Adij 22 d 1715

862 3111 2448 178 verhope de goede thuy compte van mejonss: ul beminde, & dat ul de goeden

879 3247 2436 130 wel geconditioneert sult hebben ontfanghen, voorders soo hebbe u op gisten

872 3340 2360 185 dp bode op brussel gesonden een stuck perpett. dat mijos ge liesste mijn

878 3436 2351 194 geordonneert heeft te laeten swert verven & u dan toe te senden, gelieve mij

881 3586 757 144 te crediteren als volght

2879 3590 269 189 ƒ28:-

889 3673 815 180 opas aug.1 perpett N.2

1338 3723 1283 203 betaelt, voor swert verven in wisselgelde

2585 3873 524 117 saemen ƒ 34:

880 3912 2445 196 twijfele niet, oft u sal dit stuck soor ontfangh deses becomen & dat het na ue conten

891 4029 2397 154 tement salsijn & waer in capabel ben u voor doen dienst te doen versoete

881 4154 2285 117 de commanderen die altijdt sal sijn met affatie & blijve na corduale

871 4272 2403 144 groetenisse aen ue au beminde aen mede aen me ouf ndoghter men

5962 178 151 119 20d

5574 248 494 170 Adij 23 auy 1715

3488 246 553 157 Ath Ignace horion

3544 382 2539 140 j'espere vre bon retour chez vous avec mad vre chere comp. & que vous aurez bien

3578 483 2493 135 recue les drogetts & la ps perpett. blanchez qu'ay eu l'honneur de vous vendre

3572 557 2505 159 quils ont este paete dans le ballot de mon frere sfae michiel celle pour vors

3575 641 2470 193 adviser que j'ay envoye a hier p la barque de termonde les 36 ps cottique

3577 791 2451 121 que vre grace, mat ordone & ie les ay addressez a sier de baut pour suivre vre

5509 851 567 169 gullet y sont pacte

3557 870 1966 130 ordre, les deux perpet blanchie N.3 de la facture du 3me

3551 965 2480 176 ainsy il vous plaira me crediter pour les 36 cottiques seulement comme ensuiten

3533 1071 2485 194 le 22 d'cuoust 1715„ 12 ps cottiques de  grand plomb. a ƒ9:10 de change ƒ114:-

4647 1188 1364 188 „4 grand ploms . „ 8:-. „ 961

4120 1217 288 130 „12 ditto

5777 1304 238 134 „ 78:-

4115 1316 334 111 „12 ditto

4628 1302 984 166 „ ¼ pettit ploms . „ 6:10

5756 1426 250 97 „„15-

4489 1406 1086 171 pour voiture franc jusqu'a termonde

4027 1417 370 153 bent 16 96

4734 1546 1313 163 Ensemble en argent de change . ƒ289:-

3551 1643 2515 190 jene doubte pas quils seront a vre entiere satiffaction, tant pour la qualite

3543 1793 2460 134 que pour les prix a cause que ie suis assure que personne ne vous les

3525 1897 2582 142 paurez donner pour cette pux, sis ie n'en prenne peint de sigrosses partie

3537 2004 2445 140 ie vous acplaire que ie ne les aurez point aussij mon fabraquateur n'at

3533 2098 2516 155 fait cette grace pour mobliger, sild vais aggreent vous pouvez demander

3530 2135 2573 242 d'atantage & scye persuadez que ie vous peut servir en cette marchandis

3555 2323 2405 185 a mellieur monche qu une autre pour des raisons predits. les cortiques

3549 2421 2436 175 estiens pret au temps comme il vous lavois dit mais ie les ay peut

3558 2517 2478 206 envoyer plustost a cause que la barque de termonde n'at pas partie

3534 2671 2508 142 plustost, sj a d'autre chose a vre service commande librement qui a

3524 2778 678 149 p'henneur destre

5517 2875 466 155 Adij d. 1715

3466 2871 854 173 ath Jan Ba Colivier

3533 2953 2521 210 ie viend de recevoir a linstant, l'aggreable vre du 20 courant y joint trois

3530 3094 2518 167 eschantillions de sarges j'aspees, dene ie mn trouve pas un seul ps. dans tous

3542 3205 2523 166 mon magelin cependant jattend p le premiere convoy a lon les deux eschantill

3541 3288 2519 230 rou, mais selon seschantalions jonats, je n'en crois pas, que j'en aurez a cauze

3526 3400 2586 207 que ces couleurs sont si chere & fort rare aussij duffrcil a fabriquer & quoy que v

3532 3517 2541 166 ie les demande non me llenvoye point, ie suis fache que ie ne peut paint vous

3530 3618 2415 175 servire presentement, debord que le convoij sent arrive ie me donnerez

3527 3698 2459 202 lhonneur de vous ladviser cependant, croyez monsy que ie serez en tous

3556 3902 403 101 oiccesien is

5499 3899 578 182 Adij 23 auy 1715

3440 3929 879 199 fur nhaut Egidius saenen

3535 4046 2519 170 verhope u goede thuyskimsse heden hebbe become advies van mijn srint van

3544 4124 2522 180 englant dat hij de tijken ontfanghen a gevisiteert heeft & bevint datse niet wel

3523 4217 2471 170 van de choppen geuijvert sijn aick hebbe op de laesten bevenden dat die wat

3535 4346 2514 132 sayverder vallen soo dat niet twijfele oft die hem beter sullen aenstaen hij seght
