8358 4630
995 187 2351 149 goedren sent, die beter coop vercoopen, als wij doen konnen, salde

984 250 2298 121 voor ons niet te doen sijn, het gepasseert jaer schielt bij mij wel

952 335 2203 184 de helft wreese voor dit iaer noch Ergen. hebbe gistren

982 444 2318 142 over groote claghten gehadt van de cante mate van u sa

976 532 2283 130 se helt op sommige ps wel ¼  derhalve gelieve daer in

968 622 2237 178 te voorsien want soo ie goedren geen 22gdi souden hebben

960 725 2283 174 soude die voor u rek laten als het opt betalen aen compt

961 818 2306 207 de luyden trecken voor die conte mate meer f, alser aen

958 938 2278 178 gewonnen wont wense ie ingelijck van herte een voor

976 1036 2042 191 spoedigh niewe jaer a alle tegen int selve blijve

1067 1146 1911 183 eene bale met 60 sarges 22gd, elsvore genotant

1602 1252 682 123 „ 15 ditto schades

1598 1259 1581 220 „ 30 saups waer onder 6ps. naer dit steel

1869 1409 528 164 sijnde N. 59

1576 1505 295 160 1105

2670 1672 603 216 Adij 3 jjunaary 1714

797 1671 1304 221 Stwerton Henry Blagdon

985 1872 2195 126 op 14 de cem& lest was aen ul mijnen laeste, waer mij gedrage

977 1941 2216 101 sedert become u aengename, van 9 ditto, waer veneme dat ue

972 2013 2272 157 gelooft niet meen als 60ps vande bette coffeet gereedt

953 2087 2214 171 crijghen sult om met Baridge te versenden, waer van

987 2178 2288 169 verwondert Ben nade mael altijdt in tijdts u ordre geve

969 2282 2241 177 geloove eghter niet iue andre preferreren wilt au selven

965 2371 2288 168 nadeel doen, derhalve versoeke devoeren, de doen, om mijn

973 2482 2148 138 ordre te volbrengen dogh begeire geene geplechte oft

973 2572 2351 180 gestrepte. ue macht geene mentie vande geordoneerde droght

987 2668 2292 173 sal die mede verwaghten torders, sien de stalen te gemaet

968 2782 2282 183 & wense a alle hejl groopspoet in dit koopende niuwe

972 2917 626 134 jaer a Blijve

2731 2984 566 198 Adij 4 Jan uary 1714

804 3027 877 211 Cott houys verburgh

1013 3091 2170 179 ul mij altijdt seer aengename tan 2 deser wel ontfange, waer uyt

986 3228 2305 158 gaerne verstae, dat uu het palie, met de 240 ps N wel ter hant

989 3297 2321 169 is gestelt vorders, sien die goedren aent vallen souden comen gelijck

981 3381 2340 171 N.A alteets: o pr ps. is gedien even wel geloove niet onderde

1001 3472 2174 153 weerde sullen comen vermits alle wissels aen vallen sijn

989 3554 2323 182 principael, het banck geldt soo wense die goedren tot amt. wate

989 3644 2304 150 om de weirde van de selve in banco te hebbe, soo sal ul gelieve

987 3752 2335 189 te disponeren van de goedren prijs courant soo u die nette somm

983 3830 2301 151 a pary op amst become kan, soo niet, sal n die ap londen

985 3952 2310 189 afgeven, mits staende del crederes voor de brieven voor ½ 68

953 4084 2349 153 prevesie & instaen voor de brieven, soo u op amst ten reghte

1001 4164 2241 151 geraekt, op conten tijdt sult die remise senden op mijne rek

988 4241 2310 184 aen Dheer fr roysseau, diu sijaden sal mij het aengenaemiste

3562 205 2444 97 wesen ie antwoort verwaghtende Blijve naer ue gewenst te hebben

3552 259 2251 156 insgelijcke alle heyl legen a benediitie in desen sopende jaere

3532 364 2466 177 P. soo u dunckt, dat de wissel op londen vallen, soude soo gelieve noch

3559 514 2466 112 wat te waghten met afgeven & als u van depenninge disponeert gelieve

3529 581 2460 167 af te handen 8 geene u schuldigh ben, & soo ue de goedren niet wel quayt

3547 670 2366 144 conde geraken versoecke, van die naer ams te senden aenden voors

3533 751 242 162 vrent

5320 852 632 222 Adij 4 Januari 1714

3451 884 994 195 Att Francsto Rousseau

3525 1054 2391 143 op p desen was aen ul mijnen laeste waer aen, mij gedrage, verwaghte op

3546 1090 2494 191 morghen, d'eere van u ante op desee selve desen principael, om t'adviseren

3534 1225 2431 144 als dat enige penninge hebbe, berurtende onder handen van Theer dionijs

3539 1332 2401 115 verbargh tot rest aen wie heden ordonere van de selve te disponeren

3524 1402 2450 149 & aen ul te remittere, soo a parij ten reghten compt oft wel de selve

3531 1482 2403 169 spetie ul toe te senden, aom dat den agio van de banck soo loagh

3538 1566 2297 128 compt, sal ul op ontfangh van de selvvx die in bancco reduceren

3528 1682 2453 163 tot uf: governo in afwaghtinge vant geere sal sijn gepasseert blijve

3457 1775 896 164 naer Pordiale groettenste

3553 1876 2436 222 versoeke p eerste mij u addies toe te senden, waer u woonaghtigh is

3552 2066 2248 96 omdat geintentioneert ben ul: eenige goedren toe te senden

3429 2181 1423 213 Brussel la veusve de mons: rousseau

5301 2201 618 194 Adij 4 d 1714.

3541 2321 2417 189 ie me trouve honore p la treschere & aggreable vre dhier, pour repence

3530 2449 2447 119 ie vous direz que j'ay eu asse de louvenante de ma promesse pour vous

3509 2574 2429 112 faire avoir de froment, mais comme ie n'ay pas encor recu le laque

3517 2651 2360 116 que mon paysant me doibt envoyer je ne pas pu vous envoyer un

3535 2739 2451 134 eschantillions & comore nous avont de main he vendredy ie ne manquray

3514 2807 2479 147 pas de luy escrire pour l'avoir au pletost avec la notice du prixd

3526 2895 2466 175 d'abord que ie l'aurez reccu ie vous en donneray advis sur quoy vous

3518 3008 2479 164 peuvez vous fier cependant ou ie suis capable avons rendre service

3528 3105 2407 153 ayez la bonte, de me commander ef ie fairay toujours gloire

3529 3220 2373 151 de recevoir l'honneur, de vos ordres ie vous salue apres vous

3526 3314 2350 167 avoir sauhaitez reciproquement cette aunece tres heureuse et

3521 3440 1361 150 salutaire ie suis tres, cincerement

5315 3594 565 170 Adij 8 d. 1714

3394 3585 727 204 & den dael le page

3520 3737 2450 128 in gevolghe a mondelinge belofte van 9 deseinder lest soo hadde overlanck

3445 3829 2525 144 & de twee viertellen tarwe verwaght, & terwijlen die noodigh hebbe soo

3530 3928 2442 164 versoecke, op ontfangh desen, die mij toe te senden, niem mandene de

3515 4023 2473 117 alderbeste te nemen, soo haest, die hier sel gesien hebbe sal van

3434 4121 2517 131 de selve mij ne provisie van geheel jaer wel nemen soo gelieve

3511 4248 2425 150 een letterten antwort te geven & den prijs te noteren soe

3512 4321 2466 103 veel u die & veestel wilt vercoopen dogh soude niet mognn
