8228 4651
895 120 2400 179 van alshuph soo u de tot mindre prijs will maeken, sal veyerdred

891 241 2443 147 geven, voor noch as0o ps 2 anders, niet een meer soo laet mij weeteen

866 314 2453 146 wat iu hier ontrent gelieft te doen, ben geinforment, dat de gaerens sijn

895 419 2384 126 afgeslagen tot umarght, blijve in afwaghtinge van u antw: om

903 503 1547 180 aen mijn vrints daer kennisse van te gevene

2612 601 705 167 Adij 14 sber 1713

756 608 1177 197 Fiverten Bere &neckmarck

891 770 2428 155 op 4 deser, was aen ue mijnen laetten, waer aen mij gedrage & cent

900 873 2408 128 vervolgens de goederen proideren buridge is godt danck behanden

887 941 2400 186 gearriveert, ingeslote remittere ue  £184:- ten laste Jaen

887 1043 2418 185 hem: & drrgue olmius in londen, waer vooren, het noodigh gelieve

880 1165 1898 185 te besorghen a den ontfangh d'adviseren aen die Blijven

740 1304 1004 194 swerton wil asamis leurs

2649 1287 594 208 Adij d 1715

909 1472 2434 103 op 24  31 pass. waeren aen u mijnen laesten met den haeste remise voor

889 1540 2459 163 £90: - ten laste Jaques chauvell, sedut become is aen gen van 13 pote

878 1644 2471 194 ditto met stalen van noch eene baele met to drapien, als oock factares

848 1762 2409 134 leognossement van beyde de balen geladen in can buidge sunser

898 1821 2453 214 menterende £148:16 p u caugeert de facture, met boerts  het hooghte

877 1963 2465 113 dat andre stellen is 4p op eene baell van 60 ps, soo moet u oock vervolgen

888 2052 2472 181 te guleren. Buridge is godt sof behanden gearriveert ben wel verwondeit

837 2199 2400 153 dat u de bastard sarges, die gereet hadde met voorss. buridge niet

864 2312 2481 151 & hebt gesonden u sal de selve met kan ewings versenden, maer niet

887 2419 2466 157 wa sonden, omdat die goedren geene de mintte oncosten lonneu

857 2536 2441 172 verdragen ingeslote remittere al st £58:- ten lette Jan Herni

861 2653 2474 174 advjue olmins in londen waer voren het noodigh gelieve te besergen

853 2760 1535 175 aden ontfangh adviseren aen die blijve

2789 2893 528 197 Adij d: 1215

770 2916 1109 200 brugge gillis van Coppenelle

870 3043 2437 196 ie van gstren vel ontfanghen, waer mede u is versoelende eene

851 3179 2424 185 certificatie van mijne packen in Jan buridge gelaeden, de welcke

887 3283 2397 158 ue hier benevens toe senden, re commandere de sorghe ontrent het

873 3412 2352 159 laeden van mijn packen dat ue wederom int het seepen niet

888 3553 2312 154 van de laette syt & in afvaghtinge wat sal sijn gepasseert

873 3645 1128 175 blijve naer Perdrale groetensse

2680 3747 444 170 Adij d. 1715

734 3753 879 182 BBrussel Step: Rousseau

869 3833 2454 195 j'ay recue l'honneur de la vre du 7me courant ie vous serez bllrge pour l'honneur

844 3959 2488 189 que vous ferez a ma traitte de ƒ600:- a trois jours de date du 3 mecouvait

868 4024 2469 166 a l'ordre de jaen piere t, he prend la liberte de vous envoyer, une lestre tiress

853 4133 2406 163 de liege du 4 courant sur mons. Jacquet a luxelles de ƒ495: courant vous

867 4218 2453 189 ayant debite en argent de change ƒ424:5½ vous priant de procurerle neis paire

873 4346 1832 87 & donner advis de la reception je suis tres cincerement

5939 210 116 130 266

3460 204 869 180 fwerton henrij blagdon

5250 232 667 161 Adij 18 sber 1715

3536 354 2519 126 op 4 deser, wes aen ul mijnen laesten, waer aen mij gedrage sedert besome uaen gon

3550 462 2493 125 van ultimo pas. wat aengaet de drogetten, sal uyt mijnen voors sarge antwe

3531 528 2224 167 vinden ende recommandere noch mael de goede sorghe voor de selve

3529 618 2528 179 seipper John buridge is behanden tot brugge aengecomen, dogh men hoort noch

3549 712 2501 141 niet, dat eenige packen gelost heeft m. Pieter Baito heeft bij mij geweest dogh

3554 818 2487 197 hebbe den selven niet connen spreken om mijne on passelijckeijdt, waer van

3522 941 2497 187 tot nu toe noch geen beternise bevinde, soo dat mij on mogelijck is geweest

3533 1079 2493 148 na de affairens van ardenborgh te connen omsien: selft moete veele

3533 1153 2478 194 van mijne eyge affairene verne gligeren, vermits, in drij weken tijdt niet yt

3531 1306 2522 146 ten huijse hebbe konnen gaen: de bruynste grosse lighte coffes hebbe noch

3559 1421 2449 167 noch noodigh terwijlen al gemanqueert heeft van de selve die geordoneert

3538 1498 2460 208 hadde met buridge te versenden, dat mij seer verwondert heeft temeer, om

3520 1687 2540 133 dat u dat genoegh tijdt gehadt hebt de selve te provideren soo gelieve

3527 1793 2510 155 te besorghen eene baele, van 60 ps te weeten, van de beste claver met

3534 1894 2520 150 naem 30 ps naer de lighte cculeurene 30 d naer de bruynste die onde

3537 2004 2356 205 mallander gesorteert, u moet ue die soo wel 1 p minder, als deen claver

3537 2148 2520 157 prepareert oock noch 20 perper. van prijsen, als aenden voet deser aresome

3521 2247 2523 153 mandere dat de selve, hun volle leingde & breede hebben oock wel bedecht

3529 2429 1396 137 waer mede blijve naer cordiale groetenissen

4148 2545 602 117 voor 20 nerpes

4085 2603 836 185 5 p0: A1at 48p

4065 2725 861 168 5d.. „2 „ 42d

4019 2831 897 171 10d„ 3„ 38d

3994 2969 287 143 20ps

5340 2988 591 241 Adij 20 sber 1715

3442 3066 1049 184 Cortuyck de wed: Pieter Goet gerier

3494 3206 2541 150 verhope de goede thuys cemptte van meijoest: guentgreffer als oock dat u de goedren

3496 3342 2515 132 die sij bij mij heeft uyt gesoght, wel geconditioneert, sult hebben ontfangn, hier

3501 3439 2497 157 ingesloten de facture, van de voors goedren bedragende samen in wissel

3517 3504 2516 193 gude ƒ 1943:8, waer vooren, mij gelieve te laeten cbediteren, dheer Jan B

3518 3647 2491 135 bogels heeft mij de £300:- goet gedaen, soo diene dese tot quuttantie van

3527 3745 2491 153 de selve, hebbe ense rek nagetren & bevenden, dat mij noch was comende £341:15

3528 3855 2482 175 soo dat van d'ande esy noch resteert £41:15, soo megen gmentgrefter heeft a bueys

3507 3965 2517 188 gehadt, als tij mij seyde van earige neffen  se maer manqueerde, tot slot,

3508 4042 2490 201 versoeke van de rek nate sien, twyfele niet, oft u salt met mij d'accord=

3491 4192 2490 187 bevinden, waer in capabel u eenige dienst te doen gelreve te commaneren

3490 4322 1164 138 ie cettijdt sal sijn met affectie
