<?xml version="1.0" encoding="UTF-8"?>
<alto xmlns:xsi="http://www.w3.org/2001/XMLSchema-instance"
      xmlns="http://www.loc.gov/standards/alto/ns-v4#"
      xmlns:page="http://schema.primaresearch.org/PAGE/gts/pagecontent/2013-07-15"
      xsi:schemaLocation="http://www.loc.gov/standards/alto/ns-v4# https://www.loc.gov/standards/alto/v4/alto.xsd">
   <Description>
      <MeasurementUnit>pixel</MeasurementUnit>
      <OCRProcessing ID="IdOcr">
         <ocrProcessingStep>
            <processingDateTime>2022-02-11T21:38:40.874+01:00</processingDateTime>
            <processingSoftware>
               <softwareCreator>READ COOP</softwareCreator>
               <softwareName>Transkribus</softwareName>
            </processingSoftware>
         </ocrProcessingStep>
      </OCRProcessing>
   </Description>
   <Layout>
      <Page ID="Page1" PHYSICAL_IMG_NR="1" HEIGHT="4637" WIDTH="8392">
         <TopMargin HEIGHT="0" WIDTH="8392" VPOS="0" HPOS="0"/>
         <LeftMargin HEIGHT="4637" WIDTH="0" VPOS="0" HPOS="0"/>
         <RightMargin HEIGHT="4637" WIDTH="0" VPOS="0" HPOS="8392"/>
         <BottomMargin HEIGHT="0" WIDTH="8392" VPOS="4637" HPOS="0"/>
         <PrintSpace HEIGHT="4637" WIDTH="8392" VPOS="0" HPOS="0">
            <TextBlock ID="region_1643965671737_3138"
                       HEIGHT="4324"
                       WIDTH="2583"
                       VPOS="163"
                       HPOS="814">
               <Shape>
                  <Polygon POINTS="814,163 3397,163 3397,4487 814,4487"/>
               </Shape>
               <TextLine ID="region_1643965671737_3138l1"
                         BASELINE="1588,270 1633,270 1678,270 1724,272 1769,270 1815,270 1860,270 1905,269 1951,268 1996,268 2042,266 2087,265 2132,263 2178,262 2223,261 2269,260 2314,258 2359,258 2405,256 2450,256 2496,256"
                         HEIGHT="112"
                         WIDTH="939"
                         VPOS="197"
                         HPOS="1572">
                  <String ID="string_region_1643965671737_3138l1"
                          HEIGHT="112"
                          WIDTH="939"
                          VPOS="197"
                          HPOS="1572"
                          CONTENT="horders de selve te vermeerdren"/>
               </TextLine>
               <TextLine ID="region_1643965671737_3138l2"
                         BASELINE="1324,342 1417,342 1510,340 1603,340 1696,340 1790,340 1883,338 1976,338 2069,338 2162,338 2256,338 2349,338 2442,338 2535,338 2628,338 2722,340 2815,340 2908,340 3001,340 3094,340 3188,340"
                         HEIGHT="132"
                         WIDTH="1895"
                         VPOS="255"
                         HPOS="1309">
                  <String ID="string_region_1643965671737_3138l2"
                          HEIGHT="132"
                          WIDTH="1895"
                          VPOS="255"
                          HPOS="1309"
                          CONTENT="met ƒ 10 gemengelde coffas haer N. 31:32: 33 naer ul stael oock"/>
               </TextLine>
               <TextLine ID="region_1643965671737_3138l3"
                         BASELINE="1426,438 1523,432 1621,428 1719,424 1816,422 1914,420 2012,418 2109,418 2207,419 2305,420 2403,420 2500,420 2598,422 2696,422 2793,422 2891,421 2989,419 3086,416 3184,413 3282,408 3380,402"
                         HEIGHT="134"
                         WIDTH="1986"
                         VPOS="342"
                         HPOS="1410">
                  <String ID="string_region_1643965671737_3138l3"
                          HEIGHT="134"
                          WIDTH="1986"
                          VPOS="342"
                          HPOS="1410"
                          CONTENT="„ 10 ps meulders haer N.54 naer u stael boeck die met de soups tassorteren"/>
               </TextLine>
               <TextLine ID="region_1643965671737_3138l4"
                         BASELINE="1498,534 1589,530 1680,525 1772,522 1863,520 1955,519 2046,518 2137,518 2229,520 2320,520 2412,520 2503,520 2594,520 2686,520 2777,519 2869,517 2960,514 3051,509 3143,504 3234,497 3326,486"
                         HEIGHT="137"
                         WIDTH="1859"
                         VPOS="426"
                         HPOS="1482">
                  <String ID="string_region_1643965671737_3138l4"
                          HEIGHT="137"
                          WIDTH="1859"
                          VPOS="426"
                          HPOS="1482"
                          CONTENT="29d bruijn rosse naer N. 26: 27d met de soups in eder baest ue"/>
               </TextLine>
               <TextLine ID="region_1643965671737_3138l5"
                         BASELINE="1516,612 1604,610 1692,608 1780,608 1868,606 1957,606 2045,606 2133,604 2221,604 2309,604 2398,604 2486,604 2574,604 2662,602 2750,600 2839,600 2927,596 3015,594 3103,591 3191,586 3280,582"
                         HEIGHT="128"
                         WIDTH="1794"
                         VPOS="520"
                         HPOS="1501">
                  <String ID="string_region_1643965671737_3138l5"
                          HEIGHT="128"
                          WIDTH="1794"
                          VPOS="520"
                          HPOS="1501"
                          CONTENT="40ps twee a 3 ps, soo sal u dese packen, met de loupsiu"/>
               </TextLine>
               <TextLine ID="region_1643965671737_3138l6"
                         BASELINE="1708,694 1786,690 1864,687 1942,684 2021,683 2099,682 2177,682 2256,682 2334,682 2412,682 2491,682 2569,682 2647,682 2725,682 2804,680 2882,680 2960,677 3039,674 3117,670 3195,666 3274,660"
                         HEIGHT="160"
                         WIDTH="1597"
                         VPOS="596"
                         HPOS="1693">
                  <String ID="string_region_1643965671737_3138l6"
                          HEIGHT="160"
                          WIDTH="1597"
                          VPOS="596"
                          HPOS="1693"
                          CONTENT="twee groote baelen ider van 60 ps sijnde, 90 soups"/>
               </TextLine>
               <TextLine ID="region_1643965671737_3138l7"
                         BASELINE="1146,726 1172,726 1198,724 1224,724 1250,724 1277,722 1303,722 1329,722 1355,722 1382,722 1408,722 1434,722 1460,722 1486,722 1513,722 1539,722 1565,722 1591,721 1618,720"
                         HEIGHT="143"
                         WIDTH="503"
                         VPOS="624"
                         HPOS="1129">
                  <String ID="string_region_1643965671737_3138l7"
                          HEIGHT="143"
                          WIDTH="503"
                          VPOS="624"
                          HPOS="1129"
                          CONTENT="&amp; schades naer N.41"/>
               </TextLine>
               <TextLine ID="region_1643965671737_3138l8"
                         BASELINE="2916,762 2942,761 2969,760 2995,759 3022,756 3048,755 3075,752 3102,750 3128,748 3155,745 3181,743 3208,740 3234,739 3261,737 3288,736"
                         HEIGHT="121"
                         WIDTH="408"
                         VPOS="683"
                         HPOS="2896">
                  <String ID="string_region_1643965671737_3138l8"
                          HEIGHT="121"
                          WIDTH="408"
                          VPOS="683"
                          HPOS="2896"
                          CONTENT="10 meuldes"/>
               </TextLine>
               <TextLine ID="region_1643965671737_3138l9"
                         BASELINE="1516,804 1542,802 1568,800 1594,795 1620,793 1646,790"
                         HEIGHT="134"
                         WIDTH="173"
                         VPOS="717"
                         HPOS="1492">
                  <String ID="string_region_1643965671737_3138l9"
                          HEIGHT="134"
                          WIDTH="173"
                          VPOS="717"
                          HPOS="1492"
                          CONTENT="„ 42"/>
               </TextLine>
               <TextLine ID="region_1643965671737_3138l10"
                         BASELINE="1140,804 1167,803 1194,804 1221,803 1248,800"
                         HEIGHT="100"
                         WIDTH="140"
                         VPOS="734"
                         HPOS="1123">
                  <String ID="string_region_1643965671737_3138l10"
                          HEIGHT="100"
                          WIDTH="140"
                          VPOS="734"
                          HPOS="1123"
                          CONTENT="4d."/>
               </TextLine>
               <TextLine ID="region_1643965671737_3138l11"
                         BASELINE="2912,850 2937,843 2962,838 2988,833 3013,829 3038,825 3064,822 3089,819 3114,816 3140,813 3165,810 3190,807 3216,805 3241,803 3266,800 3292,797 3317,795 3342,791 3368,788"
                         HEIGHT="130"
                         WIDTH="491"
                         VPOS="735"
                         HPOS="2894">
                  <String ID="string_region_1643965671737_3138l11"
                          HEIGHT="130"
                          WIDTH="491"
                          VPOS="735"
                          HPOS="2894"
                          CONTENT="„ 20 buijn cosse"/>
               </TextLine>
               <TextLine ID="region_1643965671737_3138l12"
                         BASELINE="1518,874 1547,876 1577,875 1606,874 1636,872 1666,870"
                         HEIGHT="93"
                         WIDTH="182"
                         VPOS="813"
                         HPOS="1499">
                  <String ID="string_region_1643965671737_3138l12"
                          HEIGHT="93"
                          WIDTH="182"
                          VPOS="813"
                          HPOS="1499"
                          CONTENT="„ 45"/>
               </TextLine>
               <TextLine ID="region_1643965671737_3138l13"
                         BASELINE="1148,888 1174,885 1200,884 1226,882 1252,880"
                         HEIGHT="97"
                         WIDTH="137"
                         VPOS="813"
                         HPOS="1130">
                  <String ID="string_region_1643965671737_3138l13"
                          HEIGHT="97"
                          WIDTH="137"
                          VPOS="813"
                          HPOS="1130"
                          CONTENT="8d"/>
               </TextLine>
               <TextLine ID="region_1643965671737_3138l14"
                         BASELINE="1524,952 1550,954 1576,952 1603,949 1629,947 1655,945 1682,942"
                         HEIGHT="129"
                         WIDTH="194"
                         VPOS="873"
                         HPOS="1506">
                  <String ID="string_region_1643965671737_3138l14"
                          HEIGHT="129"
                          WIDTH="194"
                          VPOS="873"
                          HPOS="1506"
                          CONTENT="„46"/>
               </TextLine>
               <TextLine ID="region_1643965671737_3138l15"
                         BASELINE="1152,964 1177,961 1202,960 1227,958 1252,956"
                         HEIGHT="105"
                         WIDTH="137"
                         VPOS="888"
                         HPOS="1132">
                  <String ID="string_region_1643965671737_3138l15"
                          HEIGHT="105"
                          WIDTH="137"
                          VPOS="888"
                          HPOS="1132"
                          CONTENT="4d"/>
               </TextLine>
               <TextLine ID="region_1643965671737_3138l16"
                         BASELINE="2896,968 2922,965 2949,963 2975,962 3002,962 3028,960 3055,960 3081,960 3108,960 3134,958 3161,957 3187,954 3214,950"
                         HEIGHT="198"
                         WIDTH="355"
                         VPOS="829"
                         HPOS="2878">
                  <String ID="string_region_1643965671737_3138l16"
                          HEIGHT="198"
                          WIDTH="355"
                          VPOS="829"
                          HPOS="2878"
                          CONTENT="120 pr"/>
               </TextLine>
               <TextLine ID="region_1643965671737_3138l17"
                         BASELINE="1514,1038 1541,1036 1568,1033 1596,1032 1623,1030 1650,1029 1678,1026"
                         HEIGHT="123"
                         WIDTH="203"
                         VPOS="950"
                         HPOS="1493">
                  <String ID="string_region_1643965671737_3138l17"
                          HEIGHT="123"
                          WIDTH="203"
                          VPOS="950"
                          HPOS="1493"
                          CONTENT="„ 48"/>
               </TextLine>
               <TextLine ID="region_1643965671737_3138l18"
                         BASELINE="1152,1056 1178,1053 1205,1051 1232,1052"
                         HEIGHT="99"
                         WIDTH="114"
                         VPOS="974"
                         HPOS="1133">
                  <String ID="string_region_1643965671737_3138l18"
                          HEIGHT="99"
                          WIDTH="114"
                          VPOS="974"
                          HPOS="1133"
                          CONTENT="8d"/>
               </TextLine>
               <TextLine ID="region_1643965671737_3138l19"
                         BASELINE="1544,1108 1575,1105 1606,1104 1637,1103 1668,1100"
                         HEIGHT="107"
                         WIDTH="160"
                         VPOS="1041"
                         HPOS="1525">
                  <String ID="string_region_1643965671737_3138l19"
                          HEIGHT="107"
                          WIDTH="160"
                          VPOS="1041"
                          HPOS="1525"
                          CONTENT="„ 61"/>
               </TextLine>
               <TextLine ID="region_1643965671737_3138l20"
                         BASELINE="1130,1118 1160,1119 1190,1116 1220,1113 1250,1110"
                         HEIGHT="101"
                         WIDTH="156"
                         VPOS="1039"
                         HPOS="1110">
                  <String ID="string_region_1643965671737_3138l20"
                          HEIGHT="101"
                          WIDTH="156"
                          VPOS="1039"
                          HPOS="1110"
                          CONTENT="12d"/>
               </TextLine>
               <TextLine ID="region_1643965671737_3138l21"
                         BASELINE="1514,1188 1539,1186 1564,1183 1590,1180 1615,1178 1641,1177 1666,1175 1692,1173 1717,1172 1743,1170 1768,1168 1793,1168 1819,1167 1844,1166 1870,1166 1895,1166 1921,1166 1946,1166 1972,1166"
                         HEIGHT="180"
                         WIDTH="493"
                         VPOS="1052"
                         HPOS="1496">
                  <String ID="string_region_1643965671737_3138l21"
                          HEIGHT="180"
                          WIDTH="493"
                          VPOS="1052"
                          HPOS="1496"
                          CONTENT="naer dit stael"/>
               </TextLine>
               <TextLine ID="region_1643965671737_3138l22"
                         BASELINE="1152,1204 1177,1202 1203,1201 1228,1197 1254,1192 1280,1188"
                         HEIGHT="129"
                         WIDTH="171"
                         VPOS="1111"
                         HPOS="1128">
                  <String ID="string_region_1643965671737_3138l22"
                          HEIGHT="129"
                          WIDTH="171"
                          VPOS="1111"
                          HPOS="1128"
                          CONTENT="6d."/>
               </TextLine>
               <TextLine ID="region_1643965671737_3138l23"
                         BASELINE="1598,1278 1625,1279 1653,1277 1680,1275 1708,1276"
                         HEIGHT="93"
                         WIDTH="141"
                         VPOS="1208"
                         HPOS="1581">
                  <String ID="string_region_1643965671737_3138l23"
                          HEIGHT="93"
                          WIDTH="141"
                          VPOS="1208"
                          HPOS="1581"
                          CONTENT="65"/>
               </TextLine>
               <TextLine ID="region_1643965671737_3138l24"
                         BASELINE="1134,1306 1162,1301 1190,1298 1218,1298 1246,1299 1274,1302"
                         HEIGHT="126"
                         WIDTH="172"
                         VPOS="1213"
                         HPOS="1118">
                  <String ID="string_region_1643965671737_3138l24"
                          HEIGHT="126"
                          WIDTH="172"
                          VPOS="1213"
                          HPOS="1118"
                          CONTENT="10d"/>
               </TextLine>
               <TextLine ID="region_1643965671737_3138l25"
                         BASELINE="1984,1328 2027,1326 2071,1324 2115,1322 2159,1320 2203,1318 2246,1317 2290,1314 2334,1312 2378,1310 2422,1309 2465,1307 2509,1306 2553,1306 2597,1304 2641,1304 2684,1304 2728,1304 2772,1306 2816,1308 2860,1310"
                         HEIGHT="165"
                         WIDTH="910"
                         VPOS="1203"
                         HPOS="1966">
                  <String ID="string_region_1643965671737_3138l25"
                          HEIGHT="165"
                          WIDTH="910"
                          VPOS="1203"
                          HPOS="1966"
                          CONTENT="„ 223 restant ander blat"/>
               </TextLine>
               <TextLine ID="region_1643965671737_3138l26"
                         BASELINE="1112,1428 1173,1427 1234,1426 1295,1424 1356,1422 1417,1420 1478,1417 1539,1414 1600,1411 1661,1410 1722,1406 1783,1404 1844,1402 1905,1398 1966,1397 2027,1396 2088,1394 2149,1394 2210,1394 2271,1394 2332,1394"
                         HEIGHT="160"
                         WIDTH="1254"
                         VPOS="1315"
                         HPOS="1095">
                  <String ID="string_region_1643965671737_3138l26"
                          HEIGHT="160"
                          WIDTH="1254"
                          VPOS="1315"
                          HPOS="1095"
                          CONTENT="60p: naer u gesonden stael boeckn boschader"/>
               </TextLine>
               <TextLine ID="region_1643965671737_3138l27"
                         BASELINE="2080,1484 2116,1484 2152,1484"
                         HEIGHT="120"
                         WIDTH="102"
                         VPOS="1432"
                         HPOS="2065">
                  <String ID="string_region_1643965671737_3138l27"
                          HEIGHT="120"
                          WIDTH="102"
                          VPOS="1432"
                          HPOS="2065"
                          CONTENT="40"/>
               </TextLine>
               <TextLine ID="region_1643965671737_3138l28"
                         BASELINE="1096,1580 1125,1573 1154,1568 1183,1563 1212,1560"
                         HEIGHT="157"
                         WIDTH="166"
                         VPOS="1439"
                         HPOS="1062">
                  <String ID="string_region_1643965671737_3138l28"
                          HEIGHT="157"
                          WIDTH="166"
                          VPOS="1439"
                          HPOS="1062"
                          CONTENT="es"/>
               </TextLine>
               <TextLine ID="region_1643965671737_3138l29"
                         BASELINE="1068,1646 1178,1636 1288,1628 1398,1621 1508,1614 1618,1608 1728,1602 1838,1598 1948,1594 2058,1592 2168,1588 2278,1586 2388,1584 2498,1582 2608,1580 2718,1580 2828,1578 2938,1578 3048,1576 3158,1576 3268,1574"
                         HEIGHT="246"
                         WIDTH="2236"
                         VPOS="1443"
                         HPOS="1049">
                  <String ID="string_region_1643965671737_3138l29"
                          HEIGHT="246"
                          WIDTH="2236"
                          VPOS="1443"
                          HPOS="1049"
                          CONTENT=" s00 aenttont becomen sijnsamen 323 ps de helft te assureren de factur"/>
               </TextLine>
               <TextLine ID="region_1643965671737_3138l30"
                         BASELINE="1108,1716 1216,1708 1325,1700 1434,1693 1543,1688 1652,1684 1760,1681 1869,1678 1978,1676 2087,1674 2196,1674 2304,1672 2413,1672 2522,1672 2631,1672 2740,1672 2848,1670 2957,1670 3066,1668 3175,1666 3284,1664"
                         HEIGHT="156"
                         WIDTH="2206"
                         VPOS="1593"
                         HPOS="1091">
                  <String ID="string_region_1643965671737_3138l30"
                          HEIGHT="156"
                          WIDTH="2206"
                          VPOS="1593"
                          HPOS="1091"
                          CONTENT="advies, dat bwings behanden is gearrivert daer mede te belasten p naeste"/>
               </TextLine>
               <TextLine ID="region_1643965671737_3138l31"
                         BASELINE="2240,1760 2266,1762 2292,1762 2318,1764 2344,1764 2371,1762 2397,1762 2423,1762 2449,1760 2475,1760 2502,1759 2528,1758 2554,1756 2580,1756 2606,1756 2633,1754 2659,1754 2685,1754 2711,1754 2737,1756 2764,1756"
                         HEIGHT="132"
                         WIDTH="557"
                         VPOS="1684"
                         HPOS="2224">
                  <String ID="string_region_1643965671737_3138l31"
                          HEIGHT="132"
                          WIDTH="557"
                          VPOS="1684"
                          HPOS="2224"
                          CONTENT="sal u remiteren"/>
               </TextLine>
               <TextLine ID="region_1643965671737_3138l32"
                         BASELINE="918,1906 962,1904 1006,1902 1050,1900 1094,1899 1138,1898 1182,1897 1226,1896 1270,1895 1314,1894 1358,1893 1402,1892 1446,1890 1490,1888 1534,1886 1578,1885 1622,1881 1666,1880 1710,1876 1754,1873 1798,1868"
                         HEIGHT="224"
                         WIDTH="913"
                         VPOS="1734"
                         HPOS="901">
                  <String ID="string_region_1643965671737_3138l32"
                          HEIGHT="224"
                          WIDTH="913"
                          VPOS="1734"
                          HPOS="901"
                          CONTENT="tiverton Henrij laydon"/>
               </TextLine>
               <TextLine ID="region_1643965671737_3138l33"
                         BASELINE="2762,1898 2790,1897 2818,1896 2847,1896 2875,1896 2904,1896 2932,1896 2960,1896 2989,1896 3017,1898 3046,1898 3074,1898 3102,1899 3131,1900 3159,1899 3188,1898 3216,1897 3244,1896 3273,1896 3301,1893 3330,1890"
                         HEIGHT="183"
                         WIDTH="599"
                         VPOS="1763"
                         HPOS="2747">
                  <String ID="string_region_1643965671737_3138l33"
                          HEIGHT="183"
                          WIDTH="599"
                          VPOS="1763"
                          HPOS="2747"
                          CONTENT="Adij 29 gber 1714"/>
               </TextLine>
               <TextLine ID="region_1643965671737_3138l34"
                         BASELINE="1104,2000 1214,1995 1324,1990 1434,1987 1544,1983 1654,1980 1764,1976 1874,1974 1984,1972 2094,1970 2204,1968 2314,1967 2424,1966 2534,1966 2644,1966 2754,1966 2864,1966 2974,1966 3084,1968 3194,1968 3304,1970"
                         HEIGHT="127"
                         WIDTH="2231"
                         VPOS="1880"
                         HPOS="1088">
                  <String ID="string_region_1643965671737_3138l34"
                          HEIGHT="127"
                          WIDTH="2231"
                          VPOS="1880"
                          HPOS="1088"
                          CONTENT="ue aengename, van 8 deser wel ontfanghen daer benevens facture staelen"/>
               </TextLine>
               <TextLine ID="region_1643965671737_3138l35"
                         BASELINE="1078,2096 1188,2088 1299,2082 1410,2076 1521,2072 1632,2068 1743,2064 1854,2062 1965,2062 2076,2060 2187,2060 2297,2060 2408,2060 2519,2060 2630,2060 2741,2060 2852,2060 2963,2060 3074,2060 3185,2060 3296,2058"
                         HEIGHT="157"
                         WIDTH="2250"
                         VPOS="1988"
                         HPOS="1061">
                  <String ID="string_region_1643965671737_3138l35"
                          HEIGHT="157"
                          WIDTH="2250"
                          VPOS="1988"
                          HPOS="1061"
                          CONTENT="&amp; cognosement van 7 packies N.18 a 24 monterende £183:18:- en in"/>
               </TextLine>
               <TextLine ID="region_1643965671737_3138l36"
                         BASELINE="1086,2198 1198,2194 1310,2188 1422,2184 1534,2180 1646,2176 1758,2172 1870,2169 1982,2166 2094,2164 2207,2162 2319,2160 2431,2158 2543,2157 2655,2156 2767,2155 2879,2154 2991,2154 3103,2154 3215,2154 3328,2154"
                         HEIGHT="152"
                         WIDTH="2275"
                         VPOS="2093"
                         HPOS="1069">
                  <String ID="string_region_1643965671737_3138l36"
                          HEIGHT="152"
                          WIDTH="2275"
                          VPOS="2093"
                          HPOS="1069"
                          CONTENT="ewings geleeden die noch niet is gearriveert om den contrarier wint"/>
               </TextLine>
               <TextLine ID="region_1643965671737_3138l37"
                         BASELINE="1096,2300 1205,2298 1314,2294 1423,2289 1532,2285 1641,2280 1750,2276 1859,2272 1968,2267 2077,2263 2186,2260 2295,2256 2404,2252 2513,2250 2622,2248 2731,2246 2840,2246 2949,2247 3058,2248 3167,2251 3276,2254"
                         HEIGHT="123"
                         WIDTH="2213"
                         VPOS="2201"
                         HPOS="1078">
                  <String ID="string_region_1643965671737_3138l37"
                          HEIGHT="123"
                          WIDTH="2213"
                          VPOS="2201"
                          HPOS="1078"
                          CONTENT="verhope, sijn behaude comptse int cort tot ostende te vernemen"/>
               </TextLine>
               <TextLine ID="region_1643965671737_3138l38"
                         BASELINE="1084,2408 1195,2403 1307,2397 1418,2392 1530,2388 1642,2384 1753,2380 1865,2376 1976,2374 2088,2371 2200,2368 2311,2366 2423,2364 2534,2362 2646,2360 2758,2360 2869,2358 2981,2356 3092,2354 3204,2354 3316,2352"
                         HEIGHT="196"
                         WIDTH="2264"
                         VPOS="2270"
                         HPOS="1068">
                  <String ID="string_region_1643965671737_3138l38"
                          HEIGHT="196"
                          WIDTH="2264"
                          VPOS="2270"
                          HPOS="1068"
                          CONTENT="dat goot wel geren, vorders, verwondere mij u niet een stuck drogets"/>
               </TextLine>
               <TextLine ID="region_1643965671737_3138l39"
                         BASELINE="1084,2520 1195,2511 1306,2505 1417,2498 1528,2493 1639,2488 1750,2486 1861,2482 1972,2480 2083,2478 2195,2476 2306,2474 2417,2472 2528,2470 2639,2468 2750,2465 2861,2462 2972,2457 3083,2452 3194,2446 3306,2440"
                         HEIGHT="151"
                         WIDTH="2254"
                         VPOS="2390"
                         HPOS="1068">
                  <String ID="string_region_1643965671737_3138l39"
                          HEIGHT="151"
                          WIDTH="2254"
                          VPOS="2390"
                          HPOS="1068"
                          CONTENT="hebt gesonden dat emmers niet wel wat erwijlen n seght, die in de "/>
               </TextLine>
               <TextLine ID="region_1643965671737_3138l40"
                         BASELINE="1100,2624 1211,2619 1323,2616 1434,2612 1546,2608 1657,2604 1769,2600 1880,2597 1992,2594 2103,2590 2215,2586 2326,2582 2438,2580 2549,2576 2661,2571 2772,2568 2884,2562 2995,2558 3107,2553 3218,2547 3330,2542"
                         HEIGHT="194"
                         WIDTH="2263"
                         VPOS="2479"
                         HPOS="1085">
                  <String ID="string_region_1643965671737_3138l40"
                          HEIGHT="194"
                          WIDTH="2263"
                          VPOS="2479"
                          HPOS="1085"
                          CONTENT="maeck gegeven hebt ade selve pe luridge senden, sal die verwaghten"/>
               </TextLine>
               <TextLine ID="region_1643965671737_3138l41"
                         BASELINE="1086,2734 1198,2729 1310,2725 1422,2720 1534,2717 1647,2712 1759,2708 1871,2704 1983,2701 2095,2698 2208,2694 2320,2690 2432,2686 2544,2682 2656,2678 2769,2674 2881,2670 2993,2665 3105,2660 3217,2656 3330,2650"
                         HEIGHT="137"
                         WIDTH="2277"
                         VPOS="2620"
                         HPOS="1068">
                  <String ID="string_region_1643965671737_3138l41"
                          HEIGHT="137"
                          WIDTH="2277"
                          VPOS="2620"
                          HPOS="1068"
                          CONTENT="recommandere, van niet na de laeten want soude anders aen andre"/>
               </TextLine>
               <TextLine ID="region_1643965671737_3138l42"
                         BASELINE="1100,2836 1211,2830 1323,2826 1434,2821 1546,2816 1658,2812 1769,2810 1881,2806 1992,2802 2104,2798 2216,2795 2327,2792 2439,2788 2550,2785 2662,2781 2774,2778 2885,2774 2997,2770 3108,2764 3220,2760 3332,2754"
                         HEIGHT="215"
                         WIDTH="2267"
                         VPOS="2654"
                         HPOS="1081">
                  <String ID="string_region_1643965671737_3138l42"
                          HEIGHT="215"
                          WIDTH="2267"
                          VPOS="2654"
                          HPOS="1081"
                          CONTENT="ordre moeten toesenden Bovendien, sent met ditto Buridge noch"/>
               </TextLine>
               <TextLine ID="region_1643965671737_3138l43"
                         BASELINE="1082,2940 1194,2936 1307,2931 1420,2926 1533,2922 1646,2918 1759,2914 1872,2910 1985,2906 2098,2902 2211,2898 2323,2894 2436,2891 2549,2888 2662,2884 2775,2880 2888,2876 3001,2873 3114,2869 3227,2865 3340,2862"
                         HEIGHT="214"
                         WIDTH="2292"
                         VPOS="2782"
                         HPOS="1065">
                  <String ID="string_region_1643965671737_3138l43"
                          HEIGHT="214"
                          WIDTH="2292"
                          VPOS="2782"
                          HPOS="1065"
                          CONTENT="60 coffees sondernaem, 15 moeren, sonder naem &amp; 15 ditto bette met name"/>
               </TextLine>
               <TextLine ID="region_1643965671737_3138l44"
                         BASELINE="1074,3054 1185,3049 1296,3044 1407,3040 1518,3036 1630,3032 1741,3028 1852,3024 1963,3020 2074,3016 2186,3012 2297,3010 2408,3006 2519,3002 2630,3000 2742,2996 2853,2993 2964,2990 3075,2988 3186,2984 3298,2982"
                         HEIGHT="147"
                         WIDTH="2256"
                         VPOS="2935"
                         HPOS="1056">
                  <String ID="string_region_1643965671737_3138l44"
                          HEIGHT="147"
                          WIDTH="2256"
                          VPOS="2935"
                          HPOS="1056"
                          CONTENT="&amp; recommandere noch mael van de clijne baettiens te saemen te"/>
               </TextLine>
               <TextLine ID="region_1643965671737_3138l45"
                         BASELINE="1074,3158 1187,3153 1301,3149 1415,3144 1528,3140 1642,3135 1756,3130 1869,3126 1983,3122 2097,3118 2211,3116 2324,3112 2438,3109 2552,3106 2665,3102 2779,3100 2893,3098 3006,3096 3120,3094 3234,3092 3348,3090"
                         HEIGHT="174"
                         WIDTH="2307"
                         VPOS="3036"
                         HPOS="1056">
                  <String ID="string_region_1643965671737_3138l45"
                          HEIGHT="174"
                          WIDTH="2307"
                          VPOS="3036"
                          HPOS="1056"
                          CONTENT="packen, want de oncosten sijn te groota met moet soo veel voor een"/>
               </TextLine>
               <TextLine ID="region_1643965671737_3138l46"
                         BASELINE="1074,3254 1187,3249 1301,3246 1414,3240 1528,3237 1641,3233 1755,3228 1868,3225 1982,3222 2095,3218 2209,3215 2322,3210 2436,3208 2549,3204 2663,3200 2776,3196 2890,3194 3003,3190 3117,3186 3230,3182 3344,3180"
                         HEIGHT="212"
                         WIDTH="2303"
                         VPOS="3101"
                         HPOS="1058">
                  <String ID="string_region_1643965671737_3138l46"
                          HEIGHT="212"
                          WIDTH="2303"
                          VPOS="3101"
                          HPOS="1058"
                          CONTENT="Clijn baetteen betaelen, als voor een groot dat geluve te considereren"/>
               </TextLine>
               <TextLine ID="region_1643965671737_3138l47"
                         BASELINE="1062,3372 1177,3363 1293,3356 1409,3348 1524,3342 1640,3335 1756,3330 1871,3325 1987,3320 2103,3316 2219,3311 2334,3306 2450,3302 2566,3299 2681,3296 2797,3292 2913,3288 3028,3283 3144,3280 3260,3276 3376,3270"
                         HEIGHT="168"
                         WIDTH="2349"
                         VPOS="3213"
                         HPOS="1043">
                  <String ID="string_region_1643965671737_3138l47"
                          HEIGHT="168"
                          WIDTH="2349"
                          VPOS="3213"
                          HPOS="1043"
                          CONTENT="&amp; soo u mijn intrest welt behertigen, sult dat voorcomen sal p naeste"/>
               </TextLine>
               <TextLine ID="region_1643965671737_3138l48"
                         BASELINE="1120,3468 1230,3463 1340,3457 1451,3450 1561,3446 1672,3440 1782,3434 1892,3430 2003,3425 2113,3420 2224,3416 2334,3412 2444,3408 2555,3404 2665,3400 2776,3395 2886,3391 2996,3387 3107,3382 3217,3378 3328,3372"
                         HEIGHT="213"
                         WIDTH="2244"
                         VPOS="3287"
                         HPOS="1102">
                  <String ID="string_region_1643965671737_3138l48"
                          HEIGHT="213"
                          WIDTH="2244"
                          VPOS="3287"
                          HPOS="1102"
                          CONTENT="u remitteren want hebbe heden, dat niet connen doen, om dat het seel"/>
               </TextLine>
               <TextLine ID="region_1643965671737_3138l49"
                         BASELINE="1022,3576 1137,3574 1253,3569 1369,3565 1485,3560 1601,3555 1717,3550 1833,3546 1949,3540 2065,3533 2181,3528 2296,3522 2412,3516 2528,3510 2644,3503 2760,3498 2876,3492 2992,3486 3108,3480 3224,3474 3340,3470"
                         HEIGHT="243"
                         WIDTH="2355"
                         VPOS="3401"
                         HPOS="1003">
                  <String ID="string_region_1643965671737_3138l49"
                          HEIGHT="243"
                          WIDTH="2355"
                          VPOS="3401"
                          HPOS="1003"
                          CONTENT=" dagh is a dat men geere borse hant hebbee voorgestren, wederom een"/>
               </TextLine>
               <TextLine ID="region_1643965671737_3138l50"
                         BASELINE="1108,3668 1219,3666 1331,3664 1442,3662 1554,3659 1666,3656 1777,3652 1889,3648 2000,3644 2112,3640 2224,3634 2335,3630 2447,3626 2558,3620 2670,3615 2782,3610 2893,3604 3005,3599 3116,3593 3228,3588 3340,3582"
                         HEIGHT="192"
                         WIDTH="2265"
                         VPOS="3526"
                         HPOS="1090">
                  <String ID="string_region_1643965671737_3138l50"
                          HEIGHT="192"
                          WIDTH="2265"
                          VPOS="3526"
                          HPOS="1090"
                          CONTENT="calant gehadt, die gewent is van ue bette cofffes te nemen &amp; hebbe"/>
               </TextLine>
               <TextLine ID="region_1643965671737_3138l51"
                         BASELINE="1084,3780 1196,3775 1309,3772 1422,3766 1535,3762 1648,3758 1760,3754 1873,3750 1986,3746 2099,3740 2212,3736 2324,3731 2437,3725 2550,3720 2663,3713 2776,3707 2888,3700 3001,3694 3114,3686 3227,3678 3340,3670"
                         HEIGHT="226"
                         WIDTH="2291"
                         VPOS="3607"
                         HPOS="1065">
                  <String ID="string_region_1643965671737_3138l51"
                          HEIGHT="226"
                          WIDTH="2291"
                          VPOS="3607"
                          HPOS="1065"
                          CONTENT="geene connen vercoopen, tyde tot brussel gekoght hadde beter coop"/>
               </TextLine>
               <TextLine ID="region_1643965671737_3138l52"
                         BASELINE="1078,3894 1192,3887 1306,3882 1420,3876 1534,3872 1648,3867 1762,3862 1876,3858 1990,3853 2104,3848 2218,3843 2332,3838 2446,3832 2560,3827 2674,3820 2788,3814 2902,3808 3016,3800 3130,3793 3244,3784 3358,3774"
                         HEIGHT="212"
                         WIDTH="2316"
                         VPOS="3713"
                         HPOS="1059">
                  <String ID="string_region_1643965671737_3138l52"
                          HEIGHT="212"
                          WIDTH="2316"
                          VPOS="3713"
                          HPOS="1059"
                          CONTENT="&amp; beter goet als de mijne &amp; dat de sijne langervielen hadde goet debut"/>
               </TextLine>
               <TextLine ID="region_1643965671737_3138l53"
                         BASELINE="1094,3994 1206,3990 1318,3986 1430,3982 1542,3980 1654,3976 1766,3973 1878,3970 1990,3966 2102,3963 2215,3959 2327,3954 2439,3950 2551,3944 2663,3939 2775,3934 2887,3927 2999,3920 3111,3911 3223,3901 3336,3892"
                         HEIGHT="215"
                         WIDTH="2276"
                         VPOS="3827"
                         HPOS="1075">
                  <String ID="string_region_1643965671737_3138l53"
                          HEIGHT="215"
                          WIDTH="2276"
                          VPOS="3827"
                          HPOS="1075"
                          CONTENT="tot Brussel &amp; dat gerase nu quayt, soo sien ue een ander formeert"/>
               </TextLine>
               <TextLine ID="region_1643965671737_3138l54"
                         BASELINE="1100,4100 1210,4096 1321,4092 1432,4088 1542,4086 1653,4084 1764,4082 1874,4080 1985,4078 2096,4076 2207,4073 2317,4070 2428,4068 2539,4064 2649,4060 2760,4056 2871,4050 2981,4045 3092,4039 3203,4031 3314,4022"
                         HEIGHT="165"
                         WIDTH="2245"
                         VPOS="3946"
                         HPOS="1085">
                  <String ID="string_region_1643965671737_3138l54"
                          HEIGHT="165"
                          WIDTH="2245"
                          VPOS="3946"
                          HPOS="1085"
                          CONTENT="&amp; mijne ordres niet volbrenght, ben van gedaghten u ontrent de "/>
               </TextLine>
               <TextLine ID="region_1643965671737_3138l55"
                         BASELINE="1076,4226 1188,4222 1300,4217 1412,4212 1524,4209 1636,4205 1748,4202 1860,4198 1972,4194 2084,4190 2196,4187 2308,4184 2420,4180 2532,4176 2644,4172 2756,4168 2868,4164 2980,4160 3092,4155 3204,4151 3316,4146"
                         HEIGHT="176"
                         WIDTH="2272"
                         VPOS="4104"
                         HPOS="1059">
                  <String ID="string_region_1643965671737_3138l55"
                          HEIGHT="176"
                          WIDTH="2272"
                          VPOS="4104"
                          HPOS="1059"
                          CONTENT="drogetten oock wel doen cont want het is niet te begrijpen, dat ue"/>
               </TextLine>
               <TextLine ID="region_1643965671737_3138l56"
                         BASELINE="1094,4338 1204,4334 1315,4330 1426,4326 1536,4322 1647,4319 1758,4315 1868,4312 1979,4308 2090,4305 2201,4302 2311,4298 2422,4296 2533,4291 2643,4288 2754,4284 2865,4280 2975,4277 3086,4272 3197,4268 3308,4264"
                         HEIGHT="168"
                         WIDTH="2250"
                         VPOS="4200"
                         HPOS="1075">
                  <String ID="string_region_1643965671737_3138l56"
                          HEIGHT="168"
                          WIDTH="2250"
                          VPOS="4200"
                          HPOS="1075"
                          CONTENT="sedert 26 meij lest maer 30 ps conde becemen, soo u geene, oft de "/>
               </TextLine>
               <TextLine ID="region_1643965671737_3138l57"
                         BASELINE="1096,4436 1210,4432 1325,4428 1440,4426 1555,4424 1670,4422 1784,4421 1899,4420 2014,4418 2129,4418 2244,4416 2358,4414 2473,4412 2588,4410 2703,4408 2818,4404 2932,4401 3047,4396 3162,4392 3277,4387 3392,4380"
                         HEIGHT="156"
                         WIDTH="2327"
                         VPOS="4280"
                         HPOS="1080">
                  <String ID="string_region_1643965671737_3138l57"
                          HEIGHT="156"
                          WIDTH="2327"
                          VPOS="4280"
                          HPOS="1080"
                          CONTENT="volle ordre niet senden wilt, versoeke te laeten meeten, op dat andre"/>
               </TextLine>
            </TextBlock>
            <TextBlock ID="region_1643965675010_3141"
                       HEIGHT="4368"
                       WIDTH="2627"
                       VPOS="151"
                       HPOS="3441">
               <Shape>
                  <Polygon POINTS="3441,151 6068,151 6068,4519 3441,4519"/>
               </Shape>
               <TextLine ID="region_1643965675010_3141l1"
                         BASELINE="3598,248 3718,248 3839,248 3960,248 4081,246 4202,246 4322,246 4443,246 4564,246 4685,244 4806,244 4926,244 5047,244 5168,244 5289,244 5410,246 5530,246 5651,248 5772,250 5893,252 6014,254"
                         HEIGHT="120"
                         WIDTH="2447"
                         VPOS="193"
                         HPOS="3583">
                  <String ID="string_region_1643965675010_3141l1"
                          HEIGHT="120"
                          WIDTH="2447"
                          VPOS="193"
                          HPOS="3583"
                          CONTENT="meseres neme k antwoort verwaghten de v live naer cordicle groetemsse 2113"/>
               </TextLine>
               <TextLine ID="region_1643965675010_3141l2"
                         BASELINE="3570,322 3665,316 3760,311 3856,306 3951,302 4047,300 4142,298 4237,296 4333,296 4428,296 4524,298 4619,298 4714,299 4810,300 4905,301 5001,302 5096,302 5191,302 5287,302 5382,302 5478,300"
                         HEIGHT="123"
                         WIDTH="1941"
                         VPOS="259"
                         HPOS="3554">
                  <String ID="string_region_1643965675010_3141l2"
                          HEIGHT="123"
                          WIDTH="1941"
                          VPOS="259"
                          HPOS="3554"
                          CONTENT="P soo even become de tijdinge dat bwings behanden is gearriveert"/>
               </TextLine>
               <TextLine ID="region_1643965675010_3141l3"
                         BASELINE="3508,420 3538,419 3569,418 3599,416 3630,416 3661,414 3691,413 3722,412 3752,411 3783,410 3814,410 3844,408 3875,408 3905,408 3936,406 3967,406 3997,406 4028,406 4058,405 4089,404 4120,404"
                         HEIGHT="127"
                         WIDTH="644"
                         VPOS="342"
                         HPOS="3492">
                  <String ID="string_region_1643965675010_3141l3"
                          HEIGHT="127"
                          WIDTH="644"
                          VPOS="342"
                          HPOS="3492"
                          CONTENT="frerton George thorne"/>
               </TextLine>
               <TextLine ID="region_1643965675010_3141l4"
                         BASELINE="5502,426 5528,428 5554,428 5580,428 5606,428 5632,427 5658,426 5684,426 5710,425 5737,424 5763,423 5789,422 5815,421 5841,420 5867,420 5893,421 5919,422 5945,423 5972,424"
                         HEIGHT="156"
                         WIDTH="501"
                         VPOS="325"
                         HPOS="5486">
                  <String ID="string_region_1643965675010_3141l4"
                          HEIGHT="156"
                          WIDTH="501"
                          VPOS="325"
                          HPOS="5486"
                          CONTENT="Adij 29 sber 1714"/>
               </TextLine>
               <TextLine ID="region_1643965675010_3141l5"
                         BASELINE="3610,532 3731,529 3853,524 3975,520 4097,518 4219,515 4341,512 4463,510 4585,509 4707,508 4829,506 4950,506 5072,504 5194,504 5316,504 5438,504 5560,504 5682,504 5804,504 5926,504 6048,504"
                         HEIGHT="171"
                         WIDTH="2470"
                         VPOS="394"
                         HPOS="3594">
                  <String ID="string_region_1643965675010_3141l5"
                          HEIGHT="171"
                          WIDTH="2470"
                          VPOS="394"
                          HPOS="3594"
                          CONTENT="ue aengenaeme van 8 deser wel ontfanghen dien volgens sienu de baele  in"/>
               </TextLine>
               <TextLine ID="region_1643965675010_3141l6"
                         BASELINE="3586,630 3709,624 3832,619 3956,614 4079,610 4203,605 4326,602 4449,598 4573,594 4696,592 4820,590 4943,590 5066,588 5190,586 5313,586 5437,586 5560,586 5683,586 5807,588 5930,588 6054,590"
                         HEIGHT="150"
                         WIDTH="2498"
                         VPOS="506"
                         HPOS="3571">
                  <String ID="string_region_1643965675010_3141l6"
                          HEIGHT="150"
                          WIDTH="2498"
                          VPOS="506"
                          HPOS="3571"
                          CONTENT="surige nu hebt gelaeden  dat de andre geordineerde goedren niet claerhebt be"/>
               </TextLine>
               <TextLine ID="region_1643965675010_3141l7"
                         BASELINE="3586,722 3707,718 3828,714 3949,710 4070,706 4191,703 4312,700 4433,698 4554,694 4675,692 4797,690 4918,688 5039,686 5160,684 5281,682 5402,680 5523,678 5644,676 5765,674 5886,673 6008,672"
                         HEIGHT="191"
                         WIDTH="2455"
                         VPOS="592"
                         HPOS="3569">
                  <String ID="string_region_1643965675010_3141l7"
                          HEIGHT="191"
                          WIDTH="2455"
                          VPOS="592"
                          HPOS="3569"
                          CONTENT="connen ctijgen &amp; dat de selve inouridge loeden sult, de presert aen leght"/>
               </TextLine>
               <TextLine ID="region_1643965675010_3141l8"
                         BASELINE="3588,814 3708,812 3828,808 3948,805 4068,802 4188,800 4308,796 4428,794 4548,790 4668,788 4788,786 4908,783 5028,780 5148,778 5268,776 5388,772 5508,770 5628,768 5748,766 5868,762 5988,760"
                         HEIGHT="152"
                         WIDTH="2431"
                         VPOS="685"
                         HPOS="3571">
                  <String ID="string_region_1643965675010_3141l8"
                          HEIGHT="152"
                          WIDTH="2431"
                          VPOS="685"
                          HPOS="3571"
                          CONTENT="derhalve, sal du te gemoet dien &amp; geleve boven dien noch te prepareren"/>
               </TextLine>
               <TextLine ID="region_1643965675010_3141l9"
                         BASELINE="3584,910 3704,910 3825,908 3946,906 4066,904 4187,902 4308,900 4428,898 4549,896 4670,895 4791,892 4911,890 5032,888 5153,884 5273,882 5394,878 5515,874 5635,872 5756,867 5877,863 5998,858"
                         HEIGHT="161"
                         WIDTH="2445"
                         VPOS="786"
                         HPOS="3568">
                  <String ID="string_region_1643965675010_3141l9"
                          HEIGHT="161"
                          WIDTH="2445"
                          VPOS="786"
                          HPOS="3568"
                          CONTENT="twee shaclon der van 60ps te weeten eene bale van 30gps schaden"/>
               </TextLine>
               <TextLine ID="region_1643965675010_3141l10"
                         BASELINE="3584,1010 3702,1006 3820,1004 3938,1002 4057,999 4175,996 4293,994 4412,992 4530,990 4648,988 4767,986 4885,984 5003,981 5121,979 5240,976 5358,973 5476,970 5595,967 5713,964 5831,960 5950,956"
                         HEIGHT="154"
                         WIDTH="2399"
                         VPOS="882"
                         HPOS="3567">
                  <String ID="string_region_1643965675010_3141l10"
                          HEIGHT="154"
                          WIDTH="2399"
                          VPOS="882"
                          HPOS="3567"
                          CONTENT="naer de stael boeek op 28 april lest aen u gesonden, dogh u moet die"/>
               </TextLine>
               <TextLine ID="region_1643965675010_3141l11"
                         BASELINE="3582,1108 3704,1104 3827,1100 3949,1098 4072,1096 4195,1094 4317,1094 4440,1092 4562,1092 4685,1090 4808,1090 4930,1088 5053,1088 5175,1086 5298,1084 5421,1080 5543,1076 5666,1072 5788,1066 5911,1059 6034,1052"
                         HEIGHT="163"
                         WIDTH="2485"
                         VPOS="977"
                         HPOS="3565">
                  <String ID="string_region_1643965675010_3141l11"
                          HEIGHT="163"
                          WIDTH="2485"
                          VPOS="977"
                          HPOS="3565"
                          CONTENT="slechte geele schades meijden, gelijck voor deser geereven gmijne gesonden e"/>
               </TextLine>
               <TextLine ID="region_1643965675010_3141l12"
                         BASELINE="3592,1218 3712,1210 3833,1204 3954,1199 4074,1195 4195,1192 4316,1192 4436,1190 4557,1190 4678,1190 4799,1190 4919,1190 5040,1190 5161,1190 5281,1188 5402,1188 5523,1184 5643,1182 5764,1177 5885,1170 6006,1162"
                         HEIGHT="160"
                         WIDTH="2445"
                         VPOS="1086"
                         HPOS="3577">
                  <String ID="string_region_1643965675010_3141l12"
                          HEIGHT="160"
                          WIDTH="2445"
                          VPOS="1086"
                          HPOS="3577"
                          CONTENT="staelue precus naer comen de andre 60 ps. soo naer mijne gesondene"/>
               </TextLine>
               <TextLine ID="region_1643965675010_3141l13"
                         BASELINE="3602,1306 3722,1300 3843,1296 3963,1292 4084,1290 4205,1288 4325,1286 4446,1286 4566,1286 4687,1288 4808,1288 4928,1288 5049,1288 5169,1288 5290,1287 5411,1285 5531,1282 5652,1278 5772,1272 5893,1266 6014,1258"
                         HEIGHT="153"
                         WIDTH="2444"
                         VPOS="1212"
                         HPOS="3585">
                  <String ID="string_region_1643965675010_3141l13"
                          HEIGHT="153"
                          WIDTH="2444"
                          VPOS="1212"
                          HPOS="3585"
                          CONTENT="staelen &amp; instuctie van 8aug. lest sijnde gelijck de baele sun noch"/>
               </TextLine>
               <TextLine ID="region_1643965675010_3141l14"
                         BASELINE="3590,1392 3711,1392 3833,1390 3954,1390 4076,1388 4198,1388 4319,1388 4441,1388 4562,1388 4684,1388 4806,1388 4927,1388 5049,1387 5170,1386 5292,1384 5414,1382 5535,1378 5657,1374 5778,1370 5900,1364 6022,1358"
                         HEIGHT="111"
                         WIDTH="2463"
                         VPOS="1317"
                         HPOS="3575">
                  <String ID="string_region_1643965675010_3141l14"
                          HEIGHT="111"
                          WIDTH="2463"
                          VPOS="1317"
                          HPOS="3575"
                          CONTENT="sinden moet vorders gelieve op ontfange deser te laeten weeter oft ue"/>
               </TextLine>
               <TextLine ID="region_1643965675010_3141l15"
                         BASELINE="3578,1496 3699,1496 3821,1494 3943,1494 4064,1492 4186,1492 4308,1492 4429,1490 4551,1490 4673,1488 4795,1488 4916,1486 5038,1486 5160,1484 5281,1484 5403,1482 5525,1482 5646,1480 5768,1478 5890,1478 6012,1476"
                         HEIGHT="141"
                         WIDTH="2466"
                         VPOS="1411"
                         HPOS="3561">
                  <String ID="string_region_1643965675010_3141l15"
                          HEIGHT="141"
                          WIDTH="2466"
                          VPOS="1411"
                          HPOS="3561"
                          CONTENT="die ordre voltreelen sult oft niet om volgens te reguleren anuantas"/>
               </TextLine>
               <TextLine ID="region_1643965675010_3141l16"
                         BASELINE="3576,1606 3613,1603 3651,1601 3688,1599 3726,1598 3763,1596 3801,1595 3838,1594 3876,1592 3913,1592 3951,1591 3988,1590 4026,1589 4063,1588 4101,1588 4138,1586 4176,1586 4213,1585 4251,1584 4288,1582 4326,1582"
                         HEIGHT="146"
                         WIDTH="782"
                         VPOS="1490"
                         HPOS="3559">
                  <String ID="string_region_1643965675010_3141l16"
                          HEIGHT="146"
                          WIDTH="782"
                          VPOS="1490"
                          HPOS="3559"
                          CONTENT="verwaghtende Blijve"/>
               </TextLine>
               <TextLine ID="region_1643965675010_3141l17"
                         BASELINE="4166,1708 4232,1706 4299,1706 4366,1706 4433,1706 4500,1706 4566,1706 4633,1708 4700,1708 4767,1708 4834,1710 4900,1710 4967,1710 5034,1708 5101,1708 5168,1706 5234,1704 5301,1702 5368,1698 5435,1693 5502,1688"
                         HEIGHT="173"
                         WIDTH="1368"
                         VPOS="1587"
                         HPOS="4150">
                  <String ID="string_region_1643965675010_3141l17"
                          HEIGHT="173"
                          WIDTH="1368"
                          VPOS="1587"
                          HPOS="4150"
                          CONTENT="te prepareren voor Danue 1: melijn"/>
               </TextLine>
               <TextLine ID="region_1643965675010_3141l18"
                         BASELINE="4164,1790 4218,1790 4272,1790 4326,1791 4380,1792 4435,1792 4489,1794 4543,1794 4597,1794 4651,1796 4706,1796 4760,1796 4814,1796 4868,1796 4922,1796 4977,1794 5031,1794 5085,1792 5139,1790 5193,1788 5248,1786"
                         HEIGHT="111"
                         WIDTH="1117"
                         VPOS="1714"
                         HPOS="4148">
                  <String ID="string_region_1643965675010_3141l18"
                          HEIGHT="111"
                          WIDTH="1117"
                          VPOS="1714"
                          HPOS="4148"
                          CONTENT="om met buriige te versenden"/>
               </TextLine>
               <TextLine ID="region_1643965675010_3141l19"
                         BASELINE="3888,1882 3966,1880 4045,1880 4124,1880 4202,1882 4281,1882 4360,1884 4438,1886 4517,1888 4596,1890 4675,1892 4753,1894 4832,1896 4911,1898 4989,1898 5068,1898 5147,1898 5225,1898 5304,1897 5383,1895 5462,1892"
                         HEIGHT="164"
                         WIDTH="1606"
                         VPOS="1790"
                         HPOS="3872">
                  <String ID="string_region_1643965675010_3141l19"
                          HEIGHT="164"
                          WIDTH="1606"
                          VPOS="1790"
                          HPOS="3872"
                          CONTENT="1 baele met ,b0 sarges olives a rosse  ug"/>
               </TextLine>
               <TextLine ID="region_1643965675010_3141l20"
                         BASELINE="5296,1982 5324,1984 5352,1983 5380,1980 5408,1980 5436,1981 5464,1986"
                         HEIGHT="146"
                         WIDTH="198"
                         VPOS="1901"
                         HPOS="5282">
                  <String ID="string_region_1643965675010_3141l20"
                          HEIGHT="146"
                          WIDTH="198"
                          VPOS="1901"
                          HPOS="5282"
                          CONTENT="22g"/>
               </TextLine>
               <TextLine ID="region_1643965675010_3141l21"
                         BASELINE="4264,1996 4289,1993 4315,1989 4341,1988 4366,1986 4392,1984 4418,1984 4443,1982 4469,1982 4495,1982 4520,1982 4546,1982 4572,1982 4598,1980"
                         HEIGHT="149"
                         WIDTH="370"
                         VPOS="1884"
                         HPOS="4244">
                  <String ID="string_region_1643965675010_3141l21"
                          HEIGHT="149"
                          WIDTH="370"
                          VPOS="1884"
                          HPOS="4244"
                          CONTENT="„:60 "/>
               </TextLine>
               <TextLine ID="region_1643965675010_3141l22"
                         BASELINE="3880,1992 3905,1992 3931,1989 3956,1987 3982,1986 4008,1984"
                         HEIGHT="123"
                         WIDTH="163"
                         VPOS="1893"
                         HPOS="3861">
                  <String ID="string_region_1643965675010_3141l22"
                          HEIGHT="123"
                          WIDTH="163"
                          VPOS="1893"
                          HPOS="3861"
                          CONTENT="1d"/>
               </TextLine>
               <TextLine ID="region_1643965675010_3141l23"
                         BASELINE="5870,1990 5896,1990 5923,1988 5950,1985 5977,1984 6004,1988 6031,2005 6058,2022"
                         HEIGHT="185"
                         WIDTH="231"
                         VPOS="1900"
                         HPOS="5855">
                  <String ID="string_region_1643965675010_3141l23"
                          HEIGHT="185"
                          WIDTH="231"
                          VPOS="1900"
                          HPOS="5855"
                          CONTENT="iet"/>
               </TextLine>
               <TextLine ID="region_1643965675010_3141l24"
                         BASELINE="4252,2112 4336,2106 4420,2100 4504,2096 4589,2094 4673,2092 4757,2092 4842,2092 4926,2092 5010,2092 5095,2094 5179,2094 5263,2094 5347,2094 5432,2094 5516,2092 5600,2090 5685,2088 5769,2083 5853,2076 5938,2070"
                         HEIGHT="185"
                         WIDTH="1720"
                         VPOS="1966"
                         HPOS="4234">
                  <String ID="string_region_1643965675010_3141l24"
                          HEIGHT="185"
                          WIDTH="1720"
                          VPOS="1966"
                          HPOS="4234"
                          CONTENT="„ 60 p schades naer de stalbock van 28 april"/>
               </TextLine>
               <TextLine ID="region_1643965675010_3141l25"
                         BASELINE="3906,2106 3933,2103 3960,2101 3987,2100 4014,2102"
                         HEIGHT="113"
                         WIDTH="142"
                         VPOS="2009"
                         HPOS="3887">
                  <String ID="string_region_1643965675010_3141l25"
                          HEIGHT="113"
                          WIDTH="142"
                          VPOS="2009"
                          HPOS="3887"
                          CONTENT="1d"/>
               </TextLine>
               <TextLine ID="region_1643965675010_3141l26"
                         BASELINE="3924,2170 3958,2176 3992,2178"
                         HEIGHT="123"
                         WIDTH="116"
                         VPOS="2113"
                         HPOS="3900">
                  <String ID="string_region_1643965675010_3141l26"
                          HEIGHT="123"
                          WIDTH="116"
                          VPOS="2113"
                          HPOS="3900"
                          CONTENT="2"/>
               </TextLine>
               <TextLine ID="region_1643965675010_3141l27"
                         BASELINE="4246,2222 4333,2220 4420,2218 4507,2218 4594,2218 4681,2218 4768,2218 4855,2218 4942,2218 5029,2220 5116,2220 5203,2220 5290,2220 5377,2220 5464,2219 5551,2217 5638,2214 5725,2212 5812,2208 5899,2202 5986,2194"
                         HEIGHT="173"
                         WIDTH="1772"
                         VPOS="2112"
                         HPOS="4229">
                  <String ID="string_region_1643965675010_3141l27"
                          HEIGHT="173"
                          WIDTH="1772"
                          VPOS="2112"
                          HPOS="4229"
                          CONTENT="„ 120ps 22 gr twee clever tweede soute gelijck de"/>
               </TextLine>
               <TextLine ID="region_1643965675010_3141l28"
                         BASELINE="3566,2324 3593,2324 3621,2324 3648,2322 3676,2322 3703,2322 3731,2320 3758,2320 3786,2320 3813,2320 3841,2319 3868,2318 3896,2318 3923,2318 3951,2318 3978,2316 4006,2316 4033,2316 4061,2314 4088,2314 4116,2312"
                         HEIGHT="186"
                         WIDTH="584"
                         VPOS="2205"
                         HPOS="3549">
                  <String ID="string_region_1643965675010_3141l28"
                          HEIGHT="186"
                          WIDTH="584"
                          VPOS="2205"
                          HPOS="3549"
                          CONTENT="as als voors"/>
               </TextLine>
               <TextLine ID="region_1643965675010_3141l29"
                         BASELINE="4594,2316 4620,2318 4646,2318 4672,2318 4699,2319 4725,2320 4751,2320 4778,2320 4804,2320 4830,2322 4857,2322 4883,2322 4909,2322 4935,2322 4962,2322 4988,2322 5014,2322 5041,2322 5067,2322 5093,2322 5120,2322"
                         HEIGHT="141"
                         WIDTH="556"
                         VPOS="2246"
                         HPOS="4579">
                  <String ID="string_region_1643965675010_3141l29"
                          HEIGHT="141"
                          WIDTH="556"
                          VPOS="2246"
                          HPOS="4579"
                          CONTENT="baele N172."/>
               </TextLine>
               <TextLine ID="region_1643965675010_3141l30"
                         BASELINE="3454,2544 3493,2538 3532,2536 3571,2532 3610,2530 3650,2526 3689,2524 3728,2523 3767,2522 3806,2520 3846,2520 3885,2518 3924,2518 3963,2518 4002,2516 4042,2516 4081,2516 4120,2516 4159,2515 4198,2514 4238,2514"
                         HEIGHT="184"
                         WIDTH="822"
                         VPOS="2421"
                         HPOS="3434">
                  <String ID="string_region_1643965675010_3141l30"
                          HEIGHT="184"
                          WIDTH="822"
                          VPOS="2421"
                          HPOS="3434"
                          CONTENT="Brugge Gillis Jan Coppenolle"/>
               </TextLine>
               <TextLine ID="region_1643965675010_3141l31"
                         BASELINE="5334,2536 5361,2536 5388,2535 5415,2534 5442,2534 5470,2534 5497,2534 5524,2534 5551,2533 5578,2532 5606,2532 5633,2532 5660,2532 5687,2530 5714,2530 5742,2530 5769,2528 5796,2528 5823,2526 5850,2525 5878,2524"
                         HEIGHT="210"
                         WIDTH="578"
                         VPOS="2388"
                         HPOS="5316">
                  <String ID="string_region_1643965675010_3141l31"
                          HEIGHT="210"
                          WIDTH="578"
                          VPOS="2388"
                          HPOS="5316"
                          CONTENT="Adij 29 d. 1714"/>
               </TextLine>
               <TextLine ID="region_1643965675010_3141l32"
                         BASELINE="3542,2648 3660,2648 3779,2646 3898,2646 4016,2646 4135,2646 4254,2646 4372,2648 4491,2649 4610,2650 4729,2652 4847,2652 4966,2654 5085,2654 5203,2655 5322,2656 5441,2655 5559,2654 5678,2653 5797,2651 5916,2648"
                         HEIGHT="157"
                         WIDTH="2404"
                         VPOS="2558"
                         HPOS="3527">
                  <String ID="string_region_1643965675010_3141l32"
                          HEIGHT="157"
                          WIDTH="2404"
                          VPOS="2558"
                          HPOS="3527"
                          CONTENT="beyde as: aengename van 278 28 deser, wel ontfanghen met den eersten"/>
               </TextLine>
               <TextLine ID="region_1643965675010_3141l33"
                         BASELINE="3562,2754 3679,2752 3797,2750 3914,2750 4032,2748 4149,2748 4267,2748 4384,2748 4502,2746 4619,2746 4737,2746 4854,2746 4972,2746 5089,2746 5207,2746 5324,2744 5442,2742 5559,2740 5677,2738 5794,2735 5912,2732"
                         HEIGHT="136"
                         WIDTH="2383"
                         VPOS="2663"
                         HPOS="3545">
                  <String ID="string_region_1643965675010_3141l33"
                          HEIGHT="136"
                          WIDTH="2383"
                          VPOS="2663"
                          HPOS="3545"
                          CONTENT="advies dat Cornelis maitent op 26 d van costij vertrocken was als oocs"/>
               </TextLine>
               <TextLine ID="region_1643965675010_3141l34"
                         BASELINE="3516,2860 3637,2860 3758,2860 3880,2860 4001,2858 4123,2858 4244,2858 4365,2856 4487,2856 4608,2854 4730,2854 4851,2852 4972,2850 5094,2849 5215,2847 5337,2845 5458,2843 5579,2840 5701,2838 5822,2834 5944,2832"
                         HEIGHT="154"
                         WIDTH="2457"
                         VPOS="2760"
                         HPOS="3501">
                  <String ID="string_region_1643965675010_3141l34"
                          HEIGHT="154"
                          WIDTH="2457"
                          VPOS="2760"
                          HPOS="3501"
                          CONTENT="dat ul de baele 56 p puter blanchaert afgesonden hadde derhalve"/>
               </TextLine>
               <TextLine ID="region_1643965675010_3141l35"
                         BASELINE="3576,2968 3695,2964 3814,2962 3933,2960 4052,2958 4172,2958 4291,2956 4410,2956 4529,2955 4648,2954 4768,2954 4887,2952 5006,2952 5125,2950 5244,2948 5364,2946 5483,2944 5602,2941 5721,2936 5840,2932 5960,2928"
                         HEIGHT="176"
                         WIDTH="2417"
                         VPOS="2824"
                         HPOS="3559">
                  <String ID="string_region_1643965675010_3141l35"
                          HEIGHT="176"
                          WIDTH="2417"
                          VPOS="2824"
                          HPOS="3559"
                          CONTENT="sien de selve te gemoet met den laetten verstaen, het arrivement"/>
               </TextLine>
               <TextLine ID="region_1643965675010_3141l36"
                         BASELINE="3550,3074 3667,3074 3785,3074 3903,3074 4020,3074 4138,3072 4256,3070 4373,3068 4491,3065 4609,3062 4727,3058 4844,3056 4962,3052 5080,3048 5197,3044 5315,3040 5433,3037 5550,3032 5668,3030 5786,3026 5904,3022"
                         HEIGHT="166"
                         WIDTH="2387"
                         VPOS="2971"
                         HPOS="3534">
                  <String ID="string_region_1643965675010_3141l36"
                          HEIGHT="166"
                          WIDTH="2387"
                          VPOS="2971"
                          HPOS="3534"
                          CONTENT="van John Ewings hur onder, heeft u de notitie van de goederen voor"/>
               </TextLine>
               <TextLine ID="region_1643965675010_3141l37"
                         BASELINE="3568,3166 3691,3166 3814,3166 3937,3166 4060,3166 4183,3166 4306,3166 4429,3166 4552,3164 4675,3164 4799,3163 4922,3162 5045,3160 5168,3158 5291,3154 5414,3151 5537,3148 5660,3142 5783,3137 5906,3131 6030,3124"
                         HEIGHT="239"
                         WIDTH="2494"
                         VPOS="2987"
                         HPOS="3552">
                  <String ID="string_region_1643965675010_3141l37"
                          HEIGHT="239"
                          WIDTH="2494"
                          VPOS="2987"
                          HPOS="3552"
                          CONTENT="mijne res. in hem gelaeden dien vervolgens gelieve te vercleren"/>
               </TextLine>
               <TextLine ID="region_1643965675010_3141l38"
                         BASELINE="3560,3284 3681,3282 3803,3280 3925,3278 4047,3278 4169,3276 4291,3276 4413,3274 4535,3274 4657,3273 4779,3272 4900,3270 5022,3268 5144,3266 5266,3264 5388,3260 5510,3256 5632,3252 5754,3248 5876,3242 5998,3236"
                         HEIGHT="164"
                         WIDTH="2470"
                         VPOS="3162"
                         HPOS="3544">
                  <String ID="string_region_1643965675010_3141l38"
                          HEIGHT="164"
                          WIDTH="2470"
                          VPOS="3162"
                          HPOS="3544"
                          CONTENT="ate versenden, &amp; eersten bertman adviture op het spoedighste"/>
               </TextLine>
               <TextLine ID="region_1643965675010_3141l39"
                         BASELINE="3550,3394 3671,3391 3792,3388 3914,3386 4035,3384 4157,3382 4278,3382 4399,3382 4521,3380 4642,3380 4764,3380 4885,3378 5006,3377 5128,3376 5249,3373 5371,3370 5492,3366 5613,3362 5735,3356 5856,3349 5978,3342"
                         HEIGHT="179"
                         WIDTH="2460"
                         VPOS="3251"
                         HPOS="3535">
                  <String ID="string_region_1643965675010_3141l39"
                          HEIGHT="179"
                          WIDTH="2460"
                          VPOS="3251"
                          HPOS="3535"
                          CONTENT="&amp; maecke dat u van d'eerst is int afsaden van de voorss packen"/>
               </TextLine>
               <TextLine ID="region_1643965675010_3141l40"
                         BASELINE="3564,3520 3678,3520 3792,3520 3907,3520 4021,3520 4136,3520 4250,3518 4364,3516 4479,3514 4593,3512 4708,3510 4822,3508 4936,3505 5051,3502 5165,3500 5280,3496 5394,3492 5508,3489 5623,3486 5737,3482 5852,3478"
                         HEIGHT="203"
                         WIDTH="2318"
                         VPOS="3382"
                         HPOS="3549">
                  <String ID="string_region_1643965675010_3141l40"
                          HEIGHT="203"
                          WIDTH="2318"
                          VPOS="3382"
                          HPOS="3549"
                          CONTENT="amet de laette gelijck mij noch wel gebeurt is ditto"/>
               </TextLine>
               <TextLine ID="region_1643965675010_3141l41"
                         BASELINE="3564,3646 3683,3642 3803,3640 3923,3638 4043,3636 4163,3636 4282,3634 4402,3634 4522,3632 4642,3632 4762,3630 4881,3628 5001,3626 5121,3624 5241,3620 5361,3616 5480,3610 5600,3604 5720,3597 5840,3588 5960,3578"
                         HEIGHT="209"
                         WIDTH="2425"
                         VPOS="3475"
                         HPOS="3549">
                  <String ID="string_region_1643965675010_3141l41"
                          HEIGHT="209"
                          WIDTH="2425"
                          VPOS="3475"
                          HPOS="3549"
                          CONTENT="bwings haft bij mijn weete de heeft van mijn ordre niet in, soo dat"/>
               </TextLine>
               <TextLine ID="region_1643965675010_3141l42"
                         BASELINE="3540,3762 3657,3758 3775,3756 3892,3754 4010,3754 4128,3752 4245,3752 4363,3752 4480,3752 4598,3754 4716,3752 4833,3752 4951,3752 5068,3750 5186,3748 5304,3744 5421,3740 5539,3733 5656,3727 5774,3719 5892,3708"
                         HEIGHT="183"
                         WIDTH="2381"
                         VPOS="3649"
                         HPOS="3524">
                  <String ID="string_region_1643965675010_3141l42"
                          HEIGHT="183"
                          WIDTH="2381"
                          VPOS="3649"
                          HPOS="3524"
                          CONTENT="de rest niet moet gereet geweert sijn, het soude eghter connen"/>
               </TextLine>
               <TextLine ID="region_1643965675010_3141l43"
                         BASELINE="3536,3880 3653,3878 3770,3878 3887,3876 4004,3876 4121,3876 4238,3874 4355,3874 4472,3874 4589,3872 4706,3872 4823,3870 4940,3869 5057,3868 5174,3866 5291,3862 5408,3860 5525,3856 5642,3852 5759,3848 5876,3842"
                         HEIGHT="184"
                         WIDTH="2371"
                         VPOS="3770"
                         HPOS="3520">
                  <String ID="string_region_1643965675010_3141l43"
                          HEIGHT="184"
                          WIDTH="2371"
                          VPOS="3770"
                          HPOS="3520"
                          CONTENT="gebeuren datter meer waeve, daer geen advies van hebbe,&amp; soo"/>
               </TextLine>
               <TextLine ID="region_1643965675010_3141l44"
                         BASELINE="3550,4026 3671,4024 3793,4022 3915,4020 4036,4016 4158,4014 4280,4010 4401,4006 4523,4002 4645,3999 4767,3996 4888,3994 5010,3992 5132,3990 5253,3990 5375,3990 5497,3992 5618,3996 5740,4000 5862,4006 5984,4014"
                         HEIGHT="224"
                         WIDTH="2467"
                         VPOS="3888"
                         HPOS="3533">
                  <String ID="string_region_1643965675010_3141l44"
                          HEIGHT="224"
                          WIDTH="2467"
                          VPOS="3888"
                          HPOS="3533"
                          CONTENT="gelieve eens nae te sien, ofter geen meer sijn vant marck I WW"/>
               </TextLine>
               <TextLine ID="region_1643965675010_3141l45"
                         BASELINE="3574,4166 3690,4164 3806,4162 3922,4159 4038,4156 4155,4154 4271,4152 4387,4148 4503,4146 4619,4142 4736,4140 4852,4137 4968,4134 5084,4132 5200,4130 5317,4126 5433,4124 5549,4122 5665,4120 5781,4118 5898,4116"
                         HEIGHT="167"
                         WIDTH="2356"
                         VPOS="4025"
                         HPOS="3556">
                  <String ID="string_region_1643965675010_3141l45"
                          HEIGHT="167"
                          WIDTH="2356"
                          VPOS="4025"
                          HPOS="3556"
                          CONTENT="boven die gementioneert sijn hier onder glaet mij weeten, wat"/>
               </TextLine>
               <TextLine ID="region_1643965675010_3141l46"
                         BASELINE="3550,4278 3671,4278 3793,4278 3915,4278 4036,4276 4158,4274 4280,4272 4401,4270 4523,4266 4645,4263 4767,4260 4888,4257 5010,4254 5132,4250 5253,4248 5375,4246 5497,4242 5618,4242 5740,4240 5862,4240 5984,4240"
                         HEIGHT="175"
                         WIDTH="2462"
                         VPOS="4150"
                         HPOS="3535">
                  <String ID="string_region_1643965675010_3141l46"
                          HEIGHT="175"
                          WIDTH="2462"
                          VPOS="4150"
                          HPOS="3535"
                          CONTENT="ul: hier ontrent Bevent ingesloten mijnen tolbrief on met"/>
               </TextLine>
               <TextLine ID="region_1643965675010_3141l47"
                         BASELINE="3530,4400 3653,4399 3776,4397 3900,4396 4023,4392 4147,4390 4270,4387 4393,4384 4517,4380 4640,4376 4764,4372 4887,4369 5010,4365 5134,4361 5257,4358 5381,4354 5504,4352 5627,4348 5751,4346 5874,4344 5998,4342"
                         HEIGHT="192"
                         WIDTH="2500"
                         VPOS="4232"
                         HPOS="3511">
                  <String ID="string_region_1643965675010_3141l47"
                          HEIGHT="192"
                          WIDTH="2500"
                          VPOS="4232"
                          HPOS="3511"
                          CONTENT="de goedren te versenden aen afwaghtinge van ue antwoort &amp; blijve"/>
               </TextLine>
            </TextBlock>
         </PrintSpace>
      </Page>
   </Layout>
</alto>
