7864 4637
763 209 2387 118 waer van ue als den bediena scan om de geordonneerdre goedere

750 280 2497 124 te beete coop, met contante penniige in te coopen, tenjfele niet

749 394 2487 141 oft ue sal mijn ordres volbrenge & doedt al wat mogelijck is om

749 464 2455 140 mij wel te bedienen, & goedt goedt toe te senden & verdeelt den

749 586 2366 137 telico ten beste doenelijck & sent mij soo haest mogelijck de

739 657 2390 197 facturen & stalen vant geene ue bij provisie gereedt hebt

734 733 2498 200 om volgens te regileren in afwaghtingeen de selve blijve

2515 854 574 183 Ady 13 Juny

570 859 885 183 Rotterdam verburgh

761 1016 2476 169 beyde ue aengename van 24 & 31 pas wel ontfangen bij de laesten

758 1086 2403 205 gesien, dat het gelt in derhage was ontfangen, waer op ƒ 1:2

756 1210 2452 185 oncotten sijn geresen, soo hebbe ue daer vooren gecrediteert, heden

752 1311 2475 172 hebben wij brieven ven london becomnn die vale nu uwe tijdingen

763 1408 2478 179 rakende de vreede handelinge mede brengen dat me hier nu

766 1531 2343 159 niet meer en twijfelt aen eenen goeden uyt val, dat godt

767 1671 2365 125 wil geven. dese principael tot couvert van dingeslote, die

769 1747 2205 179 versoecke voortsganck te geven, dit doende sult mij ten

770 1855 941 188 wijtesten verobligeren

2503 1860 751 175 Aeij 14 Junij 122n

599 1968 1110 180 Ath Joseph doenmery Daulmery

2187 2046 150 88 me

785 2070 2412 182 en responce a lhonneur de la vre du 10 courant les larget que ie

757 2190 2497 167 vous aij envoyez nous este que sept jours enchemain a cause quil ne

745 2278 2390 167 sont partie dicy, que le 3 jesme courant quand ie vous ay envoijez

757 2417 2312 145 la facture, ie suis encort plus surpris, de ce que vre grace

756 2514 2428 136 souhaiteroit les avoir a ƒ21:10: & que vous le pouvez avoir chez un

777 2645 2432 144 autre marchand pour ce prix les sans prendre dautre couleurs avre

773 2740 2504 160 grace dit den avoir la preuve & que vous le trouve fort belle & bonne

761 2887 2454 91 mons ie vous asseure qu'ils ne les  veut pas donner pour ƒ21:10

765 2948 2454 163 quand ils sont de la premiere qualite enfin chaquun doibt scavoir

768 3048 2434 175 les affaires, ie viens dont a celle vous dire, que les miennes que

777 3145 2482 160 ie vous ay envoyez ne sont pas moines que ƒ 22:- & si cela ne vous

792 3297 2381 139 est pas aggreable, renvoyez les moy a vos depends & risque, vre

775 3350 2394 212 grace fait toujours de comptes & difficultées, & ie vous asseure

784 3481 2350 152 qui cela ne me fait pas plaisir. Considerez les quatres coffees,

774 3611 2509 152 & dit ardement, que vous n'avez eu jamais de vre vue des n'ielieures

794 3672 2444 218 ils ont 30 vres, de longeur, & il ny a veu le sur & demande

778 3815 2472 167 a tous vos vouliur, sil ne l'achaptent pas chez moij cette coste

778 3929 2382 188 a ƒ22:- & avec bien du plaisir, & contentement, pour la venir

798 4031 2265 136 puis que vre grace et trouvez un endroit, ou quon donnu

783 4116 2399 190 les gaspe a ƒ21:10 la melieure late, vous pouvez vos y

784 4248 2448 145 addresser. La pr gaspe, que vous dit estre bare, renvoy elle au

5928 174 81 88 17

3516 186 2450 143 au plus tot car quand elle rest long temps dans la bouts que

3492 235 2541 189 la presse senvat, & apres ie ne jiauais la vendre. Toutes fabriques

3512 354 2500 176 montent en engletterre, les sacqes sont deja monte a ƒ1: p piece

3504 449 2525 156 & zelon toutte aparence ils monterent encor a cause que lvril et

3497 582 2538 167 le laine est en cherie a vre gouverno. Croyez mons: que les sacqet

3522 673 2498 150 qui vienderont p le premier convoy couteront ƒ 22:10 les couleures

3509 823 2253 134 ordinaire en attendant lhonneur de vre responce ie suis

3503 888 2516 186 ie vous ay bien expressement dit p la mienne du 18 may, que ie

3526 1019 2244 173 ne lenvoyeroit pas  larget caffe & gaspe qu'a ƒ22:-

3532 1114 2426 179 hier nous avons eu des lettres dengletterre, qui marquent que la

3511 1238 2437 163 paix est fait, & que la raine & le parlement l'ont declarez & sur

3520 1313 2464 204 cette nouvelle le change monta sur londres considerez comant

3491 1399 2520 189 la reste suivra ceux qui ont leur provision sont fort heureux

3324 1505 946 222 Brussel wed: Borremans

5245 1554 785 163 Adij 15 Junij 1712

3516 1634 2491 142 verhope ue goede thuys comptte, desen om ul te adviseren als dat h

3527 1784 2434 149 aen ul: toesende een pack gemarct £ met 60 sarges waer

3525 1842 2497 184 onder de 9 sacges schelp va ƒ21:- die gepackt sijn in het ballte

3525 1938 2487 174 £29: de retterende goederenen sullene op saturdagh toecomende

3521 2104 2516 141 toegesonden worden met de twee groet pepet. & te goederen die

3523 2180 2438 126 als geordonneert heeft tot mijn hwijlle te sendeen om inde te

3511 2282 2384 171 paille wan n copatel benin ondern dint te doen

3525 2380 2045 160 gelieve te comanderen die na groetse blijv

5709 2412 185 158 1712

3681 2478 255 99 Mons

4957 2484 910 200 Adij 16 Juny 1712

3297 2485 1406 211 brussel Mons: advianus van den dries

3583 2650 2415 153 ue seer aengenaemen van 12 deser is mijn wel geworden, sedert heeft d

3568 2741 2422 139 heer rousseau mij mede geadviseere dat ue. aen hem heeft betaelt twee

3559 2825 2362 120 hondert twee en veertigh guldens wissel gelde, sijnde in voldoenige tot de

3568 2907 2419 88 partije van twaelf september inclusise 600 dese tot quitantie alle goederen

3569 2984 2378 107 sijn in engelant aen het monteren &desarges sijn voor nu al thien stuijvers

3577 3062 2388 94 e stucks vercoght e staen noch duerder te comen, hier sijn de alderbeste sarges

3556 3114 2493 110 onder de £22: ½ meer te becomen tot ie gouverno waer in voorders capabele

3565 3220 2481 113 ben ul: dinst te doen gelieve gecommanderen die naer groetenisse blijve

4162 3271 434 126 seertten brief

5167 3275 400 97 ule Rstry

4730 3284 436 171 d'andrede

5202 3310 459 165 e j

4445 3333 319 152 102s:

5075 3351 272 125 9

5280 3429 769 151 daniel gerarde melijn

3366 3462 1116 220 Brugge gillis van Coppenolle

5332 3515 680 170 Adij 17 Juny 1212

3574 3613 2309 170 ul aengename van 15 deser wel ontfangen waer bij met groot genoeghen

3573 3688 2394 189 versraen het behouden arriviment van John burridge Junier sende ul hier

3574 3785 2469 162 aen den voet deser de notitie van mijne packens in hem geladen, gelieve vervolgens

3576 3932 2321 116 te verclarens & sendt de balen  N. 29 & N 24. 500 haest mogelijck ge

3553 4000 2409 146 rapelinck schip op gene met addres van d heer Jan B. de sadelere & met

3561 4095 2387 108 ordre om de selve a wagens mij toe te senden de bale D N 23 met to

3565 4211 2350 113 perpetuanen heeft een perpetua voor far delure, doch daet betaelt iets

3578 4310 2411 85 en rechten versoecke den ontfangh deser mij te laten weten als mede wal
