8337 4644
2589 211 701 161 Adij 27 gbre 1713

813 237 774 176 Gent van op somen

977 307 2307 169 neme met desen de libertijdt van aen u te senden mij net tolbrief

907 408 2345 150 die versoecke gelieve te behandigen aen schipper olliviers comende

948 522 2287 147 van brugge op dat mijne packen vrij onderwegen mogen passeren

953 638 2207 148 geloove niet voor den ontfangh deser a costy sal weten soo

964 691 2255 179 recommandere daer sorge voor te dragen sult verobligmen die

965 820 1219 196 blijve naer cordiele groetenisse

806 928 1129 221 Gent Jan P de Sadelaere

2689 914 579 202 Adij 27 1713

978 1054 2217 151 op 20 meert lest heden was aen ue mijnen laetten, maer mede

979 1165 2213 124 de gereteent hadde den prijs van onse aderbeste sarges

962 1251 2261 143 degd: & mijnen dienst gepresenteert waer in n sande sonnen

971 1326 2162 158 echielpsaem wesen dat met desen, noch moet ben doende

912 1407 2228 199 d eer gellis van Cappenolle heeft mij geadviseert met

972 1493 2262 192 brieven 22 deser dat hij aen u voor mij een packie gemarckt

981 1603 2139 199 heeft toe gesonden met versoeck van op ontfangh t' selve mij

959 1689 2265 208 toe te senden p wagens & terwijlen het selve niet verneme, soo

979 1797 2196 226 eeete niet wat dencken nemende de libertijst met desen

977 1897 2237 215 ie te versoecken van daer naer tinquitteren &selve mij cito

920 2071 2255 186 doenelijck p waghens toe te senden sult verobligeren die

970 2140 2232 215 blijve met verlange vant voors packie te vernemen qnaer

973 2252 1189 211 presentatie van mijren dierse

2640 2362 597 212 Adij 29 gbre 1713

783 2404 1203 196 Londen Cherles hamiston

993 2539 2298 137 ue seer aengename van 2 vbre lett op sijn tijdt wel ontfange

987 2639 2217 125 waer bij sien ul sigh geinquitteert heeft ten regarde van

987 2746 2305 148 onse canten & dat vervolgens geene avance op de selve a costy

979 2851 2197 129 te becomen is, dat mij van herten leedt is even wet soude

986 2942 2281 111 gaerne, met ue continueren onse cerespendentie & terwijlen dee

972 3004 2165 142 wissel tot noch sigh niet scheeken &wilt soo hebbe

966 3095 2277 173 bedaght van ul eenige van onse tijken toe te senden

987 3188 2318 174 tsij voor ue, ofte mijne rek, soo versoecke te informeren, wat

2578 3277 174 59 mijn

1564 3281 400 71 het meettter

1012 3277 2305 169 soorten present getrocken worden  vroeder versent

1003 3359 2245 172 veele a costij & seght wel getrocken worden voordert een

1001 3488 2255 114 van mijne bette vrinden leeft mij versoght van eens te

990 3568 2198 111 informeren naer de capasitijdt van D heeven Johne

998 3671 2274 123 tedrelle thomes swaine natton spular, will iame storen

1015 3718 2310 217 Edward milles a casty & terwijlen my niet beter can addresere

1017 3830 2308 208 als bij ul soo versoecke vrindelijck u opinie, oft men die suyden

1019 3918 2199 208 ider int particulier twee a 3 duysent ponden sl souden

997 4064 2273 124 mogen betrouwen dit onder ens zal wat ul sal geseeve te

1007 4074 2302 231 heteren sal gesecretert blijven dat mede van u versaeke

1023 4239 2300 135 blijve in verfange van d'keere van u antwooort, soo ten

1029 4310 2291 140 regarde van die tijsen, als de voorgenaemde persoenen de

1030 4414 981 69 e groete van lerte

5672 134 292 119 e

5425 202 561 151 Adij 6. xbre 1713

3436 196 1015 192 Jurnaut Jan Be Pobert

3520 304 2375 151 tot noch toe hebbe geene occasie gehadt aen ul te scrijven om

3527 424 2463 109 eenige van ie tyeken & terwijlen present spleulatie maken, om eenige

3525 520 2472 100 naer englant te senden & alreco daer bver geschreve hebbe soo vesoch

3514 606 2469 112 &p eersten mij toe te senden de notitie van de prijsen van des

3512 649 2491 153 laeghste, tot de hooghtte soonte, mijn broeder Jan michier heeft al

3505 781 2482 124 anige van costij gehadt dogh wete niet van wie, addressere mij

3505 857 2479 118 bij ul van d'ande kennisse van mijn veder saliger, sich op sijne

3512 926 2365 159 boecken dat hij van ue voordien groote partijen gehadt

3515 1026 2406 164 heeft, & twijfele met oft u my ten alderlaetten prijs sult

3516 1172 2331 180 bedienen qven de bette goeten senden ider naer sijn

3519 1247 2360 212 qua litijde voorders versoecke van dit voor mijn broeder Jan

3522 1346 2467 163 michiel te secreteren, om reden, qu antwoort p brenger desen

3520 1451 2427 207 stellen de het opschrift in lange nieuw streiet sijn in t huys

3509 1555 2302 214 van mijn veder soliger ie antwoort verwaghtende blijve

3399 1689 1122 206 Rotterdam Dionijs. Verburgh

5427 1744 561 143 Adij 4 xbre 1713

3412 1818 2562 140 op 24 aug lest was aen mijnen laeten sedert geene van ue: hebbe tot noch

3505 1902 2477 175 toe geene occasie gehadt, om ue te remburseren, voor d'oncotten, op het baettie

3525 1995 2397 192 & 203: terwijlen de wissel op costy seer laegh is, soo make speculatie om

3501 2090 2477 191 aen ul eenige ducaten, ofte bettolen, te doen tellen, soo versoecke, op ontfang

3497 2185 2432 187 deser, mij te laten weten, hoe veel de pestolen en de ducaten present a

3493 2284 2474 198 cotty vasederen, & wat specie het profitabette soude wesen, schieke tal

3481 2441 2523 162 comende weke aen 3 hondert ps, te doen restellen, voorders twijfele

3516 2499 2448 171 niet, oft u sal mij a 1  65 tuwer beneficie daer in bedienen gals ue

5682 2602 291 76 ematteren

3470 2669 2460 124 delcredee, staet voor de brieven, die ue mij soude comen te

3501 2765 2473 109 sal  & t geven, tot ie governo. gals mij vrintie de spetie ter hant

3506 2849 2417 154 stelt quittantie te geven van die spetie & somme ul antwoort

3514 2914 2451 220 op ontfangh deser verwaghtende blijve naer Cordiale groeteniste

5382 3076 619 209 Adij 5 xbre 1713

3407 3063 1292 232 Mechelen Jacobus Paradaens

3495 3230 2523 157 desen om aen ul t'adviseren als dat het convoij met sarges j wele

3525 3349 2476 156 is gearriveert godt danck ghebbe gittren de rest van mijne packen

3503 3479 2456 119 hier t'huys ontfangen & terwijlen ul hier sijnde naer sarges royaeles

3517 3557 2428 168 Coffees 24 gj gesraeght heeft & ordre gegeven, on. 6 a 4 ps

3516 3644 2491 104 u toe teserden, soo sende aen hier berevens een staelboeckie van

3506 3718 2508 158 15ps. van de fynste, die uyt Englent comen, sijn van Clavenblat

3519 3842 2425 139 om naer ie wel bevallen uyt te liesen die gelieve te

3530 3918 2372 192 teechen g het staelboeckie met u ordre weder te senden

3487 4007 2521 227 &waer in u voorders, mede dienen con, gelieve te cammanderr

3504 4145 2467 199 sebbe mede een sr schoone partje drogette becomen ul

3507 4297 1446 172 antwoort verwaghtende bsijve
