8392 4637
1054 216 2287 124 op hope van wat goets te senden soo begeire, met ditto Ewings noch

1080 254 2269 162 wel eene baele met 60 sarges 2 claver Jan de selve qualityt als 172

1059 391 2260 129 en een pack in 4 setts & 15 ps in one baele naer de staelen einstnitie

1079 450 2279 173 als aen den voet deser, op alles wel te letten dat de couleuren preeud sijn

1050 581 2170 159 blijne & fijne mengelinge geen lighter van couleur want sijn niet

1061 681 2258 143 vercoop baer moeten oock wel geperst sijn recommandere voor alles

1075 779 2172 153 goede sorghe te draghen op dat u mij animeeren magh van int

1059 806 2288 246 toecomende noch meerdere a groeterpartijen te onsbiuden sijnde

1014 991 2259 155 de prijsen volgens u eens genoteert hebt 32 a 33 es wij aen boort

1080 1087 2227 169 voor de olives bruyn rosse  soo gelijck dese staelen sijn u soude

1083 1193 2176 166 mij niet moghen abuseren van dese 60ps met twings te senden

1071 1272 2254 158 want sande die anders van andre moeten graeghens daerom u antw

1074 1377 2245 178 op ontfangh  deser sal verwaghten & blijve in gedaghten al mijn erddes

1088 1491 1933 125 hier onfrent sult tobbrenghen 2 groete ie van herten

2074 1578 1097 191 10 ps sarges bruyn rosse haer A.4

2070 1688 1097 176 10 d prince couleur oft draps „5

1099 1659 158 197 N

2078 1803 1079 164 10 d blyven niet lightern ..„ 3

2923 1906 259 144 „

2067 1897 492 154 10 d. bliven

3052 1998 113 136 4

1293 1941 90 195 2

2084 1980 606 197 16 d. buijn blijven

2916 2050 80 103 8

2910 2128 258 130 „6

2110 2122 489 130 t schades naer

1917 2262 1440 203 byb 6 dogh soo iutt oft geene want sommge

1269 2273 119 143 3

2165 2344 1063 157 die ue sent op dit stael sijn niet

2166 2449 826 168 vercoopbaer als gescreven

1289 2499 108 128 4

1328 2829 92 199 6

1106 3008 2242 144 ue moet wel op de mengelinge letten de rosse niet rosser naest het

1107 3110 2236 161 swert met een root geleyen t draytien door mengelt de blijven sijn

1088 3199 2272 186 gemengelt, wel blosent Jan couleur & wel met schoon root gemengelt

1066 3322 2218 180 gelijck dese staelen sijn tot uu governo. soo haett de facture

1081 3361 2280 210 gestaelen becomen sal u het impost der selve haettelijck remist

1113 3534 215 121 even

2792 3600 560 180 Adij 8aay 1714

937 3624 1068 173 London Charles Bolangere

1107 3688 2239 196 serdert den jaere 1706 als met mijn broeder Jan michiel melijn

1090 3829 2155 148 en comp. negotieerde het geluck niet gehat van aen il te

1101 3922 2236 174 seryven by faute dan accasie & hebbe als dun van ue wel auige

1093 4003 2201 143 alfvelen ntboden voor die schoenmaelus waer aen ten dien

1089 4133 2203 177 tijden wijnigh of niets bij geprofiteert hadde soo dat men die

1107 4220 2250 177 affaires genoodilacht waeren te slaken a terwijlen nu wederom

1104 4320 2188 134 wel eene preuve soude nemen op hope van beter avance

3563 194 2439 130 aom onse aude crrspondentie te verniuwen soo gelvue trez adriy baelen

3557 267 2368 163 e eertin mij toe te senden van de bette soorte groote roos soo gelijck inden

3558 334 2467 184 jaere 1706 hebt gesonden te weeten het dosijn tellen van 48 & gewightonter

3552 446 2353 163 gewighte ider baele van 10 a 12 dosijn vellen met twee baelen, soude

3560 515 2378 190 conner geraeken voor eene preuve recommandere van de bette soorte en

3580 614 2421 190 marck te senden op dat daer gemaekelijck afgerake amij animeren van

3558 736 2347 152 om meerdere & grooten partijen te ontbieden laetende alles in e goede

3557 875 2371 117 dereitie & soo haest facture become, sal ie de waerde remitteren

3561 948 2177 161 antwoort verwaghtende blijve Naer Cordiale graetenisse

3547 1069 2427 178 s sal geluve de baelen op ostende te versenden om oncorton te sparsie

4095 1193 108 116 2e

3535 1187 542 175 niet un rous

5317 1294 637 153 Adij 8 auy 1714

3445 1299 1065 226 trerten Beresfnich marck

3551 1435 2463 183 op 28 past was aen ue mijnen laetten waer mij gedrage sedert geene

3557 1533 2460 162 van u hebbe advies become van costij dat John ewings ianier die present

3561 1631 2454 160 in ladinge leght in s weeken staet te vertrecken soo terwijle mijne

3558 1711 2420 168 ordres in tijdts wille senden, om met meer geabuseert te worden als

3555 1824 2396 200 gij heden begenigh sijt mij te bedienen sende hier onder aen den Paet

3516 1890 2491 198 deser staelen & instructa voor 330 gis. soo sarges bette bastardes 229d,

3510 2009 2476 152 drapeer 22 gdij als royacles 24p, die dan recommandere dan sorgh culd:

3549 2120 2383 180 elijck te besorghen om met voors Ewings te versenden nempt goede

3546 2208 2475 172 aete aghte op dese staelen sijn seer goede gschoone couleuren vrecommande

3548 2331 2406 145 ue de clijne ffijne levendighe mengelinge soo gelijck dese staelen sijn m

3530 2434 2501 190 gesondene staelboeck is niet een dat daer bij magh comen als N.4:5

3545 2578 2478 164 naer dit ngeslote stael N4 dogh die mengelinge is soo fijn niet derhalve

3520 2642 2418 154 verhope goede toe sight sult nemen, dat van herten recommandere & soo

3546 2785 2439 134 haeft u al eenige gereet hebt versoeke Jan facture g& staelen toe te senden

3535 2876 2402 153 eu antw op ontfangh deser aen die maer cordiale groetenisse

4890 3006 1092 194 4 masse Jan dese ingeslotene ordre

4993 3143 894 162 sijn de saemen ns. als valght

4888 3237 681 202 30 rajels 21 9d

4065 3305 80 111 2

4889 3364 705 171 120 drapeen 22gdy

4858 3454 943 193 „ 180 sarges battardes a 29d

4048 3440 100 202 3

4840 3663 256 111 1330

3541 3736 902 167 Voor 30 roijaeles 24 gds

3694 3846 542 152 3 ps. naer N.1

4032 3959 224 133 „ 2

3684 3967 179 112 6d

4050 4044 186 155 83

3663 4059 208 121 6d

3677 4094 2088 199 15 ps in onse sett a vee seite in one balle sijn 30 royaels
