8125 4644
933 176 2396 102 oft van de goedren, te disponeren, doet naer ue wel bevallen ingeslote remitter

919 262 2396 94 ue st £430: -, ten laste jan lambert in londen, waer voore het noodight

918 352 2390 116 gelieve te besorgen, en mijne ick daervoore crediteren, & den ontfang

912 372 1848 174 deser mij adviseren blijve naer cordiale groetenisse

2646 458 628 154 Adij 26 Jan 1213

636 488 765 158 elt Mechelen paradaers

920 555 2388 204 ue seer aengename n gitteren soo aenst onts ontfanghe ont ul: to

911 739 2387 82 waer mede ue noteert mae ƒ29:10 p ps. voor de Royales te geven, dat

905 698 2428 218 ommogelijck iet doen sien & hebbe die gelate a medon u win hel dochte

894 848 2393 169 voor ƒ 30:- p ps wissel gelt alleelijck uyt connderatie omteere de

893 999 2283 126 blijve hebben vane calandesie, die presemt stae te comez sullen

892 1045 2310 213 ƒ 31:10 a 32:- pops moete costen aen andere sijn dese onder de

879 1159 2190 210 ƒ 31:- niet te gevan, soo gelieve sulse te considerenn sijn in

882 1220 2392 203 Engelant 2 p sterlinge gemonteert & de wissel scwedt 6 ƒr met in

900 1356 2325 196 laeste engelsche brieve isser noch meer gemonteert tot w gouverna

888 1429 2397 190 soo gelieve mij te latten weeten, oft de senden soude a ƒ30:- oft noch

911 1530 2269 209 soter eenige stucken sijn die ue niet aggreere ben te vreeden

892 1641 2189 157 dat ul die wedersent op u risico. u afwaghtinge

2480 1750 689 165 Adij 28d: 1713

706 1784 755 172 Mechilen Paradaens

902 1880 2360 148 in gevolge ue ordre van gisteren, soo sende aen ul: heden p waghens op

891 2004 2383 128 naer nom een bale gemarckt: I:C:. inhowdende de 30 voycels 24

892 2078 2428 191 waer van duls de staelboeckiis bij heeft soo geleve mij te crediten als vlge

1173 2193 1858 182 ƒ1 baeltien 150 met 15 sacqet beste voyales &4  a blives

2538 2313 488 135 24 gd a olives

921 2281 1186 179 N 42: 71 ditto .„151 met 15 ditto

1370 2381 1905 150 samen 30 p. 24 9: a ƒ 30: - ƒ 900:-

912 2550 2334 123 in wissel gelde, twijfele niet oft sullen ul. tewjdersten wel gevallen

910 2617 2300 174 int toecomende sionnen voor die prijs niet mee gegevnworden

885 2764 2393 94 omreden voordesen gelereven waer in uls noch eenigen voorderen

901 2847 2359 121 diust scan tous gelieve de comanderez die n Cordrale &rootep

912 2937 319 116 blijve

2622 2941 665 179 Ady 28 jan 1713

703 3009 934 175 Tiverton Ben & Cnckmarch

916 3135 2406 146 op 23 deser wat aen ul mijn letten met remise voor st £130:- te laste

926 3212 2358 164 Jean lanbert in london waer van hier benevirft de seconde sedet

911 3330 2258 152 vane niett vernome soo referree mij aen den selve desen sal

910 3416 2384 164 principael dienen on de to gestrepte flannelle te contra menderen

915 3560 2387 131 omdat de wissel wet dagelijkx monteert & soude mijn gelt den

915 3632 2346 157 ijt niet seonne messeenen soo gelieve die iet te senden nij en

895 3763 2386 129 sconmen de leijden tot noch toe, tot opslagh breigen soo datter

917 3855 2312 139 miyts te vecoo is, hoe het voordert gaen sal oet der tijt

889 3940 2283 123 keeren in groetende blijve in afwaghtinge vant geen cottij

879 4048 456 127 t

3417 182 667 148 Ath wed: J:F: Lison

5149 201 737 130 adj 29 janu: 1723

3530 265 2428 140 J'ay bien receu la tres aggreable vre du 24 court. y joint une remise

3501 375 2480 176 de sept cent soisante florins argent de change, a la charge de mons:

3521 478 2450 157 Jean van haghendoren la quelle est satisfait, ainsij vre grace en est

3521 557 2456 123 credite avec benucoups des remerciements du bon payement. les lacqes

3532 674 2454 120 sont monte pour le moins jusqua ƒ23:- & toute autre marchandise

3530 743 2392 139 a ladvenant, esperant avoir l'honneur de vous voire icy vers

3517 847 2423 140 le careinies, cependent ou ie suis capable a vous vendre service

3541 951 2403 133 ayez la bonte de comander celuy qui le dit en qualité de

3366 996 802 131 brussel ve feer aengename

3551 1084 596 120 Bed: borremans

5287 1062 674 139 Ady 30 January 1713

3539 1158 2456 127 ue seer aengename van 28 courant wel ontfange in antwoordt hebbe noydt sarges

3475 1256 2541 128 drapeen gehadt van couleur gelijck ue gelaeft te vragen, hebbe wel moorkens in bastaen

3549 1350 2448 109 des & rojales in drapeen geloove niet, datten te vinden sijn, het is mij seer leedt, dat ue

3548 1419 2463 132 niet accomoderen kan van alle andre couleure in drapeen hebbe genogh by, soo

3549 1494 2409 83 die iwerans anders mede dienen kan versoeke te commanderen de beste sarges

3541 1570 2465 111 bastardes 229d costen present ƒ23:- met aparentie, van noch meer te monteren

3522 1605 1443 188 tot ul: governo u6: van herte groetende blijve

3362 1714 954 147 brugge Gillis van Copenolle

5279 1750 653 121 Ady 31 January 1713

3550 1795 2330 138 op 19 gber lest was aen ue mijnen laeste waer bij adviseerde, dat ue op de mijne rek

3543 1869 2464 140 courant ƒ4:- te veel gedebiteert hadde te weten op den post van 28 meij voor oncosten

3534 1938 2455 147 op 13 balen ƒ849:14:9 et moet maer sijn N845:17:9 en, twijfele niet, of den selve

3536 2009 2461 137 ue wel geworden is & dat ue mij vervolgens op niuw rekeninge sult hebbe gecrediteert

3527 2096 2483 132 voor de voors ƒ 14:- voorders referrere mij aenden selve. nu become ue seer aen ge

3526 2157 2490 122 name van gistren, met advies dat schipper John barige van cocon godt lof, behoude

3529 2241 2453 94 tat ostende was gearriveert, soo sende hier aen den voet deser de naditie van mijne

3516 2311 2483 135 packen in hem geladen die vervolgens gelieve te verclare, & versende p eersten beurt

3527 2387 2479 128 man adroicture op antwerpen & vel sorgen, dat den schipper versien is, met beoorly

3533 2460 2424 85 che france paspoont, vrant sonder paspoont wille mijne goedren niet risqueten

3529 2534 2422 110 ue sal boven al wel sorgh dragen voor de bale  N 89 met 60 sarges ben hier

3538 2579 2470 129 daer mede seer drolligh gevaren den vrint van wie dese bale hebbe heeft hier geweest

3523 2668 2497 85 & hebbe ditto bale van hem, op de stalen gekoght en naerder hant soude hij gaerne van

3537 2734 2466 73 sijnen verkoop geweest hebbe, sijde het cognossement aen een ander geconstyneert was

3531 2786 2478 122 haer veele woorden hebbe dit cognossement become, & daer op hem de weirde van de bale

3538 2878 2456 96 betaelt geloove hij present a costij sal sijn, soo versoecke noch mael, wel toe te lette

3527 2939 2468 87 dat ditto bale van een ander niet afgehaelt en wort, en soo en eenige ditsilcultijt

3517 3017 2500 123 voor quan, de selve te arresteren, & het gepasseert mij laten weeten, sal ue als

3535 3082 2479 106 dan het noodigh besorgen, gelieve cito doenelijck mij te laten weten oft ue alle

3535 3156 2465 118 te packen, oock heeft bevonden, om volgens te reguleren in afwachtinge blijve

3539 3221 1088 141 naer Cordiale groetenisse

4049 3310 850 138 In John buridge Junion

3982 3407 1066 141 eene bale  N. 48, met 40 sarges

3994 3493 1036 100 een ditto.„ 49 met 60 ditto

3986 3560 1020 132 een ditto „191 met 60 ditto

4002 3624 1022 138 een ditto „51 met 55 ditto

3974 3710 1036 149 cenditto „ 89 met 60 ditto

4147 3814 886 157 wijf balen samen 275 sarges

3537 3903 1582 172 P. sorght wel voor de bale  89 als voors
