8234 4617
2471 184 727 141 Adij 3 aug 1713

801 188 794 155 amst. franc. Rousseau

977 284 2280 114 ile aengenanme van 28 pass. wel ontfanghen daer benevens lien de

982 357 2136 139 on cetten & incoop vnt de 4pr mauris, bedragenxe banoo

940 429 2387 145 £10:6:0 en waer vooren ue: ten dancke is gecrediteert, voorders

954 542 2212 165 hadde voorgisteren verwaght dat ul op mij 4 a 500

945 641 2173 154 koust hebben getrocken tervijlen de wissel wat faveur

958 719 2319 202 begonrt te nemen, dat eghter op morgen verwaghte & hope

920 822 2265 163 goede retouren op tijt heden is hier gedaert u banco

949 909 2349 205 ja cottj a 1x  de alder bette brieven houden hun op 1

913 1015 2393 187 dogh verneme niet sot dedaen is, geloove ter wijlen de banck

969 1087 2373 201 morgen weder geopent wort dat de wissel wederom tijven sal

977 1204 2370 213 aeden tjt sal alles leeren & blijve middelertijt in groot verlangen

955 1332 1612 170 van tgene ue sal hebben geeffectweert.

980 1418 2354 185 rakende het brifie va ƒ 200g hollants courant mijn vrint

947 1494 2231 213 Jan & d zolieder versoeckt vant nockmael af te vraghen

943 1607 2271 202 de betalinge tot den shrenden deser & als den tgehasteert

969 1752 2314 145 te adviseren om vervolgens sjne mesures te nemen tot u

977 1817 2256 254 guiverno, ue van hette groetende blijve nt offres von

2537 1926 698 208 Ady 5 ary 1713

1016 1995 502 133 mijnu

826 2095 752 173 Tiverton Henrij blaydon

1003 2154 2316 191 op 29 pass. wat aenul mijnen laetten met remise voors 90: e

972 2248 2319 174 laste denis dutry, sedert van ue witt vernomen gisteren become

1005 2329 2320 158 een brief van mijn voint van brugge, die melt als dat het march

993 2487 2333 142 203 wel op de sele van den schopper stont maer int schop noet te

1013 2553 2156 137 vinden, soo dat het aghter gebleven is, gelijce ue genoteert heeft

973 2592 2332 177 derhalven ue sal dat baeltien met eerste aenstaende convoij op ostende

1001 2730 2286 167 versenden, ingesloten sende aen ue een stael boeck voor long drogetts

993 2818 2260 152 waer naer ie sal gelieven te laten mas e naer ider stwel & ps

1004 2923 2288 179 tynde samen 34ps. de couleuren preeves naer te comen clijne

978 3039 2259 194 fijne mengelinge, & levendigh van couleur dese stalen sij see

1011 3120 2271 215 goedt & van prijsen & qualitijt gelijk de 2ps long drogetts

982 3248 2268 150 geladen voor eene preuve in het baeltea  179 int de

985 3355 2303 154 narrouwen lagatijt & t boven al wel te letten dat se wel

978 3445 2364 187 geperst sijn, tot ue gouverno. bewaerdt den stalen wel want

986 3555 2311 135 soo de geene die ue sonde sal mij aggieeren sal altyt naer

1003 3635 1520 171 dese staln mijne voordere ordres toehnde

1010 3760 2112 156 gisteren hebbe wederom van een ande falant overgroote

991 3794 2347 166 selaghter gehadt over u sarge coffeel & mooren deten lieft 30 ps

1004 3924 2345 203 gekoght, & seght niet een stuchk gevonden te hebben op sijne voordg

995 4056 2247 131 mate, alle wel ontrent 2 a corter dat beloop in ores gude

1025 4119 2258 192 ƒ2:- p st wesk verlies. weete noet wat peysen, waert dat

1024 4257 2284 156 alle ue andere die noch bij hebbe, als oock die noch ordonnere

4626 1311 136 187 ay

4614 1447 937 168 antwerpen 5 augusty 3

4421 1524 145 100 10

3363 1513 93 147 6

4642 1552 831 198 stalen voor drogetten

4435 1699 114 145 14

4660 1725 1042 200 Voor Daniel Gerardo Melijn

4442 1906 116 131 12

3395 1857 86 164 3

4454 2007 87 186 13

3415 2057 67 112 4

4666 2034 812 193 door Henrij Blaydou

4444 2270 124 123 14

3414 2309 94 125 5

3420 2467 71 157 6

3406 2777 74 139 8
