8152 4699
775 239 1678 137 du op res. van de gesondene goederen ontfanghen

840 281 2450 207 op 19 gber remise op Jacobus de Coninck in courant geldt ƒ300:- is wisselƒ 428:1 ½

852 394 2456 175 op 26 ditto remise apantonie Robijn in courant geldt £„ 200:4 .. „171:12

2067 444 1216 209 Samen courant ƒ100:4 t ƒ 600:8

763 600 2525 129 waervoren ue ten dancke hebbe gecoeditart awaer in capabel ben ul voorderen

758 697 2467 147 dienst te doen versoecke van te commanderen die altijdt sal sijn met affeein

2788 794 465 166 Adij 30 gber

635 829 905 154 Twnton Robert Pouridge

787 905 2454 184 op 9 deser was aen uu mijnen laetten, waer aen mij gedrage, gistren become

780 1005 2505 201 messire van 9 ditto DiS. waer bij met groote verwonderinge maeginge

766 1124 2482 194 eren ue niet een stuck perpett voor mij in cwinge hebt geladen, synde tot

771 1202 2445 227 mijnder groote prejuditie, want ben daer bij seer verlegen, hadde eghter

787 1306 2489 199 van ue sult niet verwaght & hadde ul de gehele partije niet connen senden

774 1417 2448 245 behoorden ten minsten eenige, die gereet waeren in Ewings geladen te hebben

783 1533 2392 167 nu patientie cl sal die dan in buridge laeden & sal den si sel

794 1618 2510 209 loopen ue maeckt geene mentu van de bale N.9 met de 60 sarges, geloove

777 1749 2429 218 eghter die in ewinge geladen is, dogh hebt daer geen cognossement van

773 1847 2500 221 gesonden terwijlen het jaer nu ontrent geeijnderght is, soo versoecke, van

784 1977 2462 184 op ontfangh deser mijne rek. courant te senden, ben gewent alle gaere met

783 2071 2470 202 mijne vrinden ense rek. te sluyten soo gelieve daer niet aen te manqueren

802 2164 2509 222 ue magh de perpet. die p buridge senden sult, op dese rek. niet stellen, sullen

752 2270 2557 220 daer mede met godts groetie eene nnuwe beginnen, dit sijnde het noodige

762 2425 2521 137 deses a dat blijve in afwoghtinge voor mijne rek courant a groete u van

776 2543 1904 139 herten & verhope, in toecomende betere sorge sult diagen

2642 2587 610 175 Adij 30d 715

635 2652 862 184 Londen C: Hamitten

798 2700 2426 223 op 16a 17 deser waren aen ue mijne laetten met den tweeden de facture

777 2808 2444 173 vande baele N.4: die hier sal handen tot e ordre oock hebbe daer benerene

798 2910 2453 206 gesonden ul rek. courant  soot derselve mij comende op ul getroeken in

797 3002 2373 220 st £16716:11 et a 36: 8 en op 2 uso te betaelen, aen d'ordres van de mesp

780 3110 2479 197 Paeregnech mares, voorders referrere mij aen den selven, sedert geene van

805 3216 2500 195 ue ontfanghen, waer van ten uytersten verwondat ben, temeer em dat wij

782 3325 2433 221 gistren bireven van costij gehadt hebben, waer bij de wissel was 38:1 en

771 3445 2484 156 & soo abondante remises weete niet wat dene  dat u mij niet remitteert

782 3518 2384 240 paincipael met soa eene goede wissel daer noch iets bij soude cennen

772 3621 2531 242 profiteren voor het lanck uytstaen van mijn geldt sonder wijnigh

799 3738 2493 203 profijt, suponere, dat ul van gevoelen is de wissel noch hogercomen sal

777 3841 2502 192 gelijck wij alle gelooven, om de fchaerheyt van gelt ae costij & vele trecker is

802 3945 2495 213 eghter ul: sal dat niet afwaghten, maer aenstons gelieve te remitteren

801 4088 2322 171 sijnde desen alleenelijck om ue sulx t'adviseren ede sal niet verlangen

793 4189 2511 171 af waghten d'eere van ul: messire benevens remise & waer in ceeposce

798 4276 2525 168 ben ue dienst te doen versoeke van te commanderen die altijdt sal sijn

806 4407 525 119 met affisue

4011 177 78 98 2

5999 116 118 187 1d

3849 239 155 72 atm

5492 201 573 154 Adij 30 gber 1715

3431 231 895 154 foverton N & sami lewis

3551 302 2570 163 u aengename van 19& 22 past. 23 deser wel ontfanghen, met den bersten facture

3532 400 2599 139 a staelen van eene bale met 40 ps drapeen alives & met den laesten al noch fachere

3544 550 2570 93 astaelen & cognossement van eene bale ditto, met 20 ditto, de olives drapeen conmen

3547 537 2613 226 passeren, maer behoorden meer met koot gemengelt te weesen, als oock sommge

3557 644 2605 210 houps, daer sijn 3a 4 seadel onder, die grof sijn dat ue 5 olives bij die bale

3564 759 2510 264 gedaen hebt daer is niet aengelegen & die couleuren seynen wel wat levendiger

3566 832 2568 238 als die ende bale N.10. heden is het hier feastdagh, soo datter geen borse gehande

3557 995 2546 187 wert, soude anders het gene u toecompt geremitteert hebben, eghter p naeste

6120 1112 79 81 les

3562 1148 1085 167 post heeft u dat te verwaghten

3566 1225 2563 192 preparcert, om met Jan buridge te versenden noch twee belen drapeen naer de lale

3570 1343 2588 201 N.11 ne gesonden naer donderstaende notitie na de stalen, op 25 sber lest aen u

3560 1455 2597 196 gesonden, dogh geene bruijn rosse mer, de blives bruyn van clijne afijne mengeliegt

3569 1541 2471 183 awel met root gemengelt gelijck de stalen van N.1:2 geene na N3

3589 1649 2509 196 want sien e ontrent dat couleur mist, re commandere de goede sorge

3580 1766 2523 171 hier ontrent, van de bast. sarges can noch niet erdoneren om dat ue

3596 1858 2218 205 bate N. 9 noch geheel bij hebbe ul van herten groetende blijven

4070 2009 1316 150 door 80 drapeen te prepareren voor

4100 2074 1434 189 dgmelijn om met jan buridge te versenden

4102 2188 1335 169 naer de staelen op 25 sber u gesonden

4122 2336 429 127 te weete

3949 2369 1073 183 18 drapien alives naer N.1:2

4725 2446 667 175 „ 4:5. 5 30 olives

3968 2503 310 104 13 ditto

3948 2498 2121 219 20 ditto seades ...„6:7 ggelijck in de groote baele N. 11 & dit

4093 2680 694 143 staek N. 2. hier onder

3949 2727 1548 182 20 soups naer dese ingeslotene staelen N.3:4

3956 2804 1887 206 10 ditto draps couleur naer dit stael segge N.1 hier onder

3939 2976 1319 142 80 gps. in 4 setts aider settt van 10 po

3581 3084 2564 221 de draps na N.1 precus na de comin oft geene & alle van Clijne & fijne mengelinge

3598 3242 1079 179 boven al de goederen wel geperst

4681 3311 250 142 N.1
