8399 4637
1108 191 2220 106 al even sleght & daer sijn soo veel cladders dat die alle mijne

1085 230 2131 193 calanten onder uypen & wijnigh, oft niets vercoopen van

1102 328 2199 178 als aen die wel een jaer, oft meer borghen, soo bij aedien de

1118 457 2225 143 negotie niet betert, de selve sal moeten als andonneeren

1087 543 2244 150 & dat is de reden, waer wijnigh oft niets ordonneren hebben

1094 633 2113 182 noch meest, alle u goedren bij, godt wil geven dat het eens

1085 751 2237 130 beteren magh, dat te wenser was voor u woor ons groete

1098 866 1005 162 u van herten blijve

2832 991 517 200 Adij 11 sber 1714

941 982 1071 249 Brussel de wed: Borremans

1104 1108 2205 179 ue seer aengene van gistren wel ontfanghen daer benevens de staelen,

1090 1218 2128 185 te rugge uytgeromen het baettien &253 met 15 ps olwes dat ue

1112 1314 2121 180 ordoneert op saturdagh p beurtschip ue toe te senden, dogh dat u

1116 1410 2263 173 niet een oort meer geven, wilt, als ƒ23:- dat hij waerheyt niet doen

1077 1554 2325 127 can soude niets daerbij profiteren ick sende selver, wel ƒ 23: hette die

1082 1636 2214 144 om den nscco van de zee niet te hebben a principael, omde over

1093 1717 2170 168 hooge wissel dese goedren sijn met een wissel van 37p en

1085 1824 2236 159 betaelt & als ul de sarges gegeven hebbe a ƒ23:- coste de wissel

1076 1961 2293 121 maer 36 soo dat dese goedren 3¼  meerder costen als de vorige

1067 2039 2286 182 can al de bette star met name van dit marck coopen a ƒ23:-

1099 2178 2210 128 sult wel doen met goede partijen u daer mede te voorsen

1069 2261 2276 180 gelieft u geen ƒ 23:5 te geven soo versoeke het stael bockte te

1098 2345 2285 191 rugge, doen dat alleenelijck om deere van Cresponte te onderhande

1069 2459 2226 183 & peyse eens vorden connes vercoope, segge noch mael voor

1094 2563 2232 189 andre de sarges onder de ƒ24: niet te coop sijn, gelieft is van

1110 2706 2282 153 andr marcken sal die a ƒ23: geven ingesloten vier stael bockn

1093 2775 2179 161 van royaeles waer van den prijs is ƒ31:- vercoope die aen

1114 2917 2258 157 andre ƒ32:- soo can al: wel afmeeten, dat alle mogelijcke

996 3021 2382 155 devoiren doen om ue in alles te vol comene eenige u daer van

1101 3150 2298 147 aggreeverde gelieve de selve te tackenen mij ue ordres toe te senden

1105 3231 2213 168 benevens de staelen te ugge ick verders van a commande geleve

1115 3343 1193 182 te gebieden, die altijdt, sal sijn

2790 3405 413 202 Adj 11dbr

916 3445 1259 240 Brussel adrianus Van den driew

1096 3536 2237 256 verhope de goede thaysn omptte van meionp. ul: beminde hadde ben

1085 3617 2301 248 huyse van monsr. starclie gesenden de facture van de goedret

1093 3726 2299 256 door her haer hier sijnde bij mij uyt gesoght & was al vertrocke

1109 3873 2221 268 buyten mijn opinie, derhalve, sende de selve hier ingesloten

1096 3967 2252 230 waer voren naer wel bevinden mij gelieve te crediteren qwaer

1126 4112 2055 253 in capabel ben as voordren dierst te doen gelieve te

1098 4264 1188 185 commenderen die altjt sal sijn

5927 183 123 97 11

3522 213 779 157 ath Jan B L'olivier

5492 222 538 163 Adij 12 xber 1714

3587 308 2388 156 Jay bien zeeu l'honneur de la chere vre du 10me courant avec vre traitte a

3554 412 2508 172 6 deux usances suile Sr. Pouger bre. a paris de six cent, soisant ing livres & 3 sols de

3548 504 2519 151 france pour les quelles j'auray soin de negotier a vre plus grand avantage

3595 621 2391 134 il me fait plaisir de voire, que mon instruction vous sera favorable ne

3555 726 2459 136 doult pas mons qu'an toustes occasions jayrez lan de vre interest daberd

3577 799 2428 191 que cette lettre, ura negotie vous aurez notice du change & de la volleur

3595 895 2437 187 en nre espesce & vous serez creditez en suite ou vous me juge de vous rendre

3524 1029 2025 140 d'autres services commandes lilrement, qui est de boncoeur

5407 1178 610 215 Adij d sber 1714

3508 1204 1049 226 Brugge gillis van Coppenolle

3567 1364 2416 133 bejde ul aengename van 94i1 deser wel ontfanghen waer uyt verstaen schip pert

3564 1435 2423 137 dominieur de groote noch niet vertrocken is als oock de overgroete mgede

3577 1507 2414 167 lijcheyt die de schippers van costij pretenderen ontrent de vraghten gij lieden

3563 1627 2478 121 hebt wel gedaen, tegens de selve te protesteren oock voor mijn deel segge

3553 1676 2517 226 soo niet vertroeken is voor ontfangh desen dat gelieve mijne 9 packen

3567 1795 2461 193 te intlaeden & p paergie op gent versenden gaddresseren aen d heer Jan

3554 1912 2464 180 B. de sadelaere voor eerst de Baele  71.N2. 73.75 & dandre a costy

3542 2019 2487 192 laeten tot naderordre niemant van dense heeft tot noch toe dheer de vineg

3581 2132 2447 195 ontrent dese saeke gesproken wilt gij leden contenteren oft wel dheeren

3569 2274 2456 198 regenten int wagen van de schippers cont dat doen, maer siyt versekert

3548 2356 2430 191 soo wij betaelen moeten tegen 45 ps p wat, dat int toecomende niet een

3540 2438 2447 249 pak van d'onse a cottij sal gelost worden & segge ront uyt van mar

3561 2575 2441 186 onder malcanderen doende sijn, om een ander middelte sehaffen hebben

3555 2654 2466 221 wij voordesen onte goedren becomen, langt een ander cant, die wegh

3553 2760 2473 247 is noch niet opgegraven, boven dien, connen ente goedren tot ostende

3557 2889 2417 250 oock wel doen lossen daer de regeringe wat beter reflectie maken sal

3558 3011 2434 188 op davantagie van dingesetene, tis heden 15 dagen geleden dat ewengs

3535 3092 2480 257 gearriveert is a noch met een pack becomen t schijnt dat die van costij

3557 3238 2444 217 hun laeten voorstaen dat wij hun goet vinden altijt sullen approberen

3517 3308 2463 266 dat deer van daer is, soo gij heden met sorgh draeght dat alles naer

3536 3464 2487 222 redelijchejt gereguleert wort soo verse here daer naer den misslagh wel

3552 3545 2457 221 sult gewaer worden & hoe meer dat wij lanckt brugge belast worden

3555 3729 2395 168 hoe liever dat ment hebben dit sijnde het nodige deses & dat blijve naer

3524 3848 853 181 Cordiale groet enishe
