8296 4644
967 220 2415 112 seer shcht betonden, terschere, dat voor die prije van andre betere becomen

1004 273 2365 180 enfin ie drogetten, dienen mij gans niet, alwaert ue die intoecomende

990 368 2271 134 voor 1757 soude willen senden, soude die niet aenveirden hebbe de

969 450 2203 178 fijne drogetten, oock geopent want op de staelen, soude die niet

990 564 2325 162 connen dercoopen, om datse te seer verhandelt sijn bevinde eenige

1001 671 2299 154 stucken in sijn qualitijdt noch redelijck, eenige seer slacht & groeft

1008 752 2335 216 gelijck d'ingeslote staelen oock hebbe in een stuck de mot bevanden

1004 859 2253 176 soo dat het een geluck is die baele geopent te hebben waert, daet

1008 1021 2219 112 meerdere sortering van couleuren bij geweest hadden soude daer

1021 1108 2260 177 eenige van verkoght hebben, twijfele niet, oft sal die aenden

1013 1219 2279 185 man wel brenghen maer voor dese stueken gelijck dese stalen, is

1016 1319 2296 191 sterck te breesen hebbe de gaerden gaen na rekenen & bevonden groot

1003 1460 2270 166 Crreur segge wel 11 a 12 gd, minder els u op de facture stelt & oock

1006 1581 2341 182 op de gemijne, dogh dat sult wijnigh, p naesten, sal en largerent

1024 1711 2264 147 want mi den tijdt niet hebbe, eghter, om dese suprfijne drogetts

999 1801 2372 159 wel te helpen, sullen eenige andre moeten bij sijn & sal u stalen

1010 1904 2369 139 senden, ingeslote remittere u st £160:- ten laste Jaques Chauveill

1015 2024 2344 140 in senden waervoren, het nodigh gelieve te besorghen eden

1004 2143 2293 126 ontfangh deser fadviseren, aen die blijve naer Cordiele groetenissen

2557 2251 705 164 Adij 23 di vers

776 2245 968 176 TMarrnont Josephus Vrieghs

994 2378 2325 142 ue mij seer aengename van gisteren wel ontfanghe, benevers ha

999 2470 2270 101 weken dat noch net in tijts is gecomen ter wisten den voerman

1004 2544 2282 129 mij dat desen morgen ten seven huren heeft behandight dat noel

989 2644 2304 119 verwaght hadde eghter hadde mijn taseh al niet aendere sysen

1003 2666 2342 187 voortse even will, het is mij seer aengenaem,  sal ul ten dancke

1011 2802 1870 143 ul remboussement voot selve betaelt restitweren

1002 2885 2314 120 met dese occasie moet ul seggen als dat tsanen gesteren, hier

1002 2969 2366 160 gelprotten hebbe, die mij geloeft heeft 25 ps. van de clijn strepres

986 3069 2263 143 tijken te leveren op toecomende reyse, & twijfele niet, oft ue

1001 3154 2305 153 voort minste ul:50 ps. gereeet hebt termijlen de set welien al

1001 3226 2374 139 voorbij sijn weerwel sal heeft ul maer 25 ups versoecken van

984 3318 2142 189 die mede te senden & ul kan van het impert aenstonts

979 3450 2173 165 disponeren in afwaghtinge va de selve blijv van

793 3575 822 177 baest rode gille wagnier

2637 3554 587 202 Adij 25d. 1715

1023 3647 2328 184 mons, sende aen uf: heden pn conveij een packie gemarckt M:

1000 3806 2356 145 droogh & wel geconditioneert de vraght al hier betaelt soo franco van

1000 3878 2376 183 alles, gelieve voor de versending te sorghen is voor Rek van mathier

986 3977 2331 145 Pdrans van ath, die mij ordre heeft gegeven, om het selve an ue

989 4102 2362 120 toetesenden om met den voorman llement dj van adh naer detto

994 4205 2367 166 ge laetten te versenden. hant in 18 engesche sanges, recommandene

1005 4283 2364 171 de spoedighte expeditie, terwijlen daermede gepresrt is, sult

1019 4383 869 97 verobligant del blijve

5925 160 173 138 21

5357 235 628 167 Adij 26 Juny 1713

3613 246 723 147 ath matliieu PBrans

3619 319 2470 184 Jay recue s'aggreable vre du 22 courant y joint quelques eschantillions pour

3532 439 2460 209 de sarges & drapees en tout 24 ps y j'ay fait mon possible pour choiser

3557 557 2540 150 un bon assortiment, & jay ouvert plusieurs ballots pour les trouver ainsj

3567 631 2470 188 ie n'aij mis, que 2 drapee as cause de la cherte, il doivent couter ƒ24:10 &

3565 789 2528 182 encor il sont rare a trouver p tout: il vous plaira me crediter, comme en suise

3571 905 1284 176 le 25 guin 1715„ 4 sarges olives 22 gd

4087 1029 734 150 „7 ditto Jaspee. 229d

5365 988 648 226 a ƒ 23:10: ƒ 336:

4095 1071 1010 206 1 ditto Jonart 229 d N 16 ps

4089 1211 723 149 4 ditto Espines 22 gdy

5494 1199 605 216 „24:-„ 481-

4080 1301 743 180 y 2 ditto Drapee 2R9ssy

4736 1393 1308 172 payez pour voiture jusqua bastrode. „ 1:4

4070 1409 354 177 ƒ 1611

5311 1474 779 216 Bremle ƒ 425:4

3551 1653 2462 161 paijable dans la ville denvers en argent de change ces 18 ps. sont pas te

3547 1740 2533 186 ensemble & envoye le 25d p la barque a bastrode marque M:B:X. & addressez

3561 1858 2475 182 a s wagnier a lion noir pour le chartier lement doy, esperant que vous

3543 1956 2472 192 les reciverez en temp. outre j'attandrez l'honneur de vos remises, cas

3527 2124 2443 156 pour un long credit, il me seroit impossible de vous pouvoir servire a si

5989 2133 118 223 t

3543 2217 1032 151 jutte prix ie vous salue & suist

6035 2293 90 123 p

3474 2349 875 243 Lusson Cobert boandge

5442 2401 478 208 Ady d. 1715

3533 2498 2571 205 op 19 deser, was aen ul mijnen laesten met ordre, van de 25 perpett. te vermeerde

3538 2647 2421 98 doen tot 60 ps a die op Londen te versenden aen dherl hamilten dat met

3519 2695 2585 190 desen noch mael confrrmere, sedert become u aengename van 4 desern daer 0

3519 2830 2465 197 benevens facture van eene bale met 25 perpet. N7 beloopende st £90:5:

3499 2887 2592 232 die te laet gecomen was, om met swins te versenden, soo sal u die op londer

3531 3026 2501 177 te waeter laeten voort gaen als gesereven, ade verterende, van de 60 ps

6050 3112 85 121 is

3531 3200 2069 161 sal iu met het eerste aen leggende seip op ostenden laeden

3511 3293 2521 178 voorders gelieft mede te prepareren een baele sarges 22gdij twee voet van

3527 3409 2514 187 prijsen, all de vorrge baeltrens N4 CD. naer dese ingeslotene staelen

3515 3514 2531 179 Rimstructie, segge van 34:6 en dogh alle blijne afijne men gelinge levendigh

3526 3635 2475 193 van couleur soo gelijck dese staelen sijn, terwijlen de drapeen soo dier comen

3510 3759 2450 119 te kosten sullen daer niets van doen, hebbe u baele met 33 doo gettere geopent

3497 3856 2488 159 & daer een vrapper om bevenden die op de facture niet geaentioneert de

3529 3935 2510 237 oock de goedren soo sleght dat noijdt soodanige gehadt helbe verle coulien

3527 4017 2570 210 bevinden, met na den stael boest enfin, daer sijn eenige stucken niet ver

3526 4204 2462 178 Cropbaer, soo magh aden maker daer over spreken, want ick magh

3478 4327 2558 151 die niet aen nemen, het is genoegh van goet te senden, wij moeten
