7823 4637
2364 171 727 151 ady 30 meij 1712

542 171 651 160 Tverton 7paott

705 280 2418 114 op 21 & 23 deser waren aen ue mijne lette, waer aen mij gedrage sedert

680 378 2427 166 become den ue van 10 ditto, dhee charles humiston heeft mij nu ten

671 469 2529 164 langen letten den geprotesteerden brief op tousta & quiger toegesonden

673 557 2536 183 & is hier wel voldaen, maer door u lanck tarderen, hebbe schade gedaen

705 660 2422 189 aen de chrissel, mijn broeder heeft oock soo een brief gehadt, & is op sijn

703 775 2419 153 beverlycke tijdt geprotesteert & te rugge gesonden geweest als waner

692 891 2513 149 de wissel tot london was a 33:2, & is hier soo goedt gedae & ic hebbe

699 1011 2488 92 maer 32: 11 konne pretenderen met reght voordert ben seer verwondert

672 1069 2558 184 dat mons. hamilton mede getrocke heeft provisie & courtagie & brufpork

708 1169 2443 152 a ½ te hier is mij maer ½ goedt gedaen, wel wat het ick daermede

705 1304 2478 135 te doen. doet ue trecken, & sal de provisie & a tot mijn last comen

683 1389 2384 174 hebbe voor dese reyse die traitte geaccepteet, maer segge nu eens

698 1515 2345 135 & voor altijt, dat absoliutelijck niet begoire, dat ue op mij doan

703 1597 2437 127 trecken sal oft sal de selve laten protetteren tot uu gouverno. il ue

710 1711 2392 145 noet te vreden met de remises die n toesende, soo hebt ge maer

704 1849 2487 115 mijn ordres niet te aenveirden bn seer gechoegueert dat hameltn

683 1952 2436 149 op 2 uso getrocken heeft hade op 5 a 6 d sight geweelt soude

703 2014 2459 174 beter prijs konnen hebben becomen ic moet naer geen gelt waghte

689 2142 2510 176 g onbloote mij noyt soo danig, detrt gen gelt meer bij hebbe het

703 2258 2428 167 gaidt met de negotie soo sleght dat iet tot op en groot toe

690 2387 2466 122 pien moet. nu wat aengaet mijn ordre voor het eerste convoij, soo

671 2481 2519 126 de sarges souden een schelling sl pstuck moeten meer costen begeire

699 2580 2440 166 geen, dogh dat sijn maer pratiens, om dat andere vrinden daer gans

718 2673 2506 171 geen gewagh van maen, ue sal den boven de voor nj ceordonnede

713 2815 2330 145 noch bij doen, als hier onder genoteert naer de stale van 12 deser

703 2906 2510 148 gesonden, & op ostende laden, soo het haest oft met het convoij van

706 3018 2446 103 rott. stont te vertrecken, soo niet sult de helft laden via rotb

692 3102 2435 159 & maecht van de goederen die ue op ostende sent een facture apaert

691 3199 2430 194 & oock van die op rots om geene broulve te masien & vedeelt de

728 3339 2374 139 rilseo wel, sal den nsico op rotterdam selfs loopn & van die

718 3440 2453 145 op ostende de helft, & sent de facture & stalen soo haest mogelijck

725 3516 1907 169 oe volgens de reguleren & advies van wat passeer

5850 179 143 88 t0

3877 184 1456 138 voor 2 balen sarges 22 gdt beste dwijf

3849 261 717 131 10 sarges naer N.1

4802 248 1197 152 15 in een clijn baeltven naer N.18:19

4427 311 181 146 314

3871 352 203 102 10 d

4892 352 1124 132 20 soo levendige couleuren als diu t geen

4348 423 270 128 „5:6

3515 413 540 149 voor blijveƒ 10d

4894 428 1131 163 moet even wel in de groote bale lije

4349 514 235 115 „7:-

4795 496 655 139 10 shades waer N.21

3895 527 202 126 10d

5290 592 186 124 „ 23

4348 595 194 116 „8:

4829 609 76 107 5

3926 620 156 116 5 d

4810 661 178 131 5d

5273 695 211 122 „22

4371 692 180 129 14

3926 680 175 123 5d

5272 780 204 92 „ 24

4355 739 640 189 „ 9:10: en 10d

3878 779 186 95 10d

3493 771 389 200 voor prince coy

4777 779 1226 200 10 ditto blew „ 25: 26:27: a 34 naer

3876 853 186 119 10 d

4371 885 266 81 „12:13

4936 934 556 129 ider stael 1 ps

4341 947 189 125 „15

3480 947 608 141 voor rosse ƒ15d

3482 1022 1063 197 geen rosser ƒ15 d„ 16

4622 1036 1390 189 135 ps: die onder malll anderen te

3848 1119 369 157 100 p1

3467 1208 2415 146 te assorteren naer het beste gevallen, alle clijne fijne mengelinge

3489 1269 2538 209 & levendige couleuren oft geene, boven al wel te letten op het staeltien

3464 1414 2528 149 p de sarges moete een fracij self cantien hebben, oft sjen anders

3472 1521 2550 134 soo onsinnelijck dat de coopers daer niet an wellen ick hebbe noch

3487 1637 2512 134 van ue soo eenige stucken naer N.7 die soo groove mengelinge

3476 1735 2355 143 hebben &en doets self cant dat die niet vecoopensian, soo

3487 1827 1843 174 recomandere voor alles goede sarge t dragen

5372 1866 575 211 Adij 3omey

3272 1950 961 185 London Charles Hamilten

3503 2054 2450 145 ue aengename van van 6 deser met den geprotitteerden wissel brief

3485 2125 2535 185 wel ontfanghe, oock is ue traitte my te vooren gecomen die geaccentad

3463 2265 2466 147 hebbe, hadde val liever gehadt dat ul op kort getrocken hadde

3474 2346 2541 169 soidde wel een beeter guijt konnen bednge hebben nu dat is te laet

3481 2519 2456 135 sal de selve passeere op de nk. va ther up cett. bedance ue

3477 2593 2411 152 hertelijck voor ue offres van dinste & wae mede ue vangeljcke

3462 2706 2389 172 ea behuelptaen eijn, gelieve te ordonnen die blijve naer

3476 2821 797 153 Cordiale groetenisse

5275 2833 735 196 Adij 30 ditto 1712

3491 2918 265 130 Londen

3287 3005 843 176 Brussel wed: Borremans

3510 3044 2472 205 ue aengename van 28 deser wel ontfanghe t remise vour ƒ128:-

3494 3228 2494 105 wisselgede, sijnde in vodoeninge vn alles tot alles soo dient dete

3497 3278 2517 176 tot quitantie voordes segge, als dat alle de versene goedere goedls

3480 3404 2513 154 behouden sijn gearriveert, & hebbe meest alle mijne packn tlwjs

3489 3504 2526 146 ben voortsen va en seer savon partije sacgit van alle cculeur

3504 3605 2519 127 als oock drogetten, noyt des gelijckt bij mij gelieen als oa schon

3475 3710 2489 132 perpet. va prijse als hier onder genteet soo verlange dien

3481 3826 2533 147 vae hier te sienn twijfele niet, oft sal in a contento coe

3471 3900 2337 160 beddenen in fwaghtirge deere va prisnne blijve

3486 4015 1896 149 en vale met 30 witte perpet  126

5429 4052 425 197 ƒ 42:

4848 4113 297 107 6 ditto

4197 4106 343 114 ƒ22

3496 4084 383 139 6 werner

3498 4185 361 116 6 3itto

4201 4174 1002 149 „ 35:10 65t6

5511 4200 320 156 „45:

3514 4281 322 107 6 d atf

4248 4265 468 145 „38:8
