8337 4630
984 197 1557 164 blijve in afwaghtinge, vena u antw vont

1557 256 1734 175 voor 60 sarges royaeles naer dit ingeslotene staelboeckn

1729 340 1569 183 30 prince sarges gelijck de leste gesondene de blives

1783 412 1521 175 naer dese ingeslotene stalen vande voors royales

1755 525 471 154 9 opr: 24 9dir

2019 574 717 188 voor 60 battardes 229d

1917 722 1199 162 4 geile schades naer N. 21 van 12 meij 1712

2540 836 484 134 „23 van 12 ditto

1933 872 142 125 3d.

1936 918 1202 173 4 p0 ditto lese . „ 29:31 van 12 ditto

2578 1005 533 157 32:83 van 12 d

1944 1048 328 148 4ps ditto

1891 1135 897 185 15 chedes in een baeltien

2048 1254 1207 214 1 geile schades haer £21: van 12 meij 1712

2034 1429 1116 136 4 d bleves naer „ 1:12 van 12 mej

2037 1488 1076 153 4 d oliver naer5 van 12 d

2632 1580 473 146 7 van 12d

2051 1630 396 104 4di naer

2703 1700 467 126 8 van 12 de

2035 1711 359 113 2d naer

2057 1802 1128 177 15ps in one sett& soo dry seetts met de 16

2178 1899 1080 145 voors schade in one bale makende

2174 1986 861 143 samen de 60 sarges 22 gr s

994 2078 2335 164 recommandere de ouleuren wel na te comen lijne & fyne mengelinge

995 2174 2293 132 ie moet u goet wat beter doen persen, en laet mij weten oft ue dese

2729 2249 103 85 2

978 2275 1662 132 ordre volbrengen sal om volgens te reguleren

2733 2360 534 170 Adij 18 gbre 1713

780 2364 1092 164 twerton Bere genech marck

989 2449 2224 213 op 11 deser waer aen u mijner laeste met remise voor £ 110 ten

975 2555 2318 152 laste Edward frouwd in london voorders referrere mij aen den selve

997 2627 2263 164 sedert become ue seer aengename van 28 pass. John Ewings is corts

955 2705 2241 168 daer behanden godt danek gearriveert heeft wel 5 a 6 deeken tot

987 2800 2307 172 duynkereke geweest & heeft soo impertinent geeeest van niet eens de

984 2893 2285 182 sckrijven p ons in alle die becomernessen gelaten, wat aengaet

997 2979 2307 152 mijn ordre voor sohn buridge kan noch niet reght weten evenwel

983 3051 2303 158 sal ue de geordoneerde royaeles & gemengelde coffees, beneven het

1005 3156 2229 160 schades naer het stael van N°18 van 30 april 1711 volgens mijn

990 3279 2286 113 staeltiens van 17 aug 26 sep &30d  van 14 junij provideren als

996 3340 2320 176 geschreven, sal ue daer naer noteren op wat maniere die t'assortere

1008 3417 2281 158 sien de sarges 6 t aen vallen sijn met het winter zesoen daer niets

1004 3502 2275 189 van verwondent ben want sullen wel eenen schellinef 6 en slechter

1006 3596 2287 168 sijn om dat se in den winter soo wel niet connen geconditioneent

1019 3707 2282 121 worden, soo die op der voet temen als voorlede jaer te weten de alies

1018 3786 2281 129 35:6 en a 30ƒ: belve schade 36:6 en a 37 p groen g geele schade 38

1006 3874 2266 162 soo soude wel naer advenant mijn ordres vergrooten, soo laet mij

1026 3952 2303 182 weten, voor wat prijs ue die senden wilt de walle sijn oock afgeslagt

1012 4055 2276 153 het is sekerlijck, dat bij dese laeste sarges niets te profiteren is soo om

1013 4152 2203 147 de duerte, als hooge wissel g hadde ie goedren, gestelt gelijck andre

1002 4250 2324 158 soude wel merdre ordres gegeven hebben verwaght int cot het

1030 4318 2297 161 packie & met de 229d ½ drogeets hier, soo sal mijne ordres volgens de stalen

3544 189 2431 111 explieeren: soo op de borse, kan ten rechte comen, sal u het restant hier

3532 290 2409 84 benevens remitteren sendt mijne rek courant com de selve voor ditjaeu

3831 330 1946 61 2 sullen met roofs gratie met de voors geordeneerde goedren een neuwe beginnen

3523 352 2434 123 te sluyten & 4 maeckt, dat van het baeltie  189 ontlast worde, om alles effen te

3524 400 2425 149 hebben  geeft van tijdt tot tijdt advies van gene costij passeert aen die blijve

3530 496 1021 120 naer ordiall groetenisse

5337 604 524 161 Adij 18 gbre 1713-

3397 598 945 200 forerfon Robert Baridge

3544 725 2459 139 nu i eenige saren aen u niets gesireven bj fayte van occasie ben geinformaert

3525 830 2470 124 dat ie vheer henrico van haure die over 3 a 4 maenden gestorven e in perpes.

3518 883 2489 172 bedient hebt hadde maer 4 a 5 soorten te weten N. 60: 70: 80 a 100, oft dat sijn

3541 989 2428 121 marck, oste was wete niet, soo gelieve te laten weten van wat prijsen u

3518 1079 2468 159 hem sont soude met u wel een preuve nemen, om met sohn buriden die

3534 1138 2466 155 nu in ladinge seght, op ostende te laten, & als u mij schrijft, maet ie int

3526 1233 2385 180 duyth oft int frans schrijven om dat geen engels verstaen u antwoort

3532 1352 1820 141 verwaghtende blijve naer Pordiele groetenisse

5540 1414 478 165 Adij 20 gbre 1719

3429 1488 1033 147 brugge Gillis van Copenolle

3525 1538 2395 196 ue aen gerame van 19 deser wel ontfange waer bij verneme John ewines

3528 1634 2523 168 natte goedren in heeft, waer vore wel bedught hebbe geweest als gescreve

3516 1769 2535 121 hebbe, nu hebbe groote genoegen gehat te verstaen dat u tot noch toe i

3526 1818 2511 153 geene natte packe van de mijne bevonden heeft die eghter noch wel

3518 1906 2529 117 voorden dagh soude connencomen, terwijlen alle de packen noch niet

3514 1994 2473 160 gelost waeren laet mij cito oft ue de selve alle wel geconditioneert

3518 2078 2529 120 bevint bij aldien eenige nat waren, sal u die niet versenden, acosty

3519 2170 2482 106 laten droogen recomandere in dien regarde te daer, als voor u eygen

3502 2238 2551 145 & sal de packen verwaghten als gesireve vorders, is om de bale ƒ 210:213

3516 2355 2532 114 ider een vrapper, oft sardelare die niet genoteert hebbe, terwijle voor de

3509 2435 2362 124 selve genae rechten betaelt worden, waer na gelieve te reguleren

3527 2543 2447 130 ben verwondert in soo traegh is geweest in het afvrogen van baltie

3517 2658 2346 99 van John bwings hode mael, dit soo seer gerecommandeert hebbe

3533 2729 2403 120 is een teecken, van clijne sorge ewings was den 13 deser gearriveert

3527 2790 2372 146 & ten minster op 14d a costj & heden 20d & dat baestien was nach

3518 2901 2431 113 niet versonden segge noch maek, dat de cortse expeditie recomandere

4093 2960 54 63 de

3533 2960 2353 148 volgens ardre & advies te geven, hoe het oorders a cottij gestelt is

3534 3063 1417 108 aen die naer cordiele groetenisse blijve

3425 3150 564 185 ath wed: Lison

5463 3172 536 182 Ady 21 gbre 1713

3529 3251 2441 174 le 11 courant fut a vre grace, ma derniere depuis est je grand envoy

3520 3372 2457 151 avec des sarges d'engleterre arrive a ostende ayant ettez six remaines

3514 3446 2476 151 En chemain & souffent des grands oragis, quil y o beaucoup des largesgatte

3502 3596 2472 139 p l'au de meire ceperdont le mane, sont bien cenditione grace a dieu

3506 3664 2474 145 il sera bien encor trois semaines avant, que la marchandise, sera icy

3520 3761 2446 130 ainsij ie vous conseillerez de differer vre voyaz, pour cette temps

3519 3839 2403 184 alers vre grace aura los marchandise iiy en abondicl ie me

3526 3962 2411 167 recemmand toussaus a vre benne mosination je vous salue & suis,

3494 4105 883 150 de tous prion coeu
