8173 4678
2621 216 655 178 Adij 5 gbe 1715

734 200 1101 210 Brugge Joot de meulenaer

832 386 2473 143 a mij ser aengename van 31 pas, wel ontfanghen daer benevene

837 481 2391 133 de vier stael boekes Jan 93:94:109£115. gelieve dese baelt vens te

846 545 2413 205 laeten volgens aen Thier gilis van Coppenote, sult verobligere, die

837 700 1270 181 blijve naer minseme groetenissen

2595 822 676 164 Adij 6 gber 1715-

682 796 747 241 London C. Hamitton

863 920 2464 222 al seer aenge van 21 past. wel ontfanghen, hebbe de 108 pd tijken opgepaek

843 1085 2464 169 agemarckt N.B op 2 deser te water, na gent versonden, om van daer

841 1178 2359 196 voorders nae brugge gesonden te worden, a dat sal noch in don costen

862 1300 2406 186 van hier tot brugge veel solageren, te meer, om dat devraght in den

860 1390 2451 210 winter veel duerder, p waegens is als in den somer twijfele niet oft

856 1471 2478 261 sulte sal ue aengenaem sijn terwijlen in alles doen, als voor eygen

866 1614 2460 173 verwaghte, de andre resterende 100 po van ue morgen, oft over mange

873 1741 2440 202 huy sal die op het spoedighste laeten oppacken aversenden p eerste

862 1906 340 132 occasie

775 1904 2551 204 de wissel is hier noch meer gevallen a hebbe partijen gedaen tot 36:7 en

865 2060 2458 175 sal met occasie het restantie dat mij sal comen, op ul: trecken & als ue

880 2152 2369 208 mij remitteert, versoeke mijne ek courant te sluyten & het saldo te

859 2248 2432 220 remitteren op antwerpen, twijfele niet oft af heeft occasie in

872 2344 2465 242 eygen lrief te remitteren henrij brad sort is noeh met voorden dagh

863 2500 2452 215 gecemen & heeft nu wel 2 dagen sterck gestormt, soo dat voor hen

853 2624 2462 193 al wet bedught ben, hope den goeden godt can behanden aen comste

833 2767 2390 178 sal verleenen, sal de oncost rek. van t pock N. 9 p ics naeste

861 2885 2324 191 verwaghten & soo hoeft mogelijck uu de facture senden, vande

861 2923 2424 237 voors baele tijken N13 waer in al veerder dinstogh magh

847 3047 2488 233 weeten versoeeke van te commanderen die altijdt met genegenthyn

842 3255 355 160 sal sijn

2796 3285 557 204 Adij 6d: 11716

746 3355 1102 195 fiwerten Berecesueck March

861 3425 2497 216 op 2 deser, was aen ul mijnen laesten, waer aen mij gedrage bede

859 3552 2497 195 geene van ue alhoewel twee gposten sijn aengecomen hadde sghter ned

859 3624 2491 233 gewijfelt oft u sende verdere facture a staelen gesonden hebben die verhepe

855 3797 2505 170 e perste sal ontfanghen, dheer goos de meule naer van lrugge, heeft

856 3871 2491 152 mij de staelen gesonden van de voerbaeltvens die reje agroene sead

843 4011 2512 156 sijn bij mij niet soo aeentigh, & daer sijn van die cculeur de ps int

853 4073 2510 172 baeltien £115 is een stuck seer grof, slecht van couleur net van de lb

837 4226 2520 135 e dat stuck, soude het profijt entstucken oock isser int baelt een 92:9

867 4357 2476 102 in ider 1 stuck roet seade, als het roige, soo dat daer in geen groo

3564 105 2572 237 gediuse hebt, nden sij der inte velden te de aen genen a 35:8

3554 327 2587 141 daer de pap gettort is, can niet geheel op geraept worden com ue: de selve

3551 400 2484 177 te voldoen sende uk hier benevens een wissel in meerdre somme van

3566 466 2532 225 sl£200:- ten laste abrem Crop in londen, waer vooren het noodigh

3555 589 2563 229 gelieve te besorgen eden ontfangh deser tadviseren twijfele niet eens

3579 743 2447 212 oft u sal desen offer aengenaem, te meer, om dat met eene de selve

3562 867 2556 162 betaele, daer bij andre lanck ua gelt moet waghten, ick gene aen mijne

3563 941 2564 226 colanten die prompt betaelen oock wel 1 p st beter coop, als een andre

3535 1098 2596 174 die lanck borgen, versoecke dheer de molenaer, dat sij dese baeltiens soude

3575 1207 2554 176 overleveren aen mijn vrint, eghter, sal die niet vercoopen voor ue antw

3562 1377 1283 153 & blijve naer Cordiale groetenissen

3565 1462 2542 214 manqueert met van dese 60ps versochte sarges van de saluep alle seaden

3582 1598 1349 172 na mijn ordre p Cwings te senden

5366 1704 642 206 Adij 2 gber 1715

3470 1773 1061 164 Brugge gillis van Coppenolle

3567 1848 2551 180 ul aeng van gistren wel ontfangen, hadde op selven tijdt het annement

3558 1989 2544 163 van bradfort vernomen, godt danck & vertrooft de geintresseerde van t' seip

3593 2040 2520 221 van taylor, ingeslote de noodige cntifrcatie voort pack N.9 versoekende

3575 2215 2520 212 op spoedighte de goederen toe te senden want daer bij verlegen ben, die

3579 2322 2516 203 gepractiseert heeft van de centificatien te doen in brengen, heefter eer van

3595 2427 2532 212 want anders veele abuysen gesaeden, tot ons nadeel groete ul van

3584 2598 575 159 heeten bblijven

3594 2623 2537 213 hope dat het pack N.9 met nat sal sijn, waer van advies gelieve te geven

5677 2845 74 60 n

5351 2840 692 168 Adij 8m gber 1715-

3428 2824 803 181 ath Jan PB. 'olivier

3561 2934 2570 213 je me trouve honnorez p l'aggreable vre du 5 courant avec une remise de

3581 3059 2557 168 ƒ300:- sur mons. Porans messagier de malernes, que jay envoye pour acceptatio

3571 3179 1456 175 aquand elle sera paye, vous en fere credire

3585 3296 2549 183 ce qui regard, le cange sur paris il est passe peut de temp terrible ment monte

3588 3355 2510 239 out a fait icy plausiers partie a 99 7 & tautoft plus a tantost mans il y

3601 3487 2541 163 a une grande difference de puis deux mois en cette change cistant contre

3576 3600 2550 215 l'opinion de toustes hom mes 96 et est au pair a puis, que le change est

3600 3702 2542 218 si avant agiens on verra que les especes retournerons, a leurs pais je vous

3585 3885 1349 168 salve & suis avec offues de mes services
