7899 4644
788 194 2413 84 sal niet lanck meer aenloopen, sal het selve ul p bode op het snoedighst

801 261 2436 118 tre senven om dat het maer een stuten allenir, t van ul comandeerd

817 372 2373 131 t beurtschip. i scheeke in de toecomende hey lige dagen eens over te

794 447 2339 146 comen, ats wanneer my dieere sal geven vane te comengroeten

793 546 2329 127 alle convoijen sijn (goot loft nu wederon aencomen die sacqes

803 623 2405 145 kosten aenons £1 meer als de voorgaende, & staen alle dagen noch

799 726 2434 126 meerdere veranderinge te sien ueonse negotie tot e gouveons

815 819 2425 124 waer ue icl eenige worderen dint can doen gelieve te comadten

2680 903 584 175 Adij 18 July 171

816 930 345 132 rid. blijve

567 975 793 171 bon Richad Lotse

827 1045 2398 174 ul seer aengenaeme van 11: 17 pasto wel ontfangen, met den eersten facture

824 1178 2430 147 & talen voor eene bale met 40 sarges, beloopende s£74:13:4 en geladen

823 1292 2435 143 in John Brings Junior op osted, die godt lof, behouden is gearriveert, die

806 1355 2455 146 couleuren sijn redelijck maer sommige stucken schijpen aen de stalen seer

813 1472 2407 146 grot, wat van de waerheyt is, sullen de stucken uijtwijlen, ue hadde daer

801 1552 2433 149 sels bleve schades bij gedaen, daer is niet aengelegen, hebbe de noodige ordres

817 1642 2432 189 naer brugge gesonden tot de verclaringe. met ue brief van 170 wilt ue die

809 1748 2357 157 stuckken van grove mengelinge, waer van staeltiens gesonden hebbe

816 1855 2449 164 excusere, dat is echter nooloos, ick hebbe ue emmers altijdt gecommandeerte

807 1946 2452 186 van clijne en sijne mengelinge siet eens alle mijne ordres naer ue sal dat 300

827 2037 2382 167 recht bevinden, sijnde hier van ue vrinden die sulckxen mengelinge vrage

803 2144 2455 173 gelieft te ordoneren die stucken by mij te comen ashalen, want soo dan ig

826 2253 2433 131 soude ick in saren & dagen niet connen vercoopen tot ue governo. met den

765 2334 2392 200 seght ue, dat de gesondene remise van  £100 op marry parlons, d

825 2468 2407 153 acceptatie geweijgent wint, soo sien die met behoorlyckx protest terugge

823 2568 2432 145 & laet geen tijdt verloren gaen sal ue op den ontfangh der selve, de seirde

824 2650 2423 122 aenstons soo cort mogelijckx remitteren ingeslote sende aen ue st £118:0:0

829 2757 2429 153 Een laste Jaques Ceet in londen waer vore het noodigh gelieve te bes

822 2851 2395 135 orgen & den ontfangh mij adviseren hebbe dede remise tot amsterdam

817 2966 2433 140 moeten gaen soecken om dat men haer niet le contento kan te rechte gera

818 3051 2386 180 hen anders hadde vlial eerder geremitteert preparcent voor het eenste

814 3165 2445 159 convoij noch een bale met 40 schades clijne & fijne mengelinge & tevendige

821 3262 2389 139 couleuren gelijck dese ingeslote stalen sijn, als oock noch eenige perpetuenen

836 3372 2410 135 van prijsen als hier ondergenateert, maer soude die goederen meer moet en costy

820 3458 2432 109 begiren met een stucke men hier de goederen beter coop hebben als voorde

825 3554 2386 150 sae de loyden bieden niet watt ie ons selver kooten ul groet ende blijve

1790 3705 826 181 voor 30 perpetuenen

844 3741 546 210 voor de to sange

1863 3811 882 147 10 perpetuanen 36 ƒ0

2462 3910 290 113 1427

1848 3903 326 122 10 ditto

911 3894 463 160 Schades

2417 3982 310 142 „ 48 ƒ

1834 3999 321 107 10 ditto

1792 4176 318 142 30pr

5582 169 430 149 Adij 18 July 112

3289 170 751 161 tnverton John tMpcort

3535 290 2511 154 beyde ue aengenaeme van 18 & 25 passo op hunnen tijdt wel ontfangen met den eersten

3542 370 2502 165 facture stalen & Cognossement van eene bale met 70 ps sarges 22 gby more

3523 492 2509 132 terende samen st £126:11:0 et geladen op rotterdam in John berrigeh

3536 532 2488 221 die sedert aldaer behouden is gearriveert. die gile olives sijn alte geil, die in het

3536 625 2498 249 baeltien 145 sijn, maer dat een stack dat in het baeltien 14 4 is kan passeren

3511 759 2521 187 dogh moeten wat meer blosende sijn, gelijck de stalen aen ue gesonden, dean

3519 855 2488 210 dre couleuren sijn sel gelieft dan eenige naer mijne stalen van 11 pasto te

3532 930 2476 214 prepareren, doch soo te meer als voor desen souden moeten hosten begure

3522 1084 2510 167 geene, tot ue governoe ingeslote remittere aen ue t £82:- te laste Jean

3531 1188 2498 183 Jaqus Ceet in londen waervoore het noodigh gelieve te bosorgen men kan

3530 1284 2518 184 hier niet ten rechten geraken hebbe naer amsterdam moeten schrijvvom

3540 1390 2494 144 brieven & naeste hebt ue voordere remises te verwachten ue ingesloten aen

3519 1461 2495 182 d'heer ue nete hebbe behandight hij heeft wel 8 dagen hier geweest voor

3527 1566 2502 152 alheer hij mij heeft comen besoeck,en, hebbe aen hem mij dinst geboden

3511 1624 2506 205 waer in hem behulpsaem soude connen wesen, & heeft mij d'eere gedaen

3511 1749 2509 193 van een noenmael by mij te comennemen uls van herten gratende

3523 1857 1720 127 het convoy op ostende is mede gearriveert

5393 1960 598 149 Adij 18 July 1712

3273 1930 1094 195 ABenton Bere & Cnechmarch

3511 2040 2496 166 op 11 deser was aen ul mijnen laesten waer aen mij gedrage, sedert become ue

3527 2193 2512 132 aengenaeme dan 28 pasto waer bij ul mij adviseert den ontfangh van de rema

3516 2270 2521 186 de van £160: op Jean hertley & dat ue eenige olive couleure sarges soude

3523 2371 2472 162 laten maecken volgens mijne twee gedondene stalen, dat wel is, maer soo die

3529 2475 2502 160 36 st houden moeten coffen begeire geene, ick kannochte magh niet meer

3523 2583 2477 127 besteden als voordesen, want men kan hier van de koopers niet eenen

3530 2655 2502 160 stuijver meer becomen ae self willen den oeden prijs noch niet geven, heb

3529 2778 2486 156 be aen verschjde tot den ouden noch gelaeten, & sijn wegh gegaen, & vijan

3524 2846 2493 136 die beter coop gedint gevreest dat niet derstaen kan, de messr. moeten

3520 2965 2496 134 gelt noodigh hebben, oft vercoopen om de negotie te verderven, & ven

3533 3058 2499 156 selver mede, men magh wel toe sien wie men betrout, want daergaen

3538 3134 2472 150 ongeloofelijcke dingen om icts sal met stil staen tot dat die montee

3529 3263 2511 148 ringh costj wat sal sijn tebetert hebbe ue gecrediteert voor st £1084

3520 3318 1174 82 alf asseurantie ingesloeenne mit ter

4705 3351 50 57 l

3479 3369 2535 168 ftedergets prgou in londen maer ue st £108 ten laste frederick

3526 3447 2459 147 digou in londen waer vore het noodigh gelieve te besorgen voorders

3532 3560 2486 118 ben niet gesint ue leste gesondene royales 48: & 18:6 te besteden tot

3517 3676 2515 170 ue governo laet mij weten hoede negotie sigh costy schicht om

3521 3770 1743 178 volgens te reguleren, & blijve naer groetenisse a

5465 3861 554 149 Adij 18 July 1712

3271 3853 1180 195 rotterdam Dionijs verbrugh

3517 3996 2505 197 ue aengenaeme van 15 deser wel ontfangen dien volgens sien de vier

3502 4136 2520 131 de packen uyt John ebrings te gemoet p leanders van houke, & 3 al

3545 4248 2414 165 voor de verclaringe tot lillo de noodige ordres geven het sal
