8399 4623
2847 213 165 79 me

914 206 1067 158 Brussels la Veuve A: Rousseau

2631 225 700 144 Adij. xber 1714

1068 297 2329 196 j'ay recue en son temps l'honneur de la chere vre du 22 passé pour reponse

1059 448 2298 126 j'ay debitez le compte de mons. Stophano Rousseau pour ƒ 28:16 54:16:-

1008 527 2309 136 de change pour ce que jay payez pour les 12 monchoits que ie vous ay

1066 605 2217 151 envoyez a huit escaillins de change p piice ainsij vous aurez

1047 707 2282 189 la bonte de le compter a mons. Steph. Rousseau pour l'advances

1080 795 2263 196 j'aurois son de vous envoyer ce que vous pouriez avooir besoing

1016 938 2339 134 diey p quelque par sonne, pour eiter les fraits que vre grace

1067 1016 2241 189 me marque ce que ie nay pas eue enfin jay cou de bien faire

1058 1132 2307 172 mon freres Jan michiel, m'at piez de vous marquer que le remise

1066 1269 2322 170 quil at fait le 29me passe a mons. Jacomo Rousseau de ƒ800:-

1081 1337 2256 187 ceurant a la charge de mons. Thomas Brenssens marchand de

1081 1467 2234 162 pariz au grand marche de vant la maison de ville a bruxelles

1067 1595 2252 166 en dato 6 avril a trois jours preces est un alus puisquel at

1059 1685 2266 189 payez la ditte valeur au mois d'avriz sur la seconde, le premier

1075 1792 2191 170 estant per du & qui est venu au jour du date 28 passe & il at envoyez

1066 1880 2191 207 sans faire reflection ainsij mons Jacomo Rousseau aure la

1064 1979 2238 186 bonte de R envoyer la preditte remise au je suis capable a vons

1073 2123 2238 171 rendre service commandez librement qui a l'honneur d'estre

1073 2262 734 161 tres cincerement

2710 2350 684 195 Adij ditto P sber 1714

906 2392 745 170 dornines wed: Broeta

1082 2463 2304 186 Pour reponse a l'honneur de la chere vre du 30 passe ie vous dires

1089 2598 2196 136 que la remise done ie vous ay donne advis, est la lettre qui et este

1097 2676 2276 159 perdu ainsij le le dechierez je vous ay donne advis sans faire refletion

1081 2757 2278 184 voila quatre mois que cette lestre a este perdu une chose estemente

3162 2821 203 82 s'aprj ul

1083 2880 2239 126 ce pendant cela ne fait du kun nous attendons a tous moment du

1074 2938 2323 199 grand conrey avec des sarges p le quelle j'aurez une grandee partye

1068 3031 2297 199 aassertement de touste sorte a vre service & comme jay besoin un

1077 3184 2236 149 grosse somme vous me fairay plaisir de me resmettre la restes

1766 3304 127 66 me

1083 3274 2287 146 de la partie du 4 sber 1713 aou ie vous puis rendre service ay

1099 3381 2090 177 la bente de me commander ettant toujours avce plaisirs

2824 3516 444 169 Adij 3 gber

964 3561 770 185 Bremen John terhell

1098 3619 2278 232 u aengenaemen van 29 pasto. wel ontfanghen waer u ordoneert e ƒ9000:-

1090 3760 2244 141 en courant op amst. te remitteren dat heden wel gewenst hadde

1095 3849 2188 164 te conmen volbrenghen, dogh hebbe in gevolge u ordres net ten

1091 3943 2300 149 reghten connen geraken terwijlen alle wissels weder aent monteten

1089 4038 2216 139 sijn daer is gedaen in courant op amst a 1½ p avance voor

1096 4137 2263 203 den gever q noch wijnige brieven & terwijlen ul geordoneert hadde

1114 4269 2255 161 a 1¼ tt, soo hebbe daer niet derven aencomen in banco, wis

3580 270 2398 120 vragen 80 en anoch wijnighe brieven de veranderinge in de wissel op parijs

3586 332 2364 144 is niet te verwonderen, om dat de diminuarie van de spetie in grankerj

3579 409 2401 162 een aff laeger is gecomen als men gemeynt hadde, nu gelieft iu dat

3574 523 2426 89 u penninge remittere, op d'een, oft d'andre plaette soo versoecke positiwe

3578 643 2411 120 ordre te geven sal doen, als voor eijghen, wat aengaet het instaen

3569 695 2440 166 van de Brieven ent remitteren sal voor ul: dat doen, mits genoetende

3587 787 2335 152 een alf 5½ a nock hadde liever niet om dat het heden daeghs soo

3549 873 2396 175 dangereus is & soo den risico van dat Brieven voor ul gelieft te

3579 976 2370 149 hebben sal enekelijck maer mijne provisie rekener a 3 p tot u

3577 1119 2386 134 naeright ue: antwoort verwaghtende blijve naer Cordiale groete

3579 1161 1171 180 nisse met offres van dienst door

3545 1361 2360 148 P soo voor het ontfanghen van ul antw: ten reghten gera hercan

3574 1452 2275 120 op ams a 1 ¼ p avance, sal ie remitteren ainstaen voor de

3562 1546 960 154 Brieven als hur vooren

3470 1676 1049 213 Brussel de wed: Borremans

5358 1715 581 187 Adij 4 gber 17714

3570 1805 2374 195 ingevolge ue ordre van 3 deser soo sende aen ul vier stael boeckus iden,

3553 1929 2563 168 met 10 ps drapeen die het naeste kan die bij hebbe op u stael accorderen

3561 2018 2364 179 eennige Jan de selve ul aenstaende geleve de selve te teeckenen & u

3559 2139 2455 160 ordres tot de versendinghe toe te senden, sijn alle schoone couleuren, twijfelen

3569 2238 2243 142 met ul: daer in een goet sortement vinden sal sijn vande alderbeste

3563 2329 2386 147 supertfijnste soorte die uyt englant compt tot u dienste iets anders

3554 2412 2402 169 voorvallende versoecke te commanderen & de staelen op ontfangh

3565 2513 2317 143 deser weder te senden benevenssal. ordres aen du blijve naer

3569 2623 940 161 Cordiele groetenisse

3475 2758 1038 221 Brussel A Jan den welden

5217 2768 360 212 Ady 4d

3549 3001 2453 141 J'ay Reeu l'honneur de la vostre du 14 passe en son temp p la quelle

3548 3101 2402 120 J'ay appris le departement de mons. Rousseau pour Paris en compp de

3564 3179 2437 128 mad sa chere espouse outre ie gardrez ses fons a sa disposition, ie

3550 3270 2342 184 prend la liberte de vous envoyer p cette une lettre de change

3555 3390 2446 177 de 300 patt. de change a lacharge de mons. Jan messens

3563 3501 2395 174 de vre ville a huit jpour de vue que ie vous prie de le faire

3555 3599 2408 170 accepter & de me le renvoyer & vous abligerez infinement qui

3573 3750 754 116 est tres cincerement
