8392 4630
2729 202 642 151 Adij 14 aug. 1714

929 219 1006 175 Brussel Cornelis e fays

1066 288 2228 215 ue aengenaeme van 3 deser wel ontfanghen waer bij verneme het

1019 382 2358 166 droevigh gevolgh van S nicolas ftoren, als oock de schede die mons

1027 471 2343 172 de wenen, heeft geleden, godt sij gedanckt de saeke en sigh self soo

1028 590 2304 196 groet niet is als daer wel van soude connen soorts gecomen hebben

1067 686 2282 174 vorders desen om ue tadviseren als dat heden toegesonden hebbe

1078 770 2107 165 aen mons. volhaert een paekie gemarckt MVX op sijn

1056 858 2203 200 tolbrief waerbij gepaekt hebbe a 8 uytgesoghte coffees yd,

1075 973 2241 174 waer voren het nodigh gelieve te besorghen & mij te crediteren

1030 1144 271 136 moor

1342 1100 1987 221 8 sarges bette Coffeer claverblet met name 22gd, a ƒ24:10 ƒ196:-

1071 1222 2215 222 in wissel gelde twijfele niet, oft dese staeken sullen u vergenoegen

1085 1337 2209 196 geven hebbe in dit pack gepaert an clijn pacre met twaelt

1074 1389 2307 216 neusdoecken voor mejons de wed: rousseau die versoeke op ontfangh

1073 1527 2244 205 te doen behandighen sult veroligerer de goedoen sijn aent

1091 1630 2203 175 monteren ade sarges sullen onder de ƒ24½ qualijck te geven

1059 1737 2065 184 sijn waer in ul capabel ben dienst te doen versoecke bl

1001 1858 1009 161 commanderen die Blijve

2699 1968 483 185 Adij d. 1714

982 1998 1052 223 Brijssel Martinus Tolkaert

1103 2114 2138 165 desen om ae tadviseren dat ue heden senden p beurtschip een packie

1059 2183 2281 228 gencare ht ƒM:V:X. inhaudende de twee mondeline het gevraegde perpett

1077 2304 2211 210 alsoock aght stacken sarges coffees aegd voor monsr le fagj daer en

1082 2369 2270 186 boven een clijn paekie met swael neus doecken voor megness. de wed.:

1080 2530 2050 175 rousseau die haer gelieve te behandighen & mij te crediteren

2810 2592 348 143 ƒ 52:-

1309 2618 898 165 1 perpet N. 70 a 30 ¼

2838 2712 328 120 „ 58:-

1315 2716 915 147 1d.„ 80 30 ½

1190 2798 187 158 @

2277 2796 871 208 samen n wisselgeld £ 170:

1301 2824 356 217 2 pupe.

1084 2914 2197 245 twijfele niet oft sullen ue vallen contentement geven te

1077 3053 2221 195 meer om dat de alderbeste uyt gesoght hebbe ntot den selven prijs

1065 3138 2166 190 gestelt gelijck mejous. borremans die met veele woorden

1068 3239 2314 173 bedenghen heeft waer in e vordren, danst van doen versoecke

1086 3361 1055 181 van te gebieden de blijve

2907 3454 438 208 Adij 18acy

905 3538 898 220 London Charles Hamiltons

1089 3679 2294 172 ul: seer aengename van 2:19 past. 22 deser wel ontfanghen volgens den

1079 3801 2213 131 laette sien eenige wenkeliers bij u gecomen sijn, om de tijcken

1098 3878 2201 214 te besightighen & dat die den gestelden prijs niet wildengeven daer

1095 4032 2280 160 niets aengelegen is, eensdeels om dat present de tot die prijs niet

1111 4126 2265 180 meer te becomen sijn & alle daegher monteeren, ten andren, om

1083 4199 2323 223 door het afsteren van de coginne anna glorieuse gedaghtenisse

3545 129 2468 193 200 sen baer te assen de, hee dere alleewod

3541 287 2395 172 de wissel valt sal ue noch niet vercoopen & soo ul die vercoopt naer

3568 384 2424 176 wel gevallen moght niet vercoopen, op meerdren tijdt als 6 maenden 2 den

3551 472 2405 180 intrest prorato rekenen als noch gesereven, reese geene avantagie

3556 555 2398 166 te becomen datter 5½ voor u provisie in stace van schulden

3561 660 2340 159 soude connen afvallen, men is hier seer bedught dat door de door van

3554 750 2386 162 haere nyettijdt groote veranderinge voor comen sal, soo ontrent het

3559 839 2444 179 vervoorden van den brede als oprocringe in englant door de tweeefactie

3514 961 2489 152 dat de negotie wederom sal gestropieert worden het waer te wensen dat

3557 1076 2449 157 die factien malcandren verstonden & dat alles pesiebel voort ginck dat godt

3550 1182 2413 125 wilgeven en wissel op costj passeerter niet, daer sijn present vale treckers

3521 1278 2451 163 dogh niet een gever, tot wat prijs het soude moghen weesen. ie soude my

3535 1413 2428 142 groot plaiser doen van tijdt tot tijdt te laeten weeten hoe het a costijgaet

3541 1504 2409 125 ontrent de successie van Anhover, oft den premendant & ofter geen oproer onder

3539 1608 2502 121 twolek conde opstaen & ofter geenen imbargo op alle de seepen soude

3534 1689 2391 154 connen voorcomen dese saeelen, sal siegh int cort moeten open baeren

3549 1805 1082 158 groete ul van herten blijve

3661 1846 1872 203 met heb steven van de conighme, sal geene canten senden

3450 1961 867 178 fverton Henrij Blagdon

5382 1918 670 219 Adij 18 auy 1714-

3543 2129 2351 101 op p desey was aen ul mijnen laesten met remises voor st £900:- ten laste

5720 2194 134 69 ua

3542 2142 2462 211 dan ul heijs in londen waerende in seconda brief waer van den 6 geaccept

3541 2279 2348 129 in handen van m. Anthur, hebbe oock ordre gegeven voor 60 drogetten 60

3531 2390 2452 146 sarges beste coffees ngdij a 30 blak oft mooren claverblat sonder naem sedert

3545 2496 2460 157 geene van ue sVerhope den selven voor nu sult hebben ontfanghen, waer aen

3527 2573 2398 164 mij worders gedrage, men heeft hier de droevighe tijdenge becomen Jan

3532 2704 2391 151 tassteven Jan de Coninginne dat groetis alteratie maeck om dat

3541 2780 2308 166 men bevreest is voor groete oproeringe in Englant soo sijnde conde het

3537 2859 2466 200 wel gebeuren datter een generael beslagh op alle de schepen, soude connen

3523 3010 2321 165 comen, soo geluvee u mesures wat naer advenant te nemen & geene

3520 3113 2438 173 goedren voor al eer ewings staet ue vertrecken voor vaet ggij lieden

3530 3195 2385 185 behoorden hem te doen vertreeken, op het spoedightse dat aen ue alles

3547 3299 2404 161 hertelijck recommandere a versoecke van mijn ordies te volbrenghen

3524 3409 2450 134 aboven dien noch 60 ps coffees claverblat sonder naeme te provideren

3543 3536 2355 123 om alles met dtto ewings te versenden soo heeft u nu veer baelen

3527 3660 856 146 te besorghen te weeten

4060 3737 1051 154 eene baele, met 160 drogetten

4068 3811 1273 156 eene ditto. met ƒ 60 bitte coffees 21gd

4075 3927 1256 144 eene ditto met ƒ60 ordenaire d 21gd

4068 3997 1348 172 eene ditto met „ 30 ordinaine blas 21 p

4048 4095 1876 221 sijn saemens ƒ 2 10 stulen wilt ck noeh voor ul a 50

3525 4260 2469 168 blax van d½ bette claverblat met naeme bij doen, sal die wel aen nemen esos de

3545 4352 2301 108 andre verscoren sijn tot u governo, alles gaet op ene venge conditien
