8241 4658
909 197 2394 113 maendagh toecomende smargens a costy te weesen waer ue

883 309 2380 128 gelieft te reguleren het pack hant in 113 ps tijken, gelieve het

897 385 2302 160 cognossement te laeten maken aen d'ordre van dheer Charles

898 471 2327 143 hamitton & het pack vervolgens aen hem addreseren, &de in solt

912 573 2290 198 rek. op het spoedighste mij over te senden. ick verwaghte een

899 684 2296 172 pack voor mijne Rek van London & seipper Henry bradsordt

897 800 2207 185 sijnde gemarckt  £7 xhant in 25 ps. perpet die op sijn

909 892 2410 189 arrivement, gelieve te deeclaren & advoiteure p bij lander mij toe

885 1014 2321 198 te senden, als mede sijn arrivement t'adiseren u moet, dt

874 1112 2459 171 voor de vraght hat veel niet moet betaelen, als van tobsam comende

891 1259 578 156 tot a narrght

896 1287 2358 275 hebbe oock grooten intrest in san beridge die met den

892 1378 2436 267 eersten van thopsam stont de vertrecken, soo dat mij seer aengand

901 1596 2373 178 sal sijn, sijn aencngeste te vernemen groete u van herten

893 1747 371 127 blijve

918 1834 2423 201 notas dat am het pack N.7 1 perpet sal genomen sijn voor vrappen

899 1976 1014 155 soo maer 24 ps te verclarenen

2672 2035 634 221 Adij 31 aug 1715

740 2050 886 219 Swerton Henrij Blagdon

892 2186 2440 225 op 7 deser, was aen ul mijnen laesten, waer aen mij ge drage sedert becme

900 2330 2449 141 u aengename van 20 past. dien volgens sal de geordoneerde goedren p bundge

893 2464 2412 156 verwaghten, & laet de maker van de beste drogetts contuneel voor mij

902 2585 2402 121 wercken, dogh de couleuren volgens mijn gesondene staelen preceus na

873 2664 2337 169 te comen op 09 junij lest ue gesonden, sijn allee seer schoone & goede

888 2754 2448 157 couleuren, moeten sijn van sijne & le vendige mengelinge a wel bedent

865 2879 356 167 & geperst

869 2912 2476 200 voorders soude gaerne weeten, oft u bastard sarges oliver & andre couleuren

868 3049 2480 174 & gdj soude maken een soorte gelijck u coffees sonder naem hebbe oock

858 3147 2451 204 van uu voor desen wel eene soorte soo gehat, maer iu sloegh het een

885 3270 2432 209 hooft daer op dat niet soude mogen doen & geen ander marck op slagen,

891 3381 2452 197 als het claverblat sonder naem, gelijck op u coffeer tweede soorte getren

877 3479 2463 185 mede te laeten weeten voor wat prijs die senden seudt ij aen boort

894 3572 2379 219 sij soude moeten hunne volle leingde hebben &breede noosij, oock

856 3699 2469 203 gelieve te noteren de uijsen, van de alderbeste engd: claverblat met

892 3793 2414 216 name mode couleuren soo van aliver buijn cosse gescades  om volgens

871 3957 2418 162 soo ie die tot een redelijcken puys noteert sal eene part ije van d'een

875 4029 2415 180 en dander soorte u ordoneren voor het naerst comende benveij tot u

883 4160 291 157 maight

878 4189 2459 222 wat aengaet de affaires, van herdenborgh, leste hem seer die wils verm

868 4339 2422 125 ert &ighter niets becomen sijn anders sijn nu gestaven  heeft mij daer

3609 217 2475 126 tegens al uyt gestelt anu is hij verhuyst, sal hem gaen soecken & mijn 25

3581 300 2487 148 devoiren doen & gepasseert a adviseren, ingeslote remittere in een brieffie

3588 407 2456 178 van st £60:- ten latte Jacques chauvell in senden, waer vooren

3569 509 2504 197 het noodigh gelieve te besorghen a den ontfangh adviseren aen

3587 625 1411 192 die blijve naer Cordvale groet misser

3465 748 1047 214 Tiverton Will asamd Lewis

5434 770 625 220 Adij 31 aug 1715

3567 906 2525 201 op 7 deser was aen ul mijne laesten, waer aen mij gedrage, sedert geene

3559 1062 2525 130 van ul, desen principael volgens mijn gelofte tot couverte van den gelijde

3575 1137 2504 194 remise van  £90:- ten laste Jaques Cchauveel in london, waer

3581 1225 2504 235 vooren, het noodigh gelieve te besorghen aden ontfangh, tadviseren

3577 1410 2475 154 sal  u eerste de voordere staelen afacture van mijn resterende

3575 1516 2371 144 ordre verwaghten, twijfele, niet, oft bieridge staet met den

3578 1608 2435 191 cersten goeden wint af te comen, gelieve mede bij tijts de

3538 1763 2541 177 cognossementen te senden & sal u voorders remitteren groete u van

3540 1869 638 172 koot en blijven

5405 2006 542 170 Adij d 1715

3472 1996 815 212 brussel step: Rousseau

3549 2140 2488 159 j'ay recue en son temp les cherestre du 3 & 11me courant suirant le

3556 2241 2462 145 premiere j'ay debite vre compte pour ƒ1501- recue du  Cornelio

3537 2334 2539 189 le fayt & celon la derniere pour ƒ491: de change pour avoir recue

3549 2463 2515 174 du dit T: ƒ161: & ƒ240:- du s. daniel de wemer. Cette pour advisser, qui j'ay

3540 2549 2457 184 tirex aujourdhuy sur vre grace £60:- de change a deux jours de vre

3536 2680 2514 197 p lasse payable a lordre de mons. Jaen antoine Coget & vous est

3544 2794 2523 191 ccredité pour ƒ360:- pour ma ditte traitte vous priant dy faire

3551 2917 1684 208 honneur & me Croive en tous occasions pour

5428 3058 613 154 Adij 2 gber 1713

3434 3047 971 193 firnhaut cardius saenen

3521 3175 2492 146 tot antw. op den u van gistren, sos segge, als dat mij int geheel tot

3548 3283 2382 183 au toe maer voor mijne rek spreke, rijffigh pa clijn strepies op

3550 3399 2517 189 cenditie nochtans dat die effinder & luyverder sullen weesen als de gene

3523 3478 2533 243 die u tot nu tre gesonden hebt, want mijn trint heeft over de

3521 3635 2548 184 choopen tar sterck geslaeght, daerom moet u precautie nemen

3554 3720 2460 227 want dusdanrge soude nier derven versenden, soo haest voordre

3540 3859 2310 200 ordre become saet u adviseren blijve na cordiale groet enissee
