7871 4644
2607 185 630 159 Adj 23 Juny 1712

518 204 893 213 Bersond Thone & blayden

778 324 2465 193 op 15 deser was aen ul mijnen laesten waer mede versocht hadde de rekenige

774 491 2477 117 van de goederen die gij lieden dit loopende saen mij toe gesonden hebt, noch

753 588 2520 142 in compa sijnde & dat soo haest de selven ontfangen soude hebbe, het slae

758 661 2517 133 soude remitteren, sedert van ul: niets vernomen Jahn Burrigde is behou

768 767 2470 170 den tot aengecomen, & hebbe al een van ul packen ontfangen, soo sende

761 860 760 160 hier in gesloten

1260 965 1525 198 £100:- op thomas MMeux in londen

1490 1109 797 130 140:- op ditto

814 1329 2458 161 samen 240:- waer voore het noodigh gelieve te besorgen, hebbe

789 1427 2456 171 volgens ul: versoeck die geindorseert aen monsr George thorne voorders

766 1541 2477 169 ben in groot verlangen naer de stalen en tracture van de geordoneerde

775 1643 2437 159 goederen, als oock naer de rek: courant om de selve te connen sluyten

799 1722 2461 163 & het saldo te remutteren, & ist bij aldien ul die noch niet versonden hebe, ver

794 1852 2487 123 soeeke het selve te doen op den ontfangh deser & sal dan int toecomende mee

794 1948 2471 130 Mons. kerrij blagdon de neuwe rekeginge beginne. laet alle de goederen via

791 2026 2480 140 ostend gesonden worden & de assurante gaet voor ul rekenige gelijck

777 2112 2486 124 naer doude geroonte in afwachtinge de fracture stalen & congnossemente

793 2190 1256 191 blijve naer Cordiale groetenisseea

772 2419 2408 164 P.S. soo aenstons become brieve van Costij van 11 Junij, die onse brieven

790 2499 2471 187 beantwoorden van 11 & 13 ditto st:080. 500 twijfele niet oft mijnen voors

781 2603 2446 189 is ul. welgeworden, & vermits nu wel afgemeten kan, dat gij lieden mijne

793 2734 2471 137 rekieninge noch niet hebt gesonden soo versoecke noch mael van met

793 2805 2396 123 te darderen & de stalen van de goederen toe te sende, om dat men mij

790 2904 2455 124 adviseert dat de schepen int kont stonden te vertrecken e en

2703 3033 578 183 Adij 29 Juny 1713

762 3087 836 212 S. Bere Enckmarck

816 3260 2462 146 soo aenstons become ul seer aengenaeme van 11 deser met fracture en

818 3376 2418 120 stalen van 3 balen N.44:45. 46 beloopende £289:35:6: als oock

809 3457 2455 114 cognostement van NA1. geladen op rotterdam N. 39:40:42: 43: 44

796 3568 2483 114 A6: waren geladen in Jan Parings Tunior op ostend & N.45. op rotterdam

797 3657 2479 95 soo versoecke mij die cognossementen toe te senden. ick sal mij behelpen nmet

819 3709 2458 113 den nu gesondene goederen en vrat aensien want ick verc lare dat

811 3799 2458 137 hiur geen op stijgeringe kan becomen, ick hebbe mijne goederens

807 3891 2462 150 st hooger willen vercoopen, doch tot die prijs noch niemans konnen

796 3994 2481 103 brengen, vermits mij de geile vlives manqueren naer dese in geslotene

1126 4068 2073 62 ss0o versoete van ienigh mij toe te senden. de grapien naer de droget lett a

822 4077 2446 104 staeltiens,  sijn gans niet gelyckende, wat dat de rest sal syn, wie te noch

818 4143 2459 114 niet, want den tijdt is te cort om de selve te confronteren naer mijn

812 4253 2456 77 ordre segge noch mael, dat de helft van dassurantie voor ul. rekenen

819 4291 2442 124 is tot ie governo sent ist mogelijck de resterende geordaneerde goed

5893 103 99 130 d

5418 172 564 170 adij 29 Juny 1712

3290 264 842 208 tiverton Jahn uperit

3532 453 2501 156 ul aengenaeme van 2 & 11 deser wel ontfangen, met den eersten stalen & fracture van een

3545 555 2462 123 bale royalis 24 gd: als oock de cognossement van de drij balen geladen op rotterdam in

3541 645 2412 106 Johe Brings sew met den laesten oock fracture & stalen van twee balen sarges

3524 742 2477 111 22 gd: & een bale royales 24gd geladen op ostend, dat wel is ick sal den risico op

3519 818 2502 149 rotterdam selfs loopen, & van die op ostende, gaet de helft voor ul. rekeninge

3541 918 2458 136 naer de oude gebroonte. voorders soude gaerne noch eenige sarges hebben lich te

3530 1032 2409 115 olives, naer de stalen op 11 deser aen ul. gesonden, omdat die couleuren mij het

3539 1084 2462 157 meeste mangueren, soo doet al wat megelijck is om de selve mijtoe te senden te

3548 1194 2478 138 eerste convoy, soo het niet vertrocken is hebbe heden mede brieven becomen

3544 1273 2477 120 van d' heer chales hamitton, die voor ul: op mij getrocken heeft s 300 opsece

3517 1353 2476 143 a 33:1 en dogh die prijs is alte hoogh, & bij al dat vreese dat de wissel noch meer

3526 1473 2498 98 monteren sal sal die traitte prompt vereeren versoecke van mij daer voore

3530 1549 2446 164 te crediteren den tijdtis te core om ul gesondene stale naer mijn ordres

3537 1664 2501 154 te conconteren, dat verhope morgen sal gescheeden. het sal mij aenge

3535 1768 2485 152 naem sijn, d' heer ul groot sone hier teken, & sal niet manqueren van

3515 1887 2462 159 aen hem Dinst te doen, waer in capabel ben dal met groot plisier

3542 2000 2493 142 vernemen vrat costy passeert soo ontrent de convoyen, als veranderinge

3539 2092 2010 168 in den op slagh van de sarges, & blijve naer groetenisse

3276 2175 1143 182 geesbergen antoni van op broecke

5439 2173 585 180 Adyj 30 Juny 1712

3529 2334 2490 153 den ul van 27 deser wel ontfangen, in antwoort den bode schallier heeft mij de

3541 2454 2487 114 een hondert guldens wissel gelde betaelt, waer vooren hem quitantie hebbe gegeven

3523 2520 2514 148 voorders sal p sijn naeste reyse de reste verwachten gelijck ul noteert sien dat ul

3536 2611 2486 161 de negodie gaet guiteren & ul: de selve aenneemt, soo houde mij bij hem gerecomman

3527 2697 2503 148 deero, sal altijt mijn devoir doen om hem wel te bedienen, daer sal int cort een groote

3528 2774 2478 184 verandringe in onse negooie sijn, om dat de goederen in engelant opgeslagen sijn,

3539 2886 2459 154 & taen noch meer te monteren tot governo, waerin Gapabel ul: eenigen dinst te

3527 2942 2322 198 doen, gelieve te commanderen & blijve sin afwachtinge van de voordere

3549 3047 524 141 betaelinge

5398 3094 557 143 2 julij 1212

3331 3113 952 152 London Charles hannelton

3542 3219 2476 149 ue seer aengename van 13 pas met een ingesloten va dheer p wel

3530 3355 2514 129 ontfangen & hebbe ue tratte op sight voor s 300:- a 33:1 prompt betalt

3520 3437 2478 130 & de rek. va mons. en cett. daer voore gedebiteert bedanckende ue voor de

3533 3514 2461 118 genomene moeyte voorders gelieve my te laten weeten oft bij alde

3524 3631 2486 76 ue eange remises dede om vetouren te late comn op 2 uss ue voor

3514 3727 2471 122 de brieven delcredere sal staen, & op wat voedt, onle negotie in sages

3524 3782 2496 140 is soo seeght, dat het de pijne niet weirdt is, dat aee ligh daermde

3522 3883 2383 130 be moeyde, het waer te wentchen dat de wolle goederen at een

3531 3993 2433 131 goeden op slagh deden & dat me daer door en avant agieure

3537 4068 2461 125 vevanderirge conde becomen want het bto coop de goederen

3533 4134 2362 150 sij,n sso miider daer aen te profiterenis. heer sijn mijnige

3525 4216 2505 153 brieven op london, te becomen, dat de oortacke is dat men hi
