8255 4651
882 205 2366 131 sien het p eerste te gemoet waer in ue: voordren dienst can

887 305 2356 193 doen gelieve te commanderen die altijdt sal sijn met ofsectien

2681 450 637 189 Adij Jany 1715

720 476 1034 214 Tiverton Beregsnech marck

878 608 2440 191 op 3 deser, was aen ul mijnen laetten waer aen mij gedrage sedert

864 665 2396 207 geene van ue: verhope p u eerste voordre facture a staelen te besomen

838 777 2462 242 de sorghe, voor de goedren, soo ontrent de couleuren, als qualitijdt blijft

881 888 2313 193 u ten uytersten gerecommandeert versoeke te laeten weeten, oft

848 995 2312 232 de drapie sarges noch op soo hoogen prys sijn, om volgens te

879 1090 2353 266 reguleren desen principael tot couverte van dingeleyde remise

875 1235 2421 208 van st £1011- ten laste Edward froud in londen waervoren het

876 1345 2431 260 nodigh gelieve te besorghen aeden ontfangh adviseren aen die blijv

2712 1447 586 231 Adij 7aug: 1717

743 1576 896 186 Siverton henriy blagdon

875 1721 2443 200 op 10 pass. was aen ul: mijnen laettens met remise voor st £100:- ten

898 1790 2359 202 Jan herm adrigue olmius in london, als mede ordre voor 30 ps. van u

880 1892 2415 261 beste coffees te weeten 15 ps. lighte rosse coffees a 15 jan de bruynste

887 2034 2370 220 couleuren voorders referere mij aen den selven sedert geene van

881 2145 2473 236 die blijve eght in afwaghtinge van met u eerste brieven stalen

899 2237 2413 227 & facture van eene baele drogetten te ontfanghen. buridge stont

875 2354 2480 260 op t eijnde van de gepasseerde maent N.S: naer brugge te vertrecken

890 2494 2355 238 hopende e de geordeneerde goedren bij tijdts sult hebben in

882 2618 2361 238 geleept & soo haett de focture & staelen besome sal u aenstons

886 2775 1611 201 remitteren u van herten groetende blijve

2659 2965 520 162 Adij d. 1715

763 2926 929 211 Sverton Will & Jand lewis

895 3072 2327 145 op 20 pass was aen ul mijnen laesten met ordre voor alnoch

883 3151 2435 196 60 ps bastard sarges 2 gssij, dat met desen confirmeren voorder srefeure

903 3259 2447 180 mij aen den selven sedert besome u aengename van 6 past D: di

891 3368 2470 217 volgens sien eene groote gedette van de 80 ps geordoneerde draper

874 3456 2455 232 gereet hebt & dat int cort facture & staelen van elve baele met hege

895 3626 2430 189 sendt senden & de rest mede gereet maken om met Jan hendge te

894 3756 2296 170 versenden eghter hebbe noch geen staelen van ue vernomen

876 3776 2512 237 lertreuwe p deerste brieven du wy van costij sullen become die talur

886 3978 2448 183 te sien oock blijve in afwaghtinge wat ontrent de geordoneerde

881 4058 2435 247 6o bastard sarges sult hebben geeffactueert, u doo getteren blijven

906 4242 1487 197 gesloten groete u van herten & blijve

5968 172 127 102 37

5389 223 660 155 Adij 9 aug. 1715

3474 221 789 169 Turnhant Josephud Kuighs

3586 321 2554 144 ue aengename van gistren wel ontfanghen benevens de 4 ¾ 3 segels blijn strepie

3551 435 2507 141 voorders seght ue noch 4 a 5 ps. int derck sijn, die mij naer ooermorghen met

3568 494 2448 210 connen dienen om dat die bij hebbe toecomende dijnsdagh op gepackt worden

3568 602 2494 235 derhalve, soo is die op sondagh niet senden can moete die biju handen tot dat

3575 716 2403 214 voordre ordre van Englant become tot ue maright, groete u van herten blijven

3456 902 964 193 Brussel de wed: Borremans

5423 889 602 204 Adij d ary 1715

3569 1025 2488 182 ingevolge u'ordre van 3 deser soo sende ten u hier ingeslote een staelboehe  306

3568 1169 2504 126 waer in u sal bevinden twee ps sarges seer procies na iu gesonden stael noch twee

3568 1240 2560 147 andre staeltiens, mede het selfde die uyt twee losse ue genoneden hebbe, soo

3551 1326 2534 202 datter saemen tps sijn volgens u stael ten uytersten wel accorderende, sijnde

3551 1427 2504 174 oock de t eenighste die present bij hebbe tot u dienste, sijnder eenige andre by, die

3558 1502 2581 196 n'aenstaen gelieve de selfde te tackenen &u'ordre toesenden als mede tot

3552 1661 2530 197 geene u voorders soude noodigh hebben, sijnde alle van de beste a superfijnste

3558 1764 2577 188 soerte vande starmet den naem u ordre, tot d'een, oft d'ander fwaghtende

3545 1915 314 137 blijv

3441 2001 842 209 th mothins Brans

5605 2054 425 142 Adij d: 1715

3542 2158 2518 139 la chere vre du 3 me courant m'at este rendu p mon frere piere, melijn y joint une

3531 2236 2604 181 pettite remise de deux cent florins argent courant, sur Jan de haes payable le

3544 2351 2522 171 10 sber encor un mois a courir outre vre grace me demande de seaveur la reste

3528 2372 2615 277 de nre compte, sans comprendre dedans la derniere facture, ainsij j'ay fait

5783 2510 273 91 Lonn

3524 2540 2526 205 la caleule a trouve quil me revient encor netto deux cent dixhuit patta

3537 2632 2511 233 & sept pattars argent de change ce quil vous plaira examiner ne doubtant

3517 2761 2535 204 point, ou vous la trouverez sutte, quand vre sauhaite d'avoir de remises

3529 2896 2547 165 chez vous sur envers vous n'avez, que vous addresse, chez mons. Jan de pestre

3540 2963 2505 247 de vre ville ie scay, quil a d'occasion a vre governe, ou ie suis capable

3525 3118 1679 186 a vous rendre service commendez celuy qui est en

5486 3251 626 242 Ady:12 auy 1715

3438 3262 962 242 furnhaut Josephus Jueghs

3534 3393 2559 220 op 9 deser was aen ul mijnen laesten met advies dat de tijken olijn streqpied

3537 3517 2576 204 na heden, mij niet dienen conden, om dat gesint was, de partije die bij have

3518 3640 2550 221 op te packen nu ben geresolveert van noch 8 daeghen te waghten soo

3521 3729 2534 243 gelieve noch te senden, van dese blijve strepies die u gereet heeft, dogh na

5820 3838 218 117 sijnde

3529 3911 2489 175 toecomenden sondagh wesende den 18 deser geene meer, voor nadre ordre d

3542 4038 2454 193 de alder uytersten tijdt die uytwaghten can voorders ben verwondert, dat

3546 4147 2451 193 e huysvrouwe als sij in stat compt noyt bij mij compt, om over deen, oft

3537 4173 2596 216 andre affaire te spreken, want het ie seher, dat men mondelines beter

3536 4362 2507 121 m alhandren skan satissactie geten, u antw: op donderdagh te gemoedt siende
