8077 4699
873 183 2403 122 naer dit stae hebe ue noyt sulckx ordres gegeven boven dien sijnden

869 269 2384 109 oock van desestalen die beginnen, nu weder treck te krijgen, soo

883 375 2387 96 wille, daer niet van spreken, van de royales, sijn ontrent 30 stucken geile die

867 471 2367 119 nee oock soo lanck hebben blijven liggen. ick voor mijn deel hebbe

844 534 2406 142 daerom niet gaerne mogeiyckeyt, daerom als iets ordonere niets anders

855 647 2416 122 te senden als wel mijn ordre luyt, alle ue gesondene gestrept flannelle

852 779 2429 133 meeten een elle corter, als ue die teeckent & de coopers trecken dat soo al

864 857 2366 119 rechtaf, soo d'avance, die daer aen is wontons gecont dat sckers geen

863 977 2384 120 negatie is nu moet ue weeten wat best gedaen, dat us governo, sent

859 1039 2393 156 mijne rek courant sonder de selve op ue boecken te sluyten en

855 1148 2425 145 blijve naer cordiele groettenisse heeft ue soo eenige drape mooght

2184 1202 774 109 wel to a 15 ps senden

893 1226 660 167 Piere de Bout.

2587 1249 603 157 Adij 5 gber 1712

638 1342 2538 175 dermonds ende aen u heden p beurtschip op dermonde een pack gemarchkt

880 1472 2296 132 V:T:P. f om te volgen, d'ordre van mjoufrou de wedue Ignace

858 1599 2381 113 francois lison van Ath, sijnde droogh, & wel geconditioneert de vracht

859 1694 2302 122 is al hier betaelt soo franco van alles, naer ontfangh, gelieve het

884 1762 2369 143 noodigh te besorgen, & sult verobligeren die naer groetenisse blijvene

661 1820 732 154 Ath La veufve Lison

2699 1878 531 149 Adij 8 gber 1712

888 1936 2338 166 En suite a vre ordre donné a mon frere saen machiel je vous ey envoyez

897 2052 2253 136 lamedy passe p la barque de bermonde les q1 ps sarges que vous avez

838 2130 2343 155 hoisee chez moy selon la facture, & adresse a diere de vout, & En

843 2224 2360 158 place de faire deuxx ballots, je les cy mis tous ensemble, dans une grand

867 2315 2369 132 ballots marque V.F.FC il vous plaira me crediter pour ƒ3:-, que j'ay

859 2424 2365 117 rembourse pour la voitiere p les paspoort rien a couse, que je vous devois

863 2496 2341 151 tabaltre une sols sur chacque piece j'espere, que vre les auraij bien tost

862 2574 2344 146 vendu Enfin que vous pouriez revenir pour faire des autre emplaittes

866 2680 2420 177 & ou je suis capable a vous rendre service ayez la bonte de commander

652 2749 970 175 brugge gillis van Copenolle

2618 2816 601 146 Adij 5 gber 1712

861 2888 2294 169 op 26 pass was aen ie mijnen laesten, waer mede versoght hadde de rek

869 3004 2300 135 courant van oncosten, als de rek courant, sedert van ul niets ver

867 3050 2363 160 nomen, sal soo de oncost rek. noodigh hebbe soo versoecke, met desen

871 3140 2337 189 van de selve cito toebesenden in ofwachtinge blijve naer cordiale

874 3224 509 149 groettenissen

2582 3297 595 183 Adij 9 gber 1712

626 3308 961 179 fiventon Henrij Blagdon

878 3451 2361 144 beyde ue seer aengename van 11 & 18 pass wel ontfangen waer bij ver

871 3533 2356 152 neme de remise van  £100:- ten laste Pedro henriques e nior

881 3651 2357 151 wel geworden is, & dat mons. george thorne aen ue de geordoneerde tC

867 3737 2381 168 £63:- uyt de remise op Edward frouwd heeft goetgedaen, soo is ue rek

865 3829 2400 134 daen mede gedebiteert. het is mij leet te verstaen, dat ue van de schult van

859 3962 2306 127 herdenborgh niets heeft genoten, daer nochtans, wel behoorden afte

859 4038 2328 147 trecken den sone houdt wederom winckel als voore, soo dat wistte

860 4148 2358 141 hoe ie affairen geleghen sijn soude hem wel eens spreken om te

875 4249 2403 91 sien ofter iets te becomen was, vermits ue seght niet een vrint t'hebben

862 4319 2184 120 om de goedren in N. 179 hier aen te nemen, soo welle noch wel

3566 210 2483 134 voordre devoiren doen, omse aenden man te brenghen, maer vreese sulckoe niet

3580 329 2394 82 lucken sal, om dat soo danige fabrique hier niet getrocken wort, dogh soo niet

3584 401 2486 150 quayt kan geraken sal ue de selve, wel moeten laten wederkeeren, & versoeck

3573 501 2400 117 hee noch mael van int toecomende geen vrende fabrique mij toe te senden,

3578 581 2486 123 want sulcksx diens maer dat last voorie: & voor mij voorders sal de 30geor

3562 675 2488 124 doneerde beste coffees met name p John Ruerridge via ostend verwachten

3561 772 2488 140 kan u die vermeerden, tot 60 ps ben wel te vreden, dogh moet heb beste ofij

3572 873 2460 145 note goet senden de coopers clagen van de lest gesondene, seggen, datse

3563 914 2473 183 niet soo dich nocht soo sijn niet vallen als de voorgaende, daerom versocke

3555 1011 2467 122 daer op te letten & sorght dat uls beste soorte in goede reputatie blijft, want

3563 1115 2439 127 anders daet ue aen ue selven groot nadeel. de negotie is gans stel hebbe en

3563 1224 2473 109 langen niet een fooper vernomen daer sijnder hier die de goedren beter coop

3564 1293 2496 166 vercoopen, als die hien selver kosten, maer oft dat lanck sal deeren is sterck

3560 1374 2448 163 voor te vreesen men magh men toesien in dese congoncture van bjde, wie

3551 1465 2502 161 men betrouewt dat ue welt spreken, van op slagh op de sarges, kan onmogelijck

3558 1540 2480 135 niet sijn, wij konnen hier qualijck den ouden prijs becomen,  voor een gulden

3547 1640 2489 142 avance worden de sarges verkoght dat het niet vwas op hope van beternisse met

3564 1704 2442 157 eenen goeden vrede, verschere, dat de sarge negotie a bandonere soude, ick

3555 1812 2486 137 sal dit jaer den intrest van mijn capitaet niet halen alle de mooren van

3556 1905 2476 134 15 pasto vermelt, sijn noch by, den vrint, die die nempt is eranck sieck, en dat

3553 1969 2480 128 die quame te sterven, soude daer mede geambrasseert sijn want andre copers

3565 2023 1816 196 trecken, die niet ue van herte groettende blijve

3339 2110 804 165 geesbergen van opbrock

5397 2160 578 169 Adij 9 gber 1712

3553 2226 2449 176 is seer aengename van 7 deser is mij door den bode schallier wel behandight

3554 2287 2489 181 waer mede ue vraght 2 stucken perpetuenen een gesalvert en d'andre ongesolvent

3555 2398 2473 146 als oock een stuck deventerschen bay, in antwoort vercoope geene bajen frise

3547 2452 2482 207 aerden oft lakens maer wel alderhande soorte van stoffen sarges drapeer

3554 2536 2416 186 rayales drogetten, & perpetuenen van alle prijsen in groote quantileyde

3557 2625 2476 156 batie dinste vermits ue geen prijsen stelt van de perpetuanen, soo kan ue

3538 2724 2497 145 p bode niet toesenden, daerom gelieve p naeste rijse de prijs de noteren sal

3538 2818 2495 159 ue naer advenant soo schoone gaetsenden, dat ue ten uytfertten content sult

3550 2909 2479 140 vresen & ue anemeren, tot mierdre partijen & gelieve, voor de eerste rijse om

3546 2943 2452 159 kennisse te maecken, het gelt mede te senden & s u vader te versoeken

3555 3046 2442 134 uijt hijne naem het restant tgene hij mij noch schuldigh is met eenen te doen

3546 3136 2476 164 betalen voorders verhope met ue partijen tedoen, & tydt verschert dat niemans

3551 3208 2467 152 ue beter bedienen sal, als ick waer op ue vrijelijck magh verlaten d'eere van

3537 3307 2364 159 ue antwoort & ordre verwachtende blijve naer cordiale groetenissen

3351 3347 910 144 twerton thome & blaydon

5299 3422 653 140 Adij 9 gber 1712

3548 3461 2426 165 ue aengegehame van 18 pasto wel ontfangen, waer mede ue mij adviseert den

3529 3555 2488 130 ontfangh van mijne remise van  £150:- ten laste Cward troudin londen

3542 3637 2468 174 waer uyt ue goet doet volgens mijnet ordre aen monsr henrij blagdon f£63:-

3535 3715 2476 167 ue is vervolgens, daer voor gecreditert dogh uk wilt segge dat ge de resterende

3543 3761 2489 223 £57:- niet nemen siont tat voldoeninge van de bale No.° 169 wel trecke, maer

3535 3869 2457 175 de 17 ƒ& 6 & af en late de facture, soo gelijck ue die gestelt heeft, waert, dat ue

3535 3981 2472 147 gesijdt hadde van opslagh van goedren soude die gecontramandeert hebbe

3541 4084 2470 133 vrant hier is niet een staijver meer te becomen van de coopers bevendien

3524 4146 2470 166 hebbe ter selver tijdt noch andre facture van andre vrinden become die

3531 4257 2463 100 geniraliter op den ouder voet staen alle 1ƒ minder, & ick verscherecn, om

3541 4305 2479 178 meer te besteden hen niet geschieden want soude daer niets aen te profiteren
