7947 4644
673 154 944 166 brugge Gillis Coppenolle

2520 183 600 147 Adij 21 aug. 1712

840 291 2437 106 ue aengenaeme van 20 pasto hebbe op siynen tijdt wel ontfanghen, sedert heeft cornele

809 384 2460 138 martens, & jan montac hunne packen geloft die uyt martens geconditioneert thuys

817 469 2413 107 gecregen, maer die uyt montac hebben nat int schip geworden, dat genoodtsacht

823 570 2451 139 geweest hebbe vier packen daer van te openen, & de stucken te droogen leggen, dat mij

808 652 2469 111 seer groote preseditie doet, hebbe den schipper daerover satisfactie gevraght, heeft

799 741 2428 128 daer na niet willen luysteren, hij is vertrocken sonder iets te ontfangen, de vracht be

750 844 2467 146 draeghde ƒ 20:18 hebbe hem ƒ 14: gepresenteert, soo waert dat hij bijue quarme

815 933 2394 134 om de vraght, gelieve de ƒ140015:- courant gelt te betaelen, maer oock niet

819 1030 2370 130 meerder, de schade die aen het goet is, is wel soo groodt niet maer ick soo vier

808 1108 2356 154 packen niet willen openen voor ƒ20:- uyt dat de coopers dan seggen dat het

784 1168 2448 181 verlege goet is, & stooten hien daer aen, voorders gelieve de oncost rekeninge mij cito

798 1282 1989 176 toe te senden, & in aswachtinge blijve naer Cordiale groetenisse

626 1354 1029 178 Londen Chales Ramilton

2684 1404 594 145 Adij 3 augusty 1712

816 1477 2472 190 op 28 pas was aen ul mijnen laeste waer aen mij gedraghen, sedert hebbe bij mijn

820 1606 2470 157 broeders geinformeert ontrent het  voor maeckeldey, segge dat tot noch toe sulckx

825 1665 2427 143 niet gwraght is doch geloove op het laeste vant jaer hunne rek ccourant daer

815 1797 2422 159 mede sal belast sijn, nu hebbe become ue aengename van 15 passo sien dat ue

800 1888 2429 129 persisleert om een & E iegenieten voor provisie, & instaen van brieven, dat

820 1967 2386 153 ul van opinie, dat een coopman van crediet, ofte verstant niemant soude

809 2064 2407 203 D½ durven vraghen, om dat sulckxx int gebrayck niet en is. ick ontbiede veele

833 2166 2425 175 brieven van amsterdam op londen op 2 uso, & mijn vrint is ten uyttersten content

806 2297 2395 158 met ½  provisie, & instaen, voor de brieven, voorders mr. Damel Haijs, justue

825 2373 2440 173 beche scauwen, & toeke dale, livenus de donpre, & veele andre van costij bedienen

813 2470 2421 168 hun vrinden voor ½ t voor provisie, & instaen van brieven, dat sijn nochtans

824 2559 2359 184 luyden van credit en verstant, mons daniel haijs heeft mij self over 2 a 3

832 2662 2423 160 jaeren voor die prijs bedient, en hadde ue het selve niet willen doen soo hadde ue

804 2773 2441 158 de £400:- nu in den eotchequen geleght sijn, niet moeten trecken, om ue met

821 2867 2379 151 mijnen van 7 pasto, als geordoneert hadde st £400:- te trecken om retou

833 2941 2442 166 ren te laten comen wel, duydelijckx geschreven hebben dat niet in als ½ de voor

824 3064 2418 172 provisie  & instaen van brieven geven souden, soo laet mij weeten wat ue gesinh

818 3142 2453 182 eyt sijn sal, soo ue niet doen wilt gelijck genoteert, dal andre mesures nemen

826 3263 2435 159 als ue de st £400:- getrocken heeft, is mijn broeden ter selve dage betrocke

832 3316 2455 219 geweest a 32:9, in afwachtinge D'eere dan ue antwooort blijve naer groetenisse

587 3412 894 147 Mechelen Jacobus Pardaens

2694 3481 550 117 Adij 5 augustj 1712

826 3557 2419 124 ul. seer aengenaeme van twee desen wel antfangegaen baneeens een agsignatie

814 3633 2418 105 op den bode hejmans van voertigh ponden seven schellinge, & a grooten, gaeen

806 3686 2466 138 ditto op mijn broeden Pedro melijn van negenndertigh ponden, negenthien

832 3761 2410 184 schellinge, & 9 grooten maeckende samen maeckende £80:7:6 en die dienen

830 3872 2386 164 in voldoeninge tot twingh july sevent heer hondert twaelf, dat soo gust

822 3954 2352 132 mede dacont hebbe bevonden soo dient dese voor quitantie, bedancke ue

826 4061 2442 122 hertelijck voor de goede betaelinge hebbe het sue e sarge roijal p den

823 4147 2463 121 bode heijmans ontfangen doch verwondere mij dat ue dat suck weder sende

791 4239 2476 155 die schade die daer aen is heeft het op de wagens gecregen, & dat de goederen

3551 198 2456 112 op den vregh krijgen dat moeten wij emmers niet vergoeden, ick sal dat noijdt connen

3540 261 2472 97 debiteren soo soude mij seer lief dat ue geliefde het selve weder te nemen sult mij ten

3528 328 2453 148 uijttersten verobligeren ue kan dat met uyt snyden beter deliteren, & tot wijnigh veliet ben

3529 382 2491 163 te vreden het verlies te dragen sal hier op antwort verwachten: ick wil niet twijfelen

3518 480 2480 149 oft ue heeft de drapeen die ue toegesonden hebbe wel ontfangen swaer in Capabel

3528 580 2036 148 ul: eenigen voorderen dinst te doen geliefe te comanderen blijve

3320 615 784 160 mon Richard Rocke

5421 661 496 142 Adij 8 augusty 1712

3534 711 2480 181 ue aengename van 16 pasto wel ontfangen, waer uyt verseaen, dat ue de remises van st £118-

3543 825 2461 154 wel opt geworden, dat ue de to geordoneerde schades sargeus, naer de 3 gesondene stalen, wel

3519 905 2486 142 sult privideren, nu wat aengaet de perpetuanen de perpetuanen, die gordoncent hebben

3522 960 2489 180 de leste gesondene bale staet noch wel gesloten, & daer is geen debit, soo sal ue voor dese

3526 1045 2491 199 de geordoneerde 30 ps laten staken, & niet toesenden, sal voorders sien, hoe de saken hier

3530 1151 2486 174 reguleren sullen, maer voltrecht mijn ordre ontrent de to schades, sargis de couleuren

3526 1229 2489 161 precies naer te comen, blijne & tijne mengelinge, & sendt soo haest mogelijckx de frac

3506 1322 2475 130 ture & stalen, om volgens te reguleren ue moet die via ostende senden wat can gaet

3510 1388 2512 139 de sarges die voor ue iek blijven liggen, ick soo danige niet vercopen moete alle lyne

3519 1460 2496 178 oyne mengelinge sijn, levendigh van couleur ul heeft mij voordesen geschreven, dat

3523 1560 2492 189 hiur vrinden sijn die soo dange saecken, van grove mengelinge, ue kan die bij mij

3520 1624 2461 183 addreseren om de selve af te halen nu ick wille wel mijn uytterste besie doen soo die

3527 1754 2413 163 aen den man helpen kan en om ue dinst te doen wat costij, pasteert ontrent de

3502 1821 2417 160 conroyen gelieve te laten weten aen die naer graetenisse blijve

3350 1891 933 167 rotterdam Dionijs verbarghe

5422 1985 594 140 Adij 8 augusty 1712

3518 2020 2490 163 ue aengenaeme van 2 deser wel ontfangen, sedert heeft schpper arnout de roij het d thee

3519 2106 2408 151 bij mij wel behandight, bedancke jul voor de genome moijte, & hebbe ue gecrediteert

3527 2170 2480 163 voor  7:54 sijnde het impost van in coop vaent selve, waer in recipockelijck

3510 2228 2487 178 dinst kan doen versoeke mij te commandere, & gelieve dingeslate voortgancx te

3530 2309 1305 184 geven & blijve naer cordiale groetenisse

3298 2356 1014 177 brussel adrianus vanden Drief

5348 2379 621 175 ad 0 puey 17165

3543 2479 2477 137 verhope ue goede thuys comste in gevolghde ue mondelinge ordre, soo sende aen ue

3525 2555 2504 184 heden ge beurtschip op brussel het packie & 164 met 15 alder beste coffees waer van

3533 2624 2488 181 ue de stalen hebt mede genomen, twijfele niet oft sullen ue wel genoeghen geven

3511 2733 2505 161 hope dat ul het facturtie, benevene het sothee welter hant is gestelt versoecke

3519 2799 2509 146 vrindelijck van het ld thee te doen behandigen aen Mejouff. de greve sult mij ten

3536 2845 2492 212 uyttersten verobligeren, & waer in reciproquelijck capabbel ben ul eenigen dinst

3510 2982 2075 163 te doen gelieve te commanderen blijve naer Cordiale groetenisse

3313 3024 900 156 msserde franciseo Roussau

5405 3094 568 125 Adij 11 auguscy 1112

3485 3150 2540 150 ue seer aengenaeme van 29 passt benevens den seconden brief van de st  138:8 se wel

3531 3220 2485 198 ontfangen gisteren hebbe brieven van londen becomen waermede de wissel gemonteert

3526 3280 2493 180 af quan, te weten op costj 33: 8 a 9 & op hier 33:7 a 8 en heden waere hier geene brieve

3521 3369 2474 182 te becomen onder de 33:1en soo versoeke van mij st £200 toe te senden in twee brie

3522 3465 2465 184 ven een lacht oft thien daer bove daer is niet aengelegen  gelieve de weirde op

3519 3540 2492 200 sight p casse op mij te trecken, doet als voor ue ejgen, versoeke van mijn intrest

3518 3612 2496 205 waer te nemen doch soo niet wel ten rechte houde graken gelieve cito doenelijck tes

3526 3708 1946 155 laten weten maswachtinge blijve met offres van mijnen Dinste

3342 3749 1059 181 brugge. Gillis van Coppeno Cle

5354 3867 649 122 Ady 12 augusty 1712

3530 3883 2498 197 ue seer aengename van 6 deser met de oncost rekeninge van de vjsthien ballotten

3517 3937 2482 231 wel ontfangen die hebbe naer gesien, & accordt bevonden, doch ue heeft voor

3512 4033 2481 183 het baeltie  179 alteveel gestelt, & bevinde volgens mijne notie tsamen met

3531 4095 1462 189 N 169: 170:177:178: voor heent in plaets van

5199 4177 708 139 ƒ87: maer moet sijn

3510 4220 1145 150 £81:04 voor convoij in plaets van

5215 4287 259 78 „58:8

5183 4287 712 162 122:8 ƒ132:19
