<?xml version="1.0" encoding="UTF-8"?>
<alto xmlns:xsi="http://www.w3.org/2001/XMLSchema-instance"
      xmlns="http://www.loc.gov/standards/alto/ns-v4#"
      xmlns:page="http://schema.primaresearch.org/PAGE/gts/pagecontent/2013-07-15"
      xsi:schemaLocation="http://www.loc.gov/standards/alto/ns-v4# https://www.loc.gov/standards/alto/v4/alto.xsd">
   <Description>
      <MeasurementUnit>pixel</MeasurementUnit>
      <OCRProcessing ID="IdOcr">
         <ocrProcessingStep>
            <processingDateTime>2022-02-11T21:38:34.241+01:00</processingDateTime>
            <processingSoftware>
               <softwareCreator>READ COOP</softwareCreator>
               <softwareName>Transkribus</softwareName>
            </processingSoftware>
         </ocrProcessingStep>
      </OCRProcessing>
   </Description>
   <Layout>
      <Page ID="Page1" PHYSICAL_IMG_NR="1" HEIGHT="4665" WIDTH="8296">
         <TopMargin HEIGHT="0" WIDTH="8296" VPOS="0" HPOS="0"/>
         <LeftMargin HEIGHT="4665" WIDTH="0" VPOS="0" HPOS="0"/>
         <RightMargin HEIGHT="4665" WIDTH="0" VPOS="0" HPOS="8296"/>
         <BottomMargin HEIGHT="0" WIDTH="8296" VPOS="4665" HPOS="0"/>
         <PrintSpace HEIGHT="4665" WIDTH="8296" VPOS="0" HPOS="0">
            <TextBlock ID="region_1643959189331_352"
                       HEIGHT="4339"
                       WIDTH="2686"
                       VPOS="171"
                       HPOS="645">
               <Shape>
                  <Polygon POINTS="645,171 3331,171 3331,4510 645,4510"/>
               </Shape>
               <TextLine ID="region_1643959189331_352l1"
                         BASELINE="2728,310 2753,309 2779,308 2804,307 2830,304 2855,304 2881,302 2906,301 2932,299 2957,298 2983,297 3008,296 3034,296 3059,296 3085,296 3110,298 3136,300 3161,301 3187,303 3212,306 3238,310"
                         HEIGHT="129"
                         WIDTH="544"
                         VPOS="222"
                         HPOS="2710">
                  <String ID="string_region_1643959189331_352l1"
                          HEIGHT="129"
                          WIDTH="544"
                          VPOS="222"
                          HPOS="2710"
                          CONTENT="Adij pm sber 1713"/>
               </TextLine>
               <TextLine ID="region_1643959189331_352l2"
                         BASELINE="776,346 812,340 849,334 885,331 922,325 958,322 995,319 1031,317 1068,316 1104,314 1141,313 1177,312 1214,312 1250,312 1287,312 1323,312 1360,312 1396,312 1433,311 1469,310 1506,310"
                         HEIGHT="173"
                         WIDTH="766"
                         VPOS="238"
                         HPOS="757">
                  <String ID="string_region_1643959189331_352l2"
                          HEIGHT="173"
                          WIDTH="766"
                          VPOS="238"
                          HPOS="757"
                          CONTENT="bergen francois Caiaus"/>
               </TextLine>
               <TextLine ID="region_1643959189331_352l3"
                         BASELINE="958,424 1072,422 1187,422 1302,419 1417,417 1532,414 1646,412 1761,410 1876,406 1991,404 2106,400 2220,398 2335,395 2450,392 2565,390 2680,386 2794,384 2909,382 3024,380 3139,378 3254,376"
                         HEIGHT="151"
                         WIDTH="2327"
                         VPOS="308"
                         HPOS="941">
                  <String ID="string_region_1643959189331_352l3"
                          HEIGHT="151"
                          WIDTH="2327"
                          VPOS="308"
                          HPOS="941"
                          CONTENT="Celle pour vous adviser, que ie vous ay envoyez a hier, p le messaqies jonaert "/>
               </TextLine>
               <TextLine ID="region_1643959189331_352l4"
                         BASELINE="956,512 1070,512 1185,510 1299,508 1414,506 1528,504 1643,500 1757,496 1872,492 1986,489 2101,484 2215,480 2330,476 2444,471 2559,468 2673,463 2788,460 2902,456 3017,454 3131,450 3246,448"
                         HEIGHT="148"
                         WIDTH="2323"
                         VPOS="397"
                         HPOS="938">
                  <String ID="string_region_1643959189331_352l4"
                          HEIGHT="148"
                          WIDTH="2323"
                          VPOS="397"
                          HPOS="938"
                          CONTENT="les deux pieces perpetuaen, que vre grace at chosie chez moy, ils sont tres"/>
               </TextLine>
               <TextLine ID="region_1643959189331_352l5"
                         BASELINE="954,608 1071,610 1188,610 1305,610 1422,607 1540,604 1657,600 1774,596 1891,591 2008,584 2126,580 2243,573 2360,568 2477,562 2594,556 2712,550 2829,546 2946,542 3063,539 3180,536 3298,536"
                         HEIGHT="177"
                         WIDTH="2379"
                         VPOS="458"
                         HPOS="936">
                  <String ID="string_region_1643959189331_352l5"
                          HEIGHT="177"
                          WIDTH="2379"
                          VPOS="458"
                          HPOS="936"
                          CONTENT="bien conditione &amp; blance ainsij ie ne doutte pas, que vous serez tres content"/>
               </TextLine>
               <TextLine ID="region_1643959189331_352l6"
                         BASELINE="952,700 1062,698 1172,698 1283,696 1393,693 1504,691 1614,688 1724,686 1835,682 1945,679 2056,676 2166,671 2276,668 2387,663 2497,657 2608,652 2718,645 2828,640 2939,633 3049,625 3160,618"
                         HEIGHT="206"
                         WIDTH="2239"
                         VPOS="574"
                         HPOS="934">
                  <String ID="string_region_1643959189331_352l6"
                          HEIGHT="206"
                          WIDTH="2239"
                          VPOS="574"
                          HPOS="934"
                          CONTENT="&amp; que cepieces vous feront du plaisir il vous plaire, me crediter pour"/>
               </TextLine>
               <TextLine ID="region_1643959189331_352l7"
                         BASELINE="2634,746 2664,747 2695,748 2725,748 2756,748 2786,748 2817,748 2847,748 2878,747 2908,746 2939,745 2969,744 3000,742 3030,742 3061,742 3091,742 3122,742 3152,743 3183,744 3213,747 3244,750"
                         HEIGHT="185"
                         WIDTH="640"
                         VPOS="633"
                         HPOS="2619">
                  <String ID="string_region_1643959189331_352l7"
                          HEIGHT="185"
                          WIDTH="640"
                          VPOS="633"
                          HPOS="2619"
                          CONTENT="ƒ 46:- ƒ 92:-"/>
               </TextLine>
               <TextLine ID="region_1643959189331_352l8"
                         BASELINE="1270,790 1312,790 1355,788 1397,786 1440,786 1483,786 1525,784 1568,784 1610,784 1653,784 1696,782 1738,782 1781,782 1823,780 1866,780 1909,778 1951,777 1994,776 2036,774 2079,772 2122,768"
                         HEIGHT="145"
                         WIDTH="884"
                         VPOS="686"
                         HPOS="1253">
                  <String ID="string_region_1643959189331_352l8"
                          HEIGHT="145"
                          WIDTH="884"
                          VPOS="686"
                          HPOS="1253"
                          CONTENT="½ peeces de perpet. blanchie "/>
               </TextLine>
               <TextLine ID="region_1643959189331_352l9"
                         BASELINE="962,882 1071,884 1181,884 1291,884 1401,884 1511,882 1620,882 1730,880 1840,877 1950,874 2060,871 2169,868 2279,864 2389,860 2499,855 2609,851 2718,847 2828,842 2938,838 3048,834 3158,830"
                         HEIGHT="184"
                         WIDTH="2229"
                         VPOS="746"
                         HPOS="945">
                  <String ID="string_region_1643959189331_352l9"
                          HEIGHT="184"
                          WIDTH="2229"
                          VPOS="746"
                          HPOS="945"
                          CONTENT="en argent de change, &amp; s'il y a d'autre chose, a vre service ayez la "/>
               </TextLine>
               <TextLine ID="region_1643959189331_352l10"
                         BASELINE="966,974 1082,976 1199,978 1316,978 1432,978 1549,976 1666,974 1782,971 1899,967 2016,964 2133,960 2249,956 2366,950 2483,946 2599,942 2716,938 2833,934 2949,929 3066,925 3183,922 3300,920"
                         HEIGHT="136"
                         WIDTH="2365"
                         VPOS="867"
                         HPOS="950">
                  <String ID="string_region_1643959189331_352l10"
                          HEIGHT="136"
                          WIDTH="2365"
                          VPOS="867"
                          HPOS="950"
                          CONTENT="bonte, de me commander celuy, qui a l'honneur d'estre tres cuncerement"/>
               </TextLine>
               <TextLine ID="region_1643959189331_352l11"
                         BASELINE="2806,1092 2831,1092 2856,1094 2881,1094 2906,1094 2931,1093 2956,1092 2982,1092 3007,1090 3032,1090 3057,1088 3082,1087 3107,1086 3132,1085 3158,1082"
                         HEIGHT="178"
                         WIDTH="387"
                         VPOS="953"
                         HPOS="2787">
                  <String ID="string_region_1643959189331_352l11"
                          HEIGHT="178"
                          WIDTH="387"
                          VPOS="953"
                          HPOS="2787"
                          CONTENT="Adij p. sber"/>
               </TextLine>
               <TextLine ID="region_1643959189331_352l12"
                         BASELINE="782,1118 819,1114 856,1111 893,1108 930,1104 967,1102 1004,1098 1041,1096 1078,1094 1115,1091 1152,1090 1189,1088 1226,1086 1263,1086 1300,1084 1337,1082 1374,1082 1411,1080 1448,1080 1485,1080 1522,1078"
                         HEIGHT="196"
                         WIDTH="777"
                         VPOS="969"
                         HPOS="760">
                  <String ID="string_region_1643959189331_352l12"
                          HEIGHT="196"
                          WIDTH="777"
                          VPOS="969"
                          HPOS="760"
                          CONTENT="Berge C:H: iaigh"/>
               </TextLine>
               <TextLine ID="region_1643959189331_352l13"
                         BASELINE="1822,1146 1848,1148 1875,1145 1902,1142"
                         HEIGHT="106"
                         WIDTH="114"
                         VPOS="1058"
                         HPOS="1803">
                  <String ID="string_region_1643959189331_352l13"
                          HEIGHT="106"
                          WIDTH="114"
                          VPOS="1058"
                          HPOS="1803"
                          CONTENT="me"/>
               </TextLine>
               <TextLine ID="region_1643959189331_352l14"
                         BASELINE="990,1194 1102,1196 1214,1196 1326,1196 1439,1194 1551,1194 1663,1191 1776,1188 1888,1186 2000,1182 2113,1179 2225,1176 2337,1172 2449,1168 2562,1165 2674,1162 2786,1160 2899,1156 3011,1154 3123,1153 3236,1152"
                         HEIGHT="175"
                         WIDTH="2282"
                         VPOS="1056"
                         HPOS="972">
                  <String ID="string_region_1643959189331_352l14"
                          HEIGHT="175"
                          WIDTH="2282"
                          VPOS="1056"
                          HPOS="972"
                          CONTENT="Ensuite a vre ordre du 29 passé ie vous ay envoyez her p le messagier"/>
               </TextLine>
               <TextLine ID="region_1643959189331_352l15"
                         BASELINE="986,1270 1098,1272 1210,1275 1322,1276 1435,1276 1547,1276 1659,1276 1772,1274 1884,1272 1996,1270 2109,1266 2221,1263 2333,1260 2445,1256 2558,1252 2670,1249 2782,1246 2895,1242 3007,1240 3119,1238 3232,1236"
                         HEIGHT="149"
                         WIDTH="2277"
                         VPOS="1161"
                         HPOS="970">
                  <String ID="string_region_1643959189331_352l15"
                          HEIGHT="149"
                          WIDTH="2277"
                          VPOS="1161"
                          HPOS="970"
                          CONTENT="fonard une piece de perpet. noir du prix de quarante huit florins de"/>
               </TextLine>
               <TextLine ID="region_1643959189331_352l16"
                         BASELINE="980,1344 1087,1348 1195,1350 1303,1352 1411,1354 1519,1354 1627,1354 1735,1352 1843,1352 1951,1350 2059,1347 2166,1344 2274,1341 2382,1338 2490,1334 2598,1329 2706,1326 2814,1321 2922,1317 3030,1312 3138,1308"
                         HEIGHT="115"
                         WIDTH="2189"
                         VPOS="1260"
                         HPOS="965">
                  <String ID="string_region_1643959189331_352l16"
                          HEIGHT="115"
                          WIDTH="2189"
                          VPOS="1260"
                          HPOS="965"
                          CONTENT="change qui est fine &amp; bien couverte  ne doubtant point, que vous"/>
               </TextLine>
               <TextLine ID="region_1643959189331_352l17"
                         BASELINE="958,1434 1071,1436 1184,1436 1297,1438 1410,1438 1524,1436 1637,1436 1750,1434 1863,1432 1976,1428 2090,1426 2203,1422 2316,1419 2429,1414 2542,1411 2656,1407 2769,1402 2882,1399 2995,1394 3108,1390 3222,1386"
                         HEIGHT="220"
                         WIDTH="2293"
                         VPOS="1261"
                         HPOS="941">
                  <String ID="string_region_1643959189331_352l17"
                          HEIGHT="220"
                          WIDTH="2293"
                          VPOS="1261"
                          HPOS="941"
                          CONTENT="ferez tres satisfait paisque touttes sortes des marchandises sont monse"/>
               </TextLine>
               <TextLine ID="region_1643959189331_352l18"
                         BASELINE="950,1516 1066,1520 1182,1523 1298,1524 1414,1526 1531,1526 1647,1524 1763,1522 1879,1520 1995,1516 2112,1514 2228,1510 2344,1506 2460,1502 2576,1498 2693,1494 2809,1490 2925,1488 3041,1484 3157,1482 3274,1482"
                         HEIGHT="134"
                         WIDTH="2356"
                         VPOS="1390"
                         HPOS="933">
                  <String ID="string_region_1643959189331_352l18"
                          HEIGHT="134"
                          WIDTH="2356"
                          VPOS="1390"
                          HPOS="933"
                          CONTENT="bek de 12xc. &amp; que ie vous je vous donne cette ps comme du bounne"/>
               </TextLine>
               <TextLine ID="region_1643959189331_352l19"
                         BASELINE="974,1600 1080,1607 1187,1612 1293,1616 1400,1618 1506,1618 1613,1618 1719,1617 1826,1614 1932,1612 2039,1608 2145,1604 2252,1600 2358,1594 2465,1590 2571,1585 2678,1581 2784,1578 2891,1573 2997,1571 3104,1568"
                         HEIGHT="154"
                         WIDTH="2164"
                         VPOS="1486"
                         HPOS="956">
                  <String ID="string_region_1643959189331_352l19"
                          HEIGHT="154"
                          WIDTH="2164"
                          VPOS="1486"
                          HPOS="956"
                          CONTENT="marché, je suis pourvue presentement du assortement tant en"/>
               </TextLine>
               <TextLine ID="region_1643959189331_352l20"
                         BASELINE="978,1690 1090,1696 1203,1700 1316,1704 1428,1706 1541,1708 1654,1706 1766,1706 1879,1703 1992,1700 2105,1696 2217,1692 2330,1686 2443,1682 2555,1676 2668,1672 2781,1666 2893,1660 3006,1656 3119,1650 3232,1646"
                         HEIGHT="208"
                         WIDTH="2287"
                         VPOS="1569"
                         HPOS="960">
                  <String ID="string_region_1643959189331_352l20"
                          HEIGHT="208"
                          WIDTH="2287"
                          VPOS="1569"
                          HPOS="960"
                          CONTENT="sarges d'engleterre, que perpes. sans parielles a vre service esperant"/>
               </TextLine>
               <TextLine ID="region_1643959189331_352l21"
                         BASELINE="960,1804 1075,1806 1191,1808 1307,1808 1423,1808 1539,1808 1655,1808 1771,1805 1887,1803 2003,1800 2119,1796 2234,1790 2350,1786 2466,1781 2582,1774 2698,1768 2814,1760 2930,1752 3046,1744 3162,1734 3278,1726"
                         HEIGHT="207"
                         WIDTH="2349"
                         VPOS="1653"
                         HPOS="944">
                  <String ID="string_region_1643959189331_352l21"
                          HEIGHT="207"
                          WIDTH="2349"
                          VPOS="1653"
                          HPOS="944"
                          CONTENT="l'honneur de vous voire icy pour faire, de bonne emplaits cependa nt"/>
               </TextLine>
               <TextLine ID="region_1643959189331_352l22"
                         BASELINE="970,1902 1082,1904 1195,1906 1308,1906 1421,1906 1534,1906 1646,1906 1759,1904 1872,1902 1985,1898 2098,1894 2210,1890 2323,1886 2436,1880 2549,1873 2662,1865 2774,1858 2887,1849 3000,1840 3113,1829 3226,1818"
                         HEIGHT="183"
                         WIDTH="2286"
                         VPOS="1776"
                         HPOS="953">
                  <String ID="string_region_1643959189331_352l22"
                          HEIGHT="183"
                          WIDTH="2286"
                          VPOS="1776"
                          HPOS="953"
                          CONTENT="s'il y a quelque moindre chose a vre service ayez la bonte, de me"/>
               </TextLine>
               <TextLine ID="region_1643959189331_352l23"
                         BASELINE="968,2002 1010,2000 1052,2000 1094,2000 1136,2000 1178,2000 1220,2000 1262,2000 1304,2000 1346,2000 1388,2000 1430,2000 1472,2000 1514,2000 1556,1998 1598,1998 1640,1997 1682,1995 1724,1993 1766,1990 1808,1988"
                         HEIGHT="137"
                         WIDTH="870"
                         VPOS="1918"
                         HPOS="953">
                  <String ID="string_region_1643959189331_352l23"
                          HEIGHT="137"
                          WIDTH="870"
                          VPOS="1918"
                          HPOS="953"
                          CONTENT="ommender celuy, qui est"/>
               </TextLine>
               <TextLine ID="region_1643959189331_352l24"
                         BASELINE="990,2106 1097,2110 1205,2111 1313,2112 1421,2112 1529,2112 1636,2112 1744,2110 1852,2108 1960,2106 2068,2102 2175,2098 2283,2094 2391,2090 2499,2084 2607,2079 2714,2072 2822,2066 2930,2061 3038,2054 3146,2048"
                         HEIGHT="211"
                         WIDTH="2191"
                         VPOS="1972"
                         HPOS="972">
                  <String ID="string_region_1643959189331_352l24"
                          HEIGHT="211"
                          WIDTH="2191"
                          VPOS="1972"
                          HPOS="972"
                          CONTENT="il vous bliire me rediter pour ƒ481- de change pour le piice"/>
               </TextLine>
               <TextLine ID="region_1643959189331_352l25"
                         BASELINE="978,2216 1003,2214 1028,2213 1053,2212 1078,2210 1103,2210 1128,2210 1153,2211 1178,2212 1204,2212 1229,2212 1254,2212 1279,2213 1304,2214 1329,2214 1354,2213 1379,2212 1404,2211 1430,2210"
                         HEIGHT="159"
                         WIDTH="483"
                         VPOS="2120"
                         HPOS="962">
                  <String ID="string_region_1643959189331_352l25"
                          HEIGHT="159"
                          WIDTH="483"
                          VPOS="2120"
                          HPOS="962"
                          CONTENT="perpett. predit"/>
               </TextLine>
               <TextLine ID="region_1643959189331_352l26"
                         BASELINE="2672,2358 2698,2351 2724,2344 2750,2338 2776,2335 2803,2330 2829,2327 2855,2324 2881,2322 2907,2320 2934,2319 2960,2317 2986,2316 3012,2316 3038,2314 3065,2314 3091,2314 3117,2312 3143,2311 3169,2310 3196,2308"
                         HEIGHT="182"
                         WIDTH="562"
                         VPOS="2196"
                         HPOS="2652">
                  <String ID="string_region_1643959189331_352l26"
                          HEIGHT="182"
                          WIDTH="562"
                          VPOS="2196"
                          HPOS="2652"
                          CONTENT="mo Ady 6 yber"/>
               </TextLine>
               <TextLine ID="region_1643959189331_352l27"
                         BASELINE="776,2386 810,2382 844,2379 878,2374 912,2371 947,2369 981,2366 1015,2362 1049,2359 1083,2356 1118,2353 1152,2351 1186,2348 1220,2347 1254,2344 1289,2343 1323,2342 1357,2340 1391,2340 1425,2340 1460,2340"
                         HEIGHT="187"
                         WIDTH="723"
                         VPOS="2235"
                         HPOS="754">
                  <String ID="string_region_1643959189331_352l27"
                          HEIGHT="187"
                          WIDTH="723"
                          VPOS="2235"
                          HPOS="754"
                          CONTENT="bergen D: Gallopen"/>
               </TextLine>
               <TextLine ID="region_1643959189331_352l28"
                         BASELINE="1024,2468 1131,2466 1239,2464 1347,2462 1455,2458 1563,2454 1670,2450 1778,2446 1886,2440 1994,2434 2102,2429 2209,2424 2317,2418 2425,2413 2533,2408 2641,2403 2748,2400 2856,2396 2964,2394 3072,2392 3180,2392"
                         HEIGHT="188"
                         WIDTH="2192"
                         VPOS="2295"
                         HPOS="1005">
                  <String ID="string_region_1643959189331_352l28"
                          HEIGHT="188"
                          WIDTH="2192"
                          VPOS="2295"
                          HPOS="1005"
                          CONTENT="ie trouve encor a repondre la tres aggreable vre du p suir passé pla "/>
               </TextLine>
               <TextLine ID="region_1643959189331_352l29"
                         BASELINE="1006,2542 1120,2546 1235,2548 1349,2550 1464,2549 1579,2548 1693,2544 1808,2540 1922,2536 2037,2532 2152,2526 2266,2520 2381,2515 2495,2509 2610,2503 2725,2498 2839,2492 2954,2488 3068,2484 3183,2480 3298,2478"
                         HEIGHT="187"
                         WIDTH="2324"
                         VPOS="2408"
                         HPOS="989">
                  <String ID="string_region_1643959189331_352l29"
                          HEIGHT="187"
                          WIDTH="2324"
                          VPOS="2408"
                          HPOS="989"
                          CONTENT="quelle vre grace, m'advise, que mon frere Piere me conteroit cent &amp; quarante"/>
               </TextLine>
               <TextLine ID="region_1643959189331_352l30"
                         BASELINE="994,2626 1105,2630 1217,2630 1328,2630 1440,2630 1552,2628 1663,2626 1775,2623 1886,2620 1998,2616 2110,2610 2221,2606 2333,2600 2444,2596 2556,2590 2668,2584 2779,2579 2891,2574 3002,2569 3114,2565 3226,2560"
                         HEIGHT="147"
                         WIDTH="2264"
                         VPOS="2524"
                         HPOS="976">
                  <String ID="string_region_1643959189331_352l30"
                          HEIGHT="147"
                          WIDTH="2264"
                          VPOS="2524"
                          HPOS="976"
                          CONTENT="sept florins argent de change, qui les at satisfait leson la quittance"/>
               </TextLine>
               <TextLine ID="region_1643959189331_352l31"
                         BASELINE="974,2718 1086,2720 1198,2720 1311,2720 1423,2720 1536,2720 1648,2718 1760,2716 1873,2714 1985,2712 2098,2708 2210,2704 2322,2701 2435,2696 2547,2690 2660,2684 2772,2678 2884,2670 2997,2662 3109,2654 3222,2644"
                         HEIGHT="225"
                         WIDTH="2282"
                         VPOS="2568"
                         HPOS="956">
                  <String ID="string_region_1643959189331_352l31"
                          HEIGHT="225"
                          WIDTH="2282"
                          VPOS="2568"
                          HPOS="956"
                          CONTENT="que ie luy ay donne ainsij selon vre demande, cette vous servire de "/>
               </TextLine>
               <TextLine ID="region_1643959189331_352l32"
                         BASELINE="1002,2810 1112,2813 1223,2814 1333,2814 1444,2814 1555,2814 1665,2814 1776,2812 1886,2810 1997,2808 2108,2804 2218,2802 2329,2798 2439,2794 2550,2790 2661,2786 2771,2782 2882,2778 2992,2772 3103,2768 3214,2762"
                         HEIGHT="149"
                         WIDTH="2243"
                         VPOS="2713"
                         HPOS="986">
                  <String ID="string_region_1643959189331_352l32"
                          HEIGHT="149"
                          WIDTH="2243"
                          VPOS="2713"
                          HPOS="986"
                          CONTENT="quittance absolue ie ne doubt pas que vre grace est informe, que a"/>
               </TextLine>
               <TextLine ID="region_1643959189331_352l33"
                         BASELINE="994,2896 1101,2898 1208,2900 1316,2902 1423,2902 1531,2902 1638,2902 1745,2902 1853,2900 1960,2899 2068,2896 2175,2894 2282,2890 2390,2886 2497,2882 2605,2878 2712,2872 2819,2867 2927,2862 3034,2856 3142,2848"
                         HEIGHT="147"
                         WIDTH="2181"
                         VPOS="2791"
                         HPOS="979">
                  <String ID="string_region_1643959189331_352l33"
                          HEIGHT="147"
                          WIDTH="2181"
                          VPOS="2791"
                          HPOS="979"
                          CONTENT="sortes des marchandes est monte, j'aij une assortement sans pareille"/>
               </TextLine>
               <TextLine ID="region_1643959189331_352l34"
                         BASELINE="1002,2980 1115,2986 1228,2990 1342,2993 1455,2996 1569,2996 1682,2998 1795,2997 1909,2996 2022,2994 2136,2992 2249,2988 2362,2985 2476,2981 2589,2977 2703,2972 2816,2968 2929,2962 3043,2956 3156,2952 3270,2946"
                         HEIGHT="143"
                         WIDTH="2302"
                         VPOS="2899"
                         HPOS="984">
                  <String ID="string_region_1643959189331_352l34"
                          HEIGHT="143"
                          WIDTH="2302"
                          VPOS="2899"
                          HPOS="984"
                          CONTENT="presentement chez moy tant en sarges, que en perpett. noir let blanchie"/>
               </TextLine>
               <TextLine ID="region_1643959189331_352l35"
                         BASELINE="998,3086 1111,3088 1224,3090 1337,3092 1450,3092 1564,3092 1677,3092 1790,3092 1903,3090 2016,3088 2130,3086 2243,3082 2356,3080 2469,3076 2582,3071 2696,3066 2809,3060 2922,3055 3035,3048 3148,3040 3262,3032"
                         HEIGHT="164"
                         WIDTH="2297"
                         VPOS="2967"
                         HPOS="982">
                  <String ID="string_region_1643959189331_352l35"
                          HEIGHT="164"
                          WIDTH="2297"
                          VPOS="2967"
                          HPOS="982"
                          CONTENT="pour les perpett. je vous peut encor servir, comme au temps du bonne"/>
               </TextLine>
               <TextLine ID="region_1643959189331_352l36"
                         BASELINE="1002,3172 1112,3176 1223,3178 1333,3180 1444,3180 1555,3180 1665,3180 1776,3180 1886,3178 1997,3176 2108,3173 2218,3170 2329,3166 2439,3162 2550,3159 2661,3153 2771,3149 2882,3144 2992,3139 3103,3134 3214,3128"
                         HEIGHT="169"
                         WIDTH="2242"
                         VPOS="3069"
                         HPOS="987">
                  <String ID="string_region_1643959189331_352l36"
                          HEIGHT="169"
                          WIDTH="2242"
                          VPOS="3069"
                          HPOS="987"
                          CONTENT="marche j'avois fairt venir des bons provisions auissij ie souhaitray"/>
               </TextLine>
               <TextLine ID="region_1643959189331_352l37"
                         BASELINE="1018,3272 1132,3274 1246,3275 1361,3276 1475,3276 1590,3274 1704,3272 1818,3271 1933,3268 2047,3265 2162,3262 2276,3258 2390,3254 2505,3250 2619,3246 2734,3242 2848,3237 2962,3233 3077,3230 3191,3226 3306,3222"
                         HEIGHT="196"
                         WIDTH="2319"
                         VPOS="3135"
                         HPOS="1002">
                  <String ID="string_region_1643959189331_352l37"
                          HEIGHT="196"
                          WIDTH="2319"
                          VPOS="3135"
                          HPOS="1002"
                          CONTENT="que vre grace m'lonnoroit d'an en demander quelques piices soit de lun"/>
               </TextLine>
               <TextLine ID="region_1643959189331_352l38"
                         BASELINE="1014,3364 1127,3366 1240,3366 1353,3366 1466,3366 1579,3364 1692,3364 1805,3362 1918,3360 2031,3358 2144,3354 2257,3352 2370,3348 2483,3344 2596,3342 2709,3338 2822,3334 2935,3330 3048,3326 3161,3323 3274,3318"
                         HEIGHT="126"
                         WIDTH="2294"
                         VPOS="3271"
                         HPOS="997">
                  <String ID="string_region_1643959189331_352l38"
                          HEIGHT="126"
                          WIDTH="2294"
                          VPOS="3271"
                          HPOS="997"
                          CONTENT="on de l'autre soyez persuadez mons. que ie vous servire &amp; toupuis"/>
               </TextLine>
               <TextLine ID="region_1643959189331_352l39"
                         BASELINE="998,3470 1088,3469 1178,3468 1268,3468 1358,3468 1448,3466 1538,3466 1628,3466 1718,3464 1808,3464 1898,3462 1988,3460 2078,3458 2168,3456 2258,3452 2348,3449 2438,3444 2528,3439 2618,3434 2708,3427 2798,3420"
                         HEIGHT="146"
                         WIDTH="1836"
                         VPOS="3365"
                         HPOS="979">
                  <String ID="string_region_1643959189331_352l39"
                          HEIGHT="146"
                          WIDTH="1836"
                          VPOS="3365"
                          HPOS="979"
                          CONTENT="fres sidellement &amp; suis de tous mon coeur "/>
               </TextLine>
               <TextLine ID="region_1643959189331_352l40"
                         BASELINE="2646,3562 2676,3559 2707,3556 2738,3554 2769,3550 2800,3546 2830,3543 2861,3542 2892,3538 2923,3535 2954,3533 2984,3530 3015,3528 3046,3526 3077,3524 3108,3522 3138,3520 3169,3520 3200,3518 3231,3517 3262,3516"
                         HEIGHT="166"
                         WIDTH="659"
                         VPOS="3431"
                         HPOS="2622">
                  <String ID="string_region_1643959189331_352l40"
                          HEIGHT="166"
                          WIDTH="659"
                          VPOS="3431"
                          HPOS="2622"
                          CONTENT="Ady 2 sber 1723"/>
               </TextLine>
               <TextLine ID="region_1643959189331_352l41"
                         BASELINE="850,3604 884,3601 919,3597 953,3595 988,3593 1023,3590 1057,3588 1092,3588 1126,3586 1161,3586 1196,3586 1230,3586 1265,3585 1299,3584 1334,3584 1369,3584 1403,3584 1438,3582 1472,3580 1507,3578 1542,3576"
                         HEIGHT="169"
                         WIDTH="725"
                         VPOS="3467"
                         HPOS="833">
                  <String ID="string_region_1643959189331_352l41"
                          HEIGHT="169"
                          WIDTH="725"
                          VPOS="3467"
                          HPOS="833"
                          CONTENT="Liverton Johnn epcott"/>
               </TextLine>
               <TextLine ID="region_1643959189331_352l42"
                         BASELINE="1002,3678 1115,3676 1228,3676 1341,3674 1455,3672 1568,3672 1681,3670 1795,3670 1908,3668 2021,3666 2135,3664 2248,3662 2361,3658 2474,3656 2588,3652 2701,3646 2814,3641 2928,3636 3041,3627 3154,3620 3268,3610"
                         HEIGHT="178"
                         WIDTH="2299"
                         VPOS="3547"
                         HPOS="986">
                  <String ID="string_region_1643959189331_352l42"
                          HEIGHT="178"
                          WIDTH="2299"
                          VPOS="3547"
                          HPOS="986"
                          CONTENT="ue aengename van 12 nas wel ontfanghen in antwoort ter wijlen de"/>
               </TextLine>
               <TextLine ID="region_1643959189331_352l43"
                         BASELINE="1010,3768 1124,3768 1239,3766 1353,3766 1468,3766 1583,3764 1697,3764 1812,3762 1926,3762 2041,3760 2156,3758 2270,3756 2385,3752 2499,3749 2614,3744 2729,3740 2843,3735 2958,3728 3072,3722 3187,3713 3302,3706"
                         HEIGHT="178"
                         WIDTH="2324"
                         VPOS="3638"
                         HPOS="992">
                  <String ID="string_region_1643959189331_352l43"
                          HEIGHT="178"
                          WIDTH="2324"
                          VPOS="3638"
                          HPOS="992"
                          CONTENT="negotie soo sleght is, &amp; datter niets te debiteren is, soo hebbe geene sacqet"/>
               </TextLine>
               <TextLine ID="region_1643959189331_352l44"
                         BASELINE="1004,3864 1117,3862 1231,3860 1344,3859 1458,3858 1571,3856 1685,3856 1798,3854 1912,3854 2025,3852 2139,3850 2252,3848 2366,3845 2479,3842 2593,3838 2706,3834 2820,3828 2933,3822 3047,3815 3160,3807 3274,3798"
                         HEIGHT="160"
                         WIDTH="2304"
                         VPOS="3747"
                         HPOS="986">
                  <String ID="string_region_1643959189331_352l44"
                          HEIGHT="160"
                          WIDTH="2304"
                          VPOS="3747"
                          HPOS="986"
                          CONTENT="voor het eerste convoij noodighen, want ben noch al te wel voorsen"/>
               </TextLine>
               <TextLine ID="region_1643959189331_352l45"
                         BASELINE="998,3956 1108,3956 1218,3956 1328,3956 1438,3954 1548,3954 1658,3952 1768,3950 1878,3949 1988,3947 2099,3945 2209,3942 2319,3940 2429,3936 2539,3932 2649,3929 2759,3925 2869,3920 2979,3916 3089,3911 3200,3906"
                         HEIGHT="179"
                         WIDTH="2234"
                         VPOS="3817"
                         HPOS="981">
                  <String ID="string_region_1643959189331_352l45"
                          HEIGHT="179"
                          WIDTH="2234"
                          VPOS="3817"
                          HPOS="981"
                          CONTENT="&amp; ue balen 50:71. sijn noch geheel, soo laet ue sonlidereren de"/>
               </TextLine>
               <TextLine ID="region_1643959189331_352l46"
                         BASELINE="1012,4056 1127,4052 1242,4050 1358,4048 1473,4046 1589,4044 1704,4044 1819,4042 1935,4042 2050,4040 2166,4040 2281,4038 2396,4036 2512,4034 2627,4032 2743,4027 2858,4023 2973,4017 3089,4011 3204,4002 3320,3992"
                         HEIGHT="226"
                         WIDTH="2344"
                         VPOS="3899"
                         HPOS="994">
                  <String ID="string_region_1643959189331_352l46"
                          HEIGHT="226"
                          WIDTH="2344"
                          VPOS="3899"
                          HPOS="994"
                          CONTENT="gestertenisse van den tijt. dhaer henrico van haire die en langhs gettert"/>
               </TextLine>
               <TextLine ID="region_1643959189331_352l47"
                         BASELINE="1008,4148 1119,4146 1230,4144 1341,4142 1452,4140 1564,4140 1675,4140 1786,4138 1897,4138 2008,4138 2120,4137 2231,4136 2342,4134 2453,4132 2564,4130 2676,4128 2787,4124 2898,4120 3009,4114 3120,4108 3232,4100"
                         HEIGHT="186"
                         WIDTH="2255"
                         VPOS="4025"
                         HPOS="993">
                  <String ID="string_region_1643959189331_352l47"
                          HEIGHT="186"
                          WIDTH="2255"
                          VPOS="4025"
                          HPOS="993"
                          CONTENT="y dede groote affaires un perpet: &amp; twijfele oft hy de va ue"/>
               </TextLine>
               <TextLine ID="region_1643959189331_352l48"
                         BASELINE="1006,4246 1114,4245 1223,4244 1331,4242 1440,4240 1549,4239 1657,4238 1766,4236 1874,4234 1983,4234 2092,4232 2200,4231 2309,4230 2417,4228 2526,4226 2635,4225 2743,4224 2852,4222 2960,4220 3069,4218 3178,4214"
                         HEIGHT="132"
                         WIDTH="2206"
                         VPOS="4134"
                         HPOS="989">
                  <String ID="string_region_1643959189331_352l48"
                          HEIGHT="132"
                          WIDTH="2206"
                          VPOS="4134"
                          HPOS="989"
                          CONTENT="ontbode, hadde maer 4 a 5 sortens soo welloste wel te weeten"/>
               </TextLine>
               <TextLine ID="region_1643959189331_352l49"
                         BASELINE="1026,4340 1138,4338 1251,4338 1363,4336 1476,4334 1588,4334 1701,4332 1813,4330 1926,4328 2038,4326 2151,4324 2263,4324 2376,4322 2488,4320 2601,4318 2713,4318 2826,4316 2938,4314 3051,4314 3163,4314 3276,4312"
                         HEIGHT="132"
                         WIDTH="2280"
                         VPOS="4224"
                         HPOS="1011">
                  <String ID="string_region_1643959189331_352l49"
                          HEIGHT="132"
                          WIDTH="2280"
                          VPOS="4224"
                          HPOS="1011"
                          CONTENT="van wat mijn hij van ue vraeghde sout dan nar advenant"/>
               </TextLine>
               <TextLine ID="region_1643959189331_352l50"
                         BASELINE="1024,4442 1138,4442 1252,4440 1367,4438 1481,4436 1596,4434 1710,4432 1824,4428 1939,4426 2053,4422 2168,4420 2282,4416 2396,4414 2511,4412 2625,4412 2740,4410 2854,4410 2968,4410 3083,4412 3197,4414 3312,4418"
                         HEIGHT="184"
                         WIDTH="2319"
                         VPOS="4304"
                         HPOS="1006">
                  <String ID="string_region_1643959189331_352l50"
                          HEIGHT="184"
                          WIDTH="2319"
                          VPOS="4304"
                          HPOS="1006"
                          CONTENT="van ue wil eenige ontbredten tot in gruven ue antwoort vermestedn"/>
               </TextLine>
            </TextBlock>
            <TextBlock ID="region_1643959193362_355"
                       HEIGHT="4361"
                       WIDTH="2658"
                       VPOS="138"
                       HPOS="3364">
               <Shape>
                  <Polygon POINTS="3364,138 6022,138 6022,4499 3364,4499"/>
               </Shape>
               <TextLine ID="region_1643959193362_355l1"
                         BASELINE="5468,292 5493,290 5519,287 5545,285 5570,283 5596,280 5622,280 5647,277 5673,276 5699,275 5725,274 5750,273 5776,272 5802,272 5827,272 5853,272 5879,272 5904,272 5930,272 5956,273 5982,274"
                         HEIGHT="148"
                         WIDTH="545"
                         VPOS="210"
                         HPOS="5452">
                  <String ID="string_region_1643959193362_355l1"
                          HEIGHT="148"
                          WIDTH="545"
                          VPOS="210"
                          HPOS="5452"
                          CONTENT="Adij 4 sber 172"/>
               </TextLine>
               <TextLine ID="region_1643959193362_355l2"
                         BASELINE="3424,324 3464,316 3505,309 3546,302 3587,298 3628,294 3669,292 3710,290 3751,288 3792,286 3833,286 3873,286 3914,286 3955,286 3996,286 4037,286 4078,286 4119,286 4160,284 4201,284 4242,282"
                         HEIGHT="152"
                         WIDTH="850"
                         VPOS="200"
                         HPOS="3407">
                  <String ID="string_region_1643959193362_355l2"
                          HEIGHT="152"
                          WIDTH="850"
                          VPOS="200"
                          HPOS="3407"
                          CONTENT="ath Jaen Ba L'olivier"/>
               </TextLine>
               <TextLine ID="region_1643959193362_355l3"
                         BASELINE="3568,384 3687,378 3807,372 3927,369 4046,366 4166,364 4286,364 4405,364 4525,366 4645,366 4765,368 4884,370 5004,372 5124,374 5243,376 5363,377 5483,378 5602,378 5722,378 5842,378 5962,376"
                         HEIGHT="121"
                         WIDTH="2423"
                         VPOS="285"
                         HPOS="3554">
                  <String ID="string_region_1643959193362_355l3"
                          HEIGHT="121"
                          WIDTH="2423"
                          VPOS="285"
                          HPOS="3554"
                          CONTENT="j'aj bien recu l'aggreable, vre du 2 courant p la quelle je voye, que vre grace"/>
               </TextLine>
               <TextLine ID="region_1643959193362_355l4"
                         BASELINE="3554,458 3674,456 3795,453 3916,452 4036,450 4157,450 4278,450 4398,451 4519,452 4640,452 4761,454 4881,454 5002,456 5123,456 5243,458 5364,458 5485,458 5605,458 5726,458 5847,456 5968,454"
                         HEIGHT="100"
                         WIDTH="2445"
                         VPOS="380"
                         HPOS="3539">
                  <String ID="string_region_1643959193362_355l4"
                          HEIGHT="100"
                          WIDTH="2445"
                          VPOS="380"
                          HPOS="3539"
                          CONTENT="at trouve le ballots 189 de la marque y joint done, je suis bien surprisj'ay"/>
               </TextLine>
               <TextLine ID="region_1643959193362_355l5"
                         BASELINE="3550,528 3671,526 3793,526 3914,526 4036,526 4158,526 4279,528 4401,530 4522,532 4644,534 4766,536 4887,537 5009,538 5130,540 5252,542 5374,542 5495,544 5617,544 5738,544 5860,542 5982,540"
                         HEIGHT="102"
                         WIDTH="2464"
                         VPOS="460"
                         HPOS="3535">
                  <String ID="string_region_1643959193362_355l5"
                          HEIGHT="102"
                          WIDTH="2464"
                          VPOS="460"
                          HPOS="3535"
                          CONTENT="confronte mes factures &amp; ie trouve que 189 est marque comme lien suite"/>
               </TextLine>
               <TextLine ID="region_1643959193362_355l6"
                         BASELINE="3872,624 3936,622 4000,622 4064,622 4129,622 4193,622 4257,622 4322,624 4386,624 4450,626 4515,627 4579,628 4643,629 4707,630 4772,630 4836,630 4900,630 4965,630 5029,628 5093,627 5158,624"
                         HEIGHT="167"
                         WIDTH="1316"
                         VPOS="520"
                         HPOS="3857">
                  <String ID="string_region_1643959193362_355l6"
                          HEIGHT="167"
                          WIDTH="1316"
                          VPOS="520"
                          HPOS="3857"
                          CONTENT="1 ps. gaspe verde a l'estoil avec le nom"/>
               </TextLine>
               <TextLine ID="region_1643959193362_355l7"
                         BASELINE="3862,714 3899,713 3936,712 3974,712 4011,710 4049,710 4086,710 4123,709 4161,708 4198,708 4236,708 4273,708 4310,708 4348,708 4385,708 4423,710 4460,710 4497,710 4535,710 4572,710 4610,710"
                         HEIGHT="147"
                         WIDTH="777"
                         VPOS="628"
                         HPOS="3848">
                  <String ID="string_region_1643959193362_355l7"
                          HEIGHT="147"
                          WIDTH="777"
                          VPOS="628"
                          HPOS="3848"
                          CONTENT="7 ps: ditto bleuses ditto"/>
               </TextLine>
               <TextLine ID="region_1643959193362_355l8"
                         BASELINE="3854,812 3896,809 3938,807 3981,806 4023,804 4066,802 4108,802 4150,800 4193,800 4235,800 4278,800 4320,800 4362,798 4405,798 4447,798 4490,798 4532,796 4574,795 4617,794 4659,792 4702,790"
                         HEIGHT="128"
                         WIDTH="880"
                         VPOS="712"
                         HPOS="3839">
                  <String ID="string_region_1643959193362_355l8"
                          HEIGHT="128"
                          WIDTH="880"
                          VPOS="712"
                          HPOS="3839"
                          CONTENT="pp olives a l'estoil ditto"/>
               </TextLine>
               <TextLine ID="region_1643959193362_355l9"
                         BASELINE="3830,922 3919,920 4008,920 4097,918 4186,918 4276,916 4365,916 4454,914 4543,914 4632,914 4722,912 4811,912 4900,910 4989,910 5078,908 5168,906 5257,904 5346,902 5435,900 5524,896 5614,892"
                         HEIGHT="168"
                         WIDTH="1816"
                         VPOS="784"
                         HPOS="3814">
                  <String ID="string_region_1643959193362_355l9"
                          HEIGHT="168"
                          WIDTH="1816"
                          VPOS="784"
                          HPOS="3814"
                          CONTENT="15 ps. incleares supcosijns 229d, a l'esttoil avec le nom"/>
               </TextLine>
               <TextLine ID="region_1643959193362_355l10"
                         BASELINE="3570,1006 3687,1006 3805,1007 3922,1008 4040,1008 4157,1008 4275,1008 4392,1008 4510,1008 4627,1006 4745,1006 4862,1006 4980,1004 5097,1002 5215,1000 5332,998 5450,996 5567,992 5685,989 5802,984 5920,980"
                         HEIGHT="114"
                         WIDTH="2380"
                         VPOS="925"
                         HPOS="3555">
                  <String ID="string_region_1643959193362_355l10"
                          HEIGHT="114"
                          WIDTH="2380"
                          VPOS="925"
                          HPOS="3555"
                          CONTENT="ainsu il faut, que mon amis d'angleterre m'at envoyez l'une ballot pour "/>
               </TextLine>
               <TextLine ID="region_1643959193362_355l11"
                         BASELINE="3566,1090 3685,1092 3804,1092 3924,1094 4043,1094 4163,1096 4282,1096 4401,1096 4521,1096 4640,1096 4760,1094 4879,1094 4998,1092 5118,1092 5237,1090 5357,1088 5476,1086 5595,1084 5715,1080 5834,1078 5954,1074"
                         HEIGHT="117"
                         WIDTH="2420"
                         VPOS="1013"
                         HPOS="3550">
                  <String ID="string_region_1643959193362_355l11"
                          HEIGHT="117"
                          WIDTH="2420"
                          VPOS="1013"
                          HPOS="3550"
                          CONTENT="l'autre il est certain, que cette marque n'est pas de la premiere quelite"/>
               </TextLine>
               <TextLine ID="region_1643959193362_355l12"
                         BASELINE="3558,1168 3677,1172 3797,1174 3917,1176 4036,1178 4156,1180 4276,1182 4395,1182 4515,1182 4635,1182 4755,1182 4874,1182 4994,1180 5114,1178 5233,1177 5353,1174 5473,1172 5592,1170 5712,1166 5832,1164 5952,1160"
                         HEIGHT="126"
                         WIDTH="2427"
                         VPOS="1118"
                         HPOS="3541">
                  <String ID="string_region_1643959193362_355l12"
                          HEIGHT="126"
                          WIDTH="2427"
                          VPOS="1118"
                          HPOS="3541"
                          CONTENT="vous me fairaij plaisir de mes les renvoijer au platost Enfin, que ie puise"/>
               </TextLine>
               <TextLine ID="region_1643959193362_355l13"
                         BASELINE="3562,1256 3677,1258 3793,1260 3909,1262 4025,1264 4141,1264 4256,1266 4372,1268 4488,1268 4604,1268 4720,1268 4835,1268 4951,1268 5067,1266 5183,1264 5299,1262 5414,1259 5530,1256 5646,1252 5762,1246 5878,1242"
                         HEIGHT="109"
                         WIDTH="2349"
                         VPOS="1170"
                         HPOS="3545">
                  <String ID="string_region_1643959193362_355l13"
                          HEIGHT="109"
                          WIDTH="2349"
                          VPOS="1170"
                          HPOS="3545"
                          CONTENT="charser mon quarant vous avez vue qu'il at este dans le mesme grand"/>
               </TextLine>
               <TextLine ID="region_1643959193362_355l14"
                         BASELINE="3566,1342 3684,1344 3803,1346 3921,1348 4040,1350 4159,1350 4277,1352 4396,1352 4514,1352 4633,1352 4752,1352 4870,1352 4989,1352 5107,1350 5226,1350 5345,1348 5463,1346 5582,1344 5700,1342 5819,1338 5938,1336"
                         HEIGHT="118"
                         WIDTH="2405"
                         VPOS="1261"
                         HPOS="3549">
                  <String ID="string_region_1643959193362_355l14"
                          HEIGHT="118"
                          WIDTH="2405"
                          VPOS="1261"
                          HPOS="3549"
                          CONTENT="ballot avec 187 avcc 15ps espines autre je vous prie de me renvoyer "/>
               </TextLine>
               <TextLine ID="region_1643959193362_355l15"
                         BASELINE="3556,1424 3672,1426 3789,1426 3906,1428 4023,1430 4140,1432 4256,1434 4373,1436 4490,1436 4607,1438 4724,1438 4840,1440 4957,1440 5074,1440 5191,1438 5308,1438 5424,1435 5541,1432 5658,1429 5775,1424 5892,1418"
                         HEIGHT="135"
                         WIDTH="2367"
                         VPOS="1342"
                         HPOS="3541">
                  <String ID="string_region_1643959193362_355l15"
                          HEIGHT="135"
                          WIDTH="2367"
                          VPOS="1342"
                          HPOS="3541"
                          CONTENT="aussij les eschantillions du dit ballot 189 ie vous envoyerez d'autres"/>
               </TextLine>
               <TextLine ID="region_1643959193362_355l16"
                         BASELINE="3566,1510 3687,1514 3808,1516 3929,1518 4050,1520 4172,1522 4293,1524 4414,1526 4535,1528 4656,1528 4778,1530 4899,1530 5020,1530 5141,1530 5262,1530 5384,1528 5505,1526 5626,1524 5747,1522 5868,1518 5990,1514"
                         HEIGHT="106"
                         WIDTH="2454"
                         VPOS="1436"
                         HPOS="3551">
                  <String ID="string_region_1643959193362_355l16"
                          HEIGHT="106"
                          WIDTH="2454"
                          VPOS="1436"
                          HPOS="3551"
                          CONTENT="eschantillions pareilles pour choisir une autre a la place de la melieure "/>
               </TextLine>
               <TextLine ID="region_1643959193362_355l17"
                         BASELINE="3558,1604 3680,1606 3802,1608 3924,1610 4046,1612 4168,1614 4290,1616 4412,1618 4534,1618 4656,1618 4778,1620 4900,1620 5022,1620 5144,1618 5266,1618 5388,1616 5510,1616 5632,1614 5754,1611 5876,1608 5998,1606"
                         HEIGHT="139"
                         WIDTH="2471"
                         VPOS="1535"
                         HPOS="3543">
                  <String ID="string_region_1643959193362_355l17"
                          HEIGHT="139"
                          WIDTH="2471"
                          VPOS="1535"
                          HPOS="3543"
                          CONTENT="qualite a l'ettoil avec le nom. Cnfir que vre compte ne seroit pas broullie"/>
               </TextLine>
               <TextLine ID="region_1643959193362_355l18"
                         BASELINE="3558,1704 3677,1702 3796,1702 3915,1700 4034,1700 4154,1700 4273,1702 4392,1702 4511,1703 4630,1704 4750,1704 4869,1706 4988,1706 5107,1706 5226,1704 5346,1704 5465,1702 5584,1700 5703,1696 5822,1693 5942,1688"
                         HEIGHT="149"
                         WIDTH="2414"
                         VPOS="1624"
                         HPOS="3543">
                  <String ID="string_region_1643959193362_355l18"
                          HEIGHT="149"
                          WIDTH="2414"
                          VPOS="1624"
                          HPOS="3543"
                          CONTENT="en attendant l'honneur de vres reponce &amp; ie vous sallue &amp; suis de tous"/>
               </TextLine>
               <TextLine ID="region_1643959193362_355l19"
                         BASELINE="3574,1826 3602,1823 3631,1820 3660,1817 3688,1813 3717,1810 3746,1806 3774,1802 3803,1799 3832,1797 3861,1794 3889,1792 3918,1789 3947,1788 3975,1786 4004,1786 4033,1787 4061,1789 4090,1790 4119,1793 4148,1796"
                         HEIGHT="175"
                         WIDTH="613"
                         VPOS="1697"
                         HPOS="3553">
                  <String ID="string_region_1643959193362_355l19"
                          HEIGHT="175"
                          WIDTH="613"
                          VPOS="1697"
                          HPOS="3553"
                          CONTENT="mon Cour"/>
               </TextLine>
               <TextLine ID="region_1643959193362_355l20"
                         BASELINE="3566,1914 3678,1906 3791,1901 3904,1896 4016,1894 4129,1892 4242,1890 4354,1890 4467,1890 4580,1892 4693,1892 4805,1894 4918,1896 5031,1896 5143,1898 5256,1898 5369,1898 5481,1896 5594,1894 5707,1892 5820,1888"
                         HEIGHT="182"
                         WIDTH="2286"
                         VPOS="1796"
                         HPOS="3551">
                  <String ID="string_region_1643959193362_355l20"
                          HEIGHT="182"
                          WIDTH="2286"
                          VPOS="1796"
                          HPOS="3551"
                          CONTENT="je vous asseure que ce nest pas ma faute tous frais vous seront paye"/>
               </TextLine>
               <TextLine ID="region_1643959193362_355l21"
                         BASELINE="3430,2032 3473,2032 3516,2030 3559,2030 3602,2028 3645,2026 3688,2024 3731,2022 3774,2020 3817,2018 3861,2016 3904,2015 3947,2013 3990,2012 4033,2012 4076,2012 4119,2012 4162,2012 4205,2013 4248,2016 4292,2018"
                         HEIGHT="185"
                         WIDTH="893"
                         VPOS="1902"
                         HPOS="3414">
                  <String ID="string_region_1643959193362_355l21"
                          HEIGHT="185"
                          WIDTH="893"
                          VPOS="1902"
                          HPOS="3414"
                          CONTENT="gent Jan Francois Willock"/>
               </TextLine>
               <TextLine ID="region_1643959193362_355l22"
                         BASELINE="5526,2050 5552,2048 5578,2047 5605,2046 5631,2046 5657,2044 5684,2044 5710,2044 5736,2044 5763,2043 5789,2042 5815,2044 5842,2044 5868,2044 5894,2044 5921,2044 5947,2044 5974,2046"
                         HEIGHT="147"
                         WIDTH="482"
                         VPOS="1944"
                         HPOS="5508">
                  <String ID="string_region_1643959193362_355l22"
                          HEIGHT="147"
                          WIDTH="482"
                          VPOS="1944"
                          HPOS="5508"
                          CONTENT="Adij 6 sber 1713"/>
               </TextLine>
               <TextLine ID="region_1643959193362_355l23"
                         BASELINE="3556,2114 3670,2110 3784,2106 3899,2104 4013,2102 4128,2100 4242,2099 4356,2098 4471,2098 4585,2096 4700,2096 4814,2096 4928,2096 5043,2096 5157,2098 5272,2098 5386,2098 5500,2098 5615,2098 5729,2098 5844,2096"
                         HEIGHT="190"
                         WIDTH="2320"
                         VPOS="1981"
                         HPOS="3540">
                  <String ID="string_region_1643959193362_355l23"
                          HEIGHT="190"
                          WIDTH="2320"
                          VPOS="1981"
                          HPOS="3540"
                          CONTENT="sende aen ue heden p waegens een pack gemarckt. I.V:B. om te volgen"/>
               </TextLine>
               <TextLine ID="region_1643959193362_355l24"
                         BASELINE="3508,2188 3632,2188 3757,2188 3882,2190 4006,2190 4131,2190 4256,2190 4380,2190 4505,2190 4630,2190 4755,2188 4879,2188 5004,2188 5129,2186 5253,2184 5378,2184 5503,2182 5627,2180 5752,2176 5877,2174 6002,2170"
                         HEIGHT="205"
                         WIDTH="2524"
                         VPOS="2038"
                         HPOS="3493">
                  <String ID="string_region_1643959193362_355l24"
                          HEIGHT="205"
                          WIDTH="2524"
                          VPOS="2038"
                          HPOS="3493"
                          CONTENT="D'ordre van mejouss de wed: Brreta van Dorninck sijnde droogh &amp; wel geconditaone"/>
               </TextLine>
               <TextLine ID="region_1643959193362_355l25"
                         BASELINE="3560,2272 3681,2272 3802,2274 3923,2274 4044,2274 4166,2274 4287,2276 4408,2276 4529,2276 4650,2276 4772,2276 4893,2276 5014,2276 5135,2276 5256,2274 5378,2272 5499,2270 5620,2266 5741,2263 5862,2259 5984,2254"
                         HEIGHT="141"
                         WIDTH="2455"
                         VPOS="2179"
                         HPOS="3544">
                  <String ID="string_region_1643959193362_355l25"
                          HEIGHT="141"
                          WIDTH="2455"
                          VPOS="2179"
                          HPOS="3544"
                          CONTENT="naer soo danigen ontfangh gelieve de vraght te betaelen &amp; voorde versendinge"/>
               </TextLine>
               <TextLine ID="region_1643959193362_355l26"
                         BASELINE="3562,2364 3682,2366 3803,2368 3924,2368 4044,2370 4165,2372 4286,2372 4406,2374 4527,2374 4648,2376 4769,2376 4889,2374 5010,2374 5131,2372 5251,2370 5372,2368 5493,2364 5613,2361 5734,2356 5855,2350 5976,2344"
                         HEIGHT="152"
                         WIDTH="2445"
                         VPOS="2286"
                         HPOS="3547">
                  <String ID="string_region_1643959193362_355l26"
                          HEIGHT="152"
                          WIDTH="2445"
                          VPOS="2286"
                          HPOS="3547"
                          CONTENT="te sorgen ditto hant in bijf &amp; sestigh stucken engelse sarges deralve gelieve"/>
               </TextLine>
               <TextLine ID="region_1643959193362_355l27"
                         BASELINE="3526,2458 3569,2458 3613,2458 3657,2456 3701,2456 3745,2456 3789,2454 3833,2454 3877,2454 3921,2452 3965,2452 4008,2452 4052,2452 4096,2452 4140,2452 4184,2452 4228,2452 4272,2452 4316,2454 4360,2456 4404,2458"
                         HEIGHT="145"
                         WIDTH="908"
                         VPOS="2355"
                         HPOS="3511">
                  <String ID="string_region_1643959193362_355l27"
                          HEIGHT="145"
                          WIDTH="908"
                          VPOS="2355"
                          HPOS="3511"
                          CONTENT="die vervolgens te verclaeven"/>
               </TextLine>
               <TextLine ID="region_1643959193362_355l28"
                         BASELINE="3546,2536 3663,2534 3781,2534 3899,2534 4017,2534 4135,2536 4252,2538 4370,2540 4488,2542 4606,2546 4724,2548 4841,2550 4959,2550 5077,2552 5195,2552 5313,2550 5430,2548 5548,2545 5666,2540 5784,2534 5902,2526"
                         HEIGHT="158"
                         WIDTH="2386"
                         VPOS="2446"
                         HPOS="3532">
                  <String ID="string_region_1643959193362_355l28"
                          HEIGHT="158"
                          WIDTH="2386"
                          VPOS="2446"
                          HPOS="3532"
                          CONTENT="op morgen, sal ue noch toesenden &amp; waegens een paer gemarckt a MX"/>
               </TextLine>
               <TextLine ID="region_1643959193362_355l29"
                         BASELINE="3558,2618 3672,2618 3787,2618 3902,2618 4017,2618 4132,2620 4246,2620 4361,2622 4476,2624 4591,2626 4706,2626 4820,2628 4935,2628 5050,2628 5165,2627 5280,2626 5394,2624 5509,2620 5624,2617 5739,2611 5854,2604"
                         HEIGHT="99"
                         WIDTH="2327"
                         VPOS="2545"
                         HPOS="3543">
                  <String ID="string_region_1643959193362_355l29"
                          HEIGHT="99"
                          WIDTH="2327"
                          VPOS="2545"
                          HPOS="3543"
                          CONTENT="voor rek. van monsr. levenus watte camp wiens ordre gelieve te volgen"/>
               </TextLine>
               <TextLine ID="region_1643959193362_355l30"
                         BASELINE="3556,2712 3675,2710 3794,2708 3913,2708 4032,2708 4151,2710 4270,2710 4389,2712 4508,2714 4627,2714 4747,2716 4866,2716 4985,2716 5104,2716 5223,2714 5342,2713 5461,2710 5580,2706 5699,2700 5818,2694 5938,2686"
                         HEIGHT="143"
                         WIDTH="2414"
                         VPOS="2629"
                         HPOS="3540">
                  <String ID="string_region_1643959193362_355l30"
                          HEIGHT="143"
                          WIDTH="2414"
                          VPOS="2629"
                          HPOS="3540"
                          CONTENT="sijnde den erhant van een gtringhtigh engelse sarges alle noodige sorge"/>
               </TextLine>
               <TextLine ID="region_1643959193362_355l31"
                         BASELINE="3564,2802 3672,2802 3780,2802 3888,2802 3996,2802 4104,2802 4212,2804 4320,2804 4428,2806 4536,2806 4645,2806 4753,2806 4861,2806 4969,2806 5077,2804 5185,2802 5293,2800 5401,2796 5509,2792 5617,2786 5726,2780"
                         HEIGHT="169"
                         WIDTH="2193"
                         VPOS="2699"
                         HPOS="3548">
                  <String ID="string_region_1643959193362_355l31"
                          HEIGHT="169"
                          WIDTH="2193"
                          VPOS="2699"
                          HPOS="3548"
                          CONTENT="wert ue van herte gerecomandeert, door die blijve naer groettenisse"/>
               </TextLine>
               <TextLine ID="region_1643959193362_355l32"
                         BASELINE="4234,2910 4259,2908 4285,2908 4310,2907 4336,2906 4361,2906 4387,2906 4413,2906 4438,2906 4464,2906 4489,2906 4515,2906 4540,2903 4566,2902 4592,2900"
                         HEIGHT="126"
                         WIDTH="389"
                         VPOS="2826"
                         HPOS="4218">
                  <String ID="string_region_1643959193362_355l32"
                          HEIGHT="126"
                          WIDTH="389"
                          VPOS="2826"
                          HPOS="4218"
                          CONTENT="versendinge"/>
               </TextLine>
               <TextLine ID="region_1643959193362_355l33"
                         BASELINE="3550,2998 3671,2996 3792,2994 3913,2994 4035,2992 4156,2992 4277,2992 4399,2990 4520,2990 4641,2990 4763,2988 4884,2986 5005,2984 5126,2982 5248,2978 5369,2975 5490,2970 5612,2964 5733,2958 5854,2951 5976,2942"
                         HEIGHT="180"
                         WIDTH="2456"
                         VPOS="2843"
                         HPOS="3532">
                  <String ID="string_region_1643959193362_355l33"
                          HEIGHT="180"
                          WIDTH="2456"
                          VPOS="2843"
                          HPOS="3532"
                          CONTENT="op leden aen bale So:V:3 met 65 sarges voor mejous: de wed. Broetas"/>
               </TextLine>
               <TextLine ID="region_1643959193362_355l34"
                         BASELINE="3550,3082 3669,3080 3788,3076 3907,3076 4026,3074 4146,3074 4265,3074 4384,3072 4503,3072 4622,3072 4742,3072 4861,3070 4980,3068 5099,3066 5218,3064 5338,3060 5457,3056 5576,3050 5695,3044 5814,3034 5934,3026"
                         HEIGHT="170"
                         WIDTH="2418"
                         VPOS="2979"
                         HPOS="3533">
                  <String ID="string_region_1643959193362_355l34"
                          HEIGHT="170"
                          WIDTH="2418"
                          VPOS="2979"
                          HPOS="3533"
                          CONTENT="op morgen een ditto. Io: W:X7 met 21 ditto voor monsr. Livinn Wattecamp"/>
               </TextLine>
               <TextLine ID="region_1643959193362_355l35"
                         BASELINE="4492,3172 4549,3172 4607,3172 4665,3172 4723,3172 4781,3170 4839,3170 4897,3168 4955,3167 5013,3164 5071,3162 5128,3160 5186,3158 5244,3154 5302,3151 5360,3148 5418,3145 5476,3142 5534,3137 5592,3134 5650,3130"
                         HEIGHT="167"
                         WIDTH="1194"
                         VPOS="3058"
                         HPOS="4473">
                  <String ID="string_region_1643959193362_355l35"
                          HEIGHT="167"
                          WIDTH="1194"
                          VPOS="3058"
                          HPOS="4473"
                          CONTENT="voor nemonie, tot de verclaringe"/>
               </TextLine>
               <TextLine ID="region_1643959193362_355l36"
                         BASELINE="3500,3404 3624,3400 3749,3398 3873,3396 3998,3394 4123,3392 4247,3390 4372,3390 4496,3388 4621,3386 4746,3386 4870,3384 4995,3382 5119,3380 5244,3378 5369,3374 5493,3371 5618,3367 5742,3360 5867,3356 5992,3348"
                         HEIGHT="208"
                         WIDTH="2527"
                         VPOS="3251"
                         HPOS="3482">
                  <String ID="string_region_1643959193362_355l36"
                          HEIGHT="208"
                          WIDTH="2527"
                          VPOS="3251"
                          HPOS="3482"
                          CONTENT="Ergeslote een clijn memoiie van mons watte camp dat vergeten heeft ue ter"/>
               </TextLine>
               <TextLine ID="region_1643959193362_355l37"
                         BASELINE="3530,3496 3574,3500 3618,3502 3662,3502 3706,3502 3750,3500 3794,3498 3838,3496 3882,3493 3926,3492 3970,3489 4014,3485 4058,3484 4102,3482 4146,3480 4190,3480 4234,3480 4278,3482 4322,3484 4366,3488 4410,3494"
                         HEIGHT="148"
                         WIDTH="913"
                         VPOS="3403"
                         HPOS="3513">
                  <String ID="string_region_1643959193362_355l37"
                          HEIGHT="148"
                          WIDTH="913"
                          VPOS="3403"
                          HPOS="3513"
                          CONTENT="thant be stallen "/>
               </TextLine>
               <TextLine ID="region_1643959193362_355l38"
                         BASELINE="5430,3596 5456,3595 5482,3593 5508,3590 5535,3589 5561,3586 5587,3584 5614,3584 5640,3582 5666,3580 5693,3580 5719,3579 5745,3578 5771,3578 5798,3580 5824,3580 5850,3582 5877,3583 5903,3586 5929,3590 5956,3592"
                         HEIGHT="177"
                         WIDTH="561"
                         VPOS="3465"
                         HPOS="5411">
                  <String ID="string_region_1643959193362_355l38"
                          HEIGHT="177"
                          WIDTH="561"
                          VPOS="3465"
                          HPOS="5411"
                          CONTENT="Adij 6 sber 1713"/>
               </TextLine>
               <TextLine ID="region_1643959193362_355l39"
                         BASELINE="3414,3618 3453,3617 3492,3616 3531,3616 3570,3616 3609,3614 3648,3614 3687,3614 3726,3614 3765,3614 3804,3614 3843,3614 3882,3614 3921,3614 3960,3614 3999,3614 4038,3614 4077,3612 4116,3612 4155,3610 4194,3610"
                         HEIGHT="175"
                         WIDTH="812"
                         VPOS="3506"
                         HPOS="3398">
                  <String ID="string_region_1643959193362_355l39"
                          HEIGHT="175"
                          WIDTH="812"
                          VPOS="3506"
                          HPOS="3398"
                          CONTENT="twerton henrij laydon"/>
               </TextLine>
               <TextLine ID="region_1643959193362_355l40"
                         BASELINE="3572,3712 3688,3708 3805,3706 3922,3702 4039,3700 4156,3698 4273,3696 4390,3694 4507,3693 4624,3692 4741,3690 4857,3688 4974,3686 5091,3684 5208,3682 5325,3680 5442,3676 5559,3673 5676,3668 5793,3665 5910,3660"
                         HEIGHT="156"
                         WIDTH="2371"
                         VPOS="3576"
                         HPOS="3554">
                  <String ID="string_region_1643959193362_355l40"
                          HEIGHT="156"
                          WIDTH="2371"
                          VPOS="3576"
                          HPOS="3554"
                          CONTENT="ue aengenaeme, van 8 &amp; 17 passo. wel ontfange, waer uyt met veel genoegen"/>
               </TextLine>
               <TextLine ID="region_1643959193362_355l41"
                         BASELINE="3566,3786 3686,3786 3806,3786 3926,3786 4046,3786 4166,3786 4286,3786 4406,3786 4526,3784 4646,3782 4766,3780 4886,3778 5006,3776 5126,3772 5246,3768 5366,3764 5486,3759 5606,3754 5726,3748 5846,3741 5966,3734"
                         HEIGHT="152"
                         WIDTH="2434"
                         VPOS="3674"
                         HPOS="3549">
                  <String ID="string_region_1643959193362_355l41"
                          HEIGHT="152"
                          WIDTH="2434"
                          VPOS="3674"
                          HPOS="3549"
                          CONTENT="verttoen dat ue aen so Cornelis van wingen geene, van ue coffees senden sult"/>
               </TextLine>
               <TextLine ID="region_1643959193362_355l42"
                         BASELINE="3566,3872 3683,3874 3800,3876 3917,3878 4035,3878 4152,3878 4269,3880 4387,3880 4504,3878 4621,3878 4739,3876 4856,3873 4973,3870 5090,3866 5208,3862 5325,3857 5442,3852 5560,3844 5677,3838 5794,3829 5912,3820"
                         HEIGHT="152"
                         WIDTH="2377"
                         VPOS="3775"
                         HPOS="3550">
                  <String ID="string_region_1643959193362_355l42"
                          HEIGHT="152"
                          WIDTH="2377"
                          VPOS="3775"
                          HPOS="3550"
                          CONTENT="sijdt versekent, dat het mede ue meeste voordeel is, want hij meest alle mijne"/>
               </TextLine>
               <TextLine ID="region_1643959193362_355l43"
                         BASELINE="3562,3954 3683,3957 3804,3958 3926,3960 4047,3960 4169,3962 4290,3962 4411,3962 4533,3960 4654,3959 4776,3958 4897,3954 5018,3952 5140,3948 5261,3943 5383,3939 5504,3934 5625,3928 5747,3920 5868,3913 5990,3906"
                         HEIGHT="237"
                         WIDTH="2459"
                         VPOS="3774"
                         HPOS="3544">
                  <String ID="string_region_1643959193362_355l43"
                          HEIGHT="237"
                          WIDTH="2459"
                          VPOS="3774"
                          HPOS="3544"
                          CONTENT="calanten ondercruipt &amp; biter coop bedent soo waert dat hij van ue goedren hadde"/>
               </TextLine>
               <TextLine ID="region_1643959193362_355l44"
                         BASELINE="3554,4052 3675,4054 3797,4056 3919,4056 4040,4056 4162,4056 4284,4054 4405,4052 4527,4050 4649,4047 4771,4044 4892,4040 5014,4036 5136,4032 5257,4027 5379,4023 5501,4017 5622,4012 5744,4006 5866,4000 5988,3994"
                         HEIGHT="199"
                         WIDTH="2467"
                         VPOS="3916"
                         HPOS="3538">
                  <String ID="string_region_1643959193362_355l44"
                          HEIGHT="199"
                          WIDTH="2467"
                          VPOS="3916"
                          HPOS="3538"
                          CONTENT="ick selier geene saude debiteren, sijdt verschent dat noijt een stuck cosse, ofte"/>
               </TextLine>
               <TextLine ID="region_1643959193362_355l45"
                         BASELINE="3554,4144 3675,4146 3796,4148 3917,4150 4038,4150 4160,4150 4281,4150 4402,4150 4523,4148 4644,4147 4766,4146 4887,4142 5008,4140 5129,4136 5250,4132 5372,4126 5493,4121 5614,4114 5735,4109 5856,4101 5978,4092"
                         HEIGHT="175"
                         WIDTH="2458"
                         VPOS="4036"
                         HPOS="3536">
                  <String ID="string_region_1643959193362_355l45"
                          HEIGHT="175"
                          WIDTH="2458"
                          VPOS="4036"
                          HPOS="3536"
                          CONTENT="geverfte mooren van andre, hebbe onsboden, qnoch niet doen sal alss"/>
               </TextLine>
               <TextLine ID="region_1643959193362_355l46"
                         BASELINE="3570,4242 3691,4240 3812,4240 3933,4240 4054,4240 4175,4240 4296,4240 4417,4240 4538,4240 4659,4240 4780,4238 4901,4236 5022,4235 5143,4232 5264,4230 5385,4226 5506,4222 5627,4217 5748,4212 5869,4204 5990,4196"
                         HEIGHT="169"
                         WIDTH="2452"
                         VPOS="4120"
                         HPOS="3555">
                  <String ID="string_region_1643959193362_355l46"
                          HEIGHT="169"
                          WIDTH="2452"
                          VPOS="4120"
                          HPOS="3555"
                          CONTENT="ue mij maer wel bedient mijn intrest is die, soo het debiet wat groetten"/>
               </TextLine>
               <TextLine ID="region_1643959193362_355l47"
                         BASELINE="3574,4332 3689,4332 3804,4332 3919,4332 4034,4332 4149,4332 4264,4332 4379,4332 4494,4332 4609,4332 4724,4330 4839,4330 4954,4328 5069,4326 5184,4324 5299,4322 5414,4320 5529,4316 5644,4312 5759,4308 5874,4302"
                         HEIGHT="142"
                         WIDTH="2333"
                         VPOS="4221"
                         HPOS="3558">
                  <String ID="string_region_1643959193362_355l47"
                          HEIGHT="142"
                          WIDTH="2333"
                          VPOS="4221"
                          HPOS="3558"
                          CONTENT="wort, sal ue meerdre partije ordoneren, soo ue ick vertekere ue van"/>
               </TextLine>
               <TextLine ID="region_1643959193362_355l48"
                         BASELINE="3554,4422 3674,4423 3794,4424 3915,4424 4035,4424 4156,4424 4276,4424 4396,4422 4517,4422 4637,4420 4758,4418 4878,4416 4998,4414 5119,4412 5239,4408 5360,4406 5480,4402 5600,4398 5721,4393 5841,4389 5962,4384"
                         HEIGHT="146"
                         WIDTH="2440"
                         VPOS="4306"
                         HPOS="3537">
                  <String ID="string_region_1643959193362_355l48"
                          HEIGHT="146"
                          WIDTH="2440"
                          VPOS="4306"
                          HPOS="3537"
                          CONTENT="mijnen hant, dat present geene sarges coffees sorder naem vrage is, "/>
               </TextLine>
            </TextBlock>
         </PrintSpace>
      </Page>
   </Layout>
</alto>
