7796 4630
517 156 904 154 Rotterdam drnys verbargh

2466 178 665 139 Adij 2 meij 172

678 248 2527 132 op 28 pass. was aen als mijnen letten, waer mede ue toegesonden hebbe de notitie vn

651 375 2536 137 de packe die voor mijne ick. sije gecome in de schepen van he die borridge

651 436 2562 120 & theodor iere, sedert geene van ue verhope den selven ue is geworden, versoecken

663 537 2552 154 noch mael met dese vande packken te veserden soo haest nogelijs, wint be

662 628 2543 147 daer mede seer verlegen, om dat men n langen tijdt geen convoy gehet n

657 706 2545 194 heeft, & out het sortement manqueert soo sal het mij groote eventage sijn

667 823 2392 126 loot de erste goedern become dehalven, gelieve alle mogelijcke

659 891 2555 160 devoire te doen & alles bestieren, oft u eygen waren dat van herten

653 1018 2520 151 recomandere, dit doende sult mij te wijterste verobligeren & blijve

663 1142 1852 135 in afwaghtinge te verstaen van wat passeert

2559 1196 608 167 Adij 3 meij 1712

501 1249 745 135 mons Nicolas hamalt

2078 1362 69 87 im

661 1354 2481 147 ie me trouve honore de la chere vre du p courant, y joint une resuise de

665 1487 2511 158 inoy cent florins argent de change, a la charge de mons: Jacomo de cleres qui

651 1553 2531 212 l'at accepte, ainlij vre grace serat credite ensuite. ie suis asse bre pourvue

658 1674 2527 172 des sacqes de la belle bonne qualite, & de vifves couleurs, a vre servia

646 1763 2525 205 mais pour melieurs, que les derniers envoyez, vous n'en trouverez point

653 1881 2509 198 dans toute la ville d'anvers, iny alieurs non plus, car ie vous asseure

637 2002 2527 163 que c'ettoit le melieure qualité qui vient d'engletterre, ie ne croix

637 2083 2573 202 pas mons. que vous avez eu d'autre marque chez moy qu' au prension

631 2216 2414 123 & a l'etoil, qui sont les plus longes & les plus finmes, le convoy

648 2268 2528 209 avec de sacqes, sur rotterdam est arrive, & nous attendons. en peu

649 2404 2531 182 encor un a ostende, j'aurez pour le moins a lors 2000 ps a vre

642 2523 2524 169 gouverno, sil y a quelque chose a vre service ayez la bonte de

659 2571 1472 193 me comander & vous trouverez toujours

544 2647 601 178 Tverton Johon upcot

2418 2656 715 179 ady 4 mey 1712 Je

682 2749 2498 142 op 27 passato was aen ue mijnen laesten waeraen mij gedrage sedert bekomen n aengename

677 2872 2440 70 sonder dato waermede ue mij adviseert den ontfanck van de remise van sterlinx ponden 140

675 2927 2510 89 wij hebben heden briven van Londen die melden dat tourten en quiger gefailleert sijn

668 2999 2521 109 en selfs een brief op hens getrocken met pertest te engge hebbe aen ue op 12 meert

673 3073 2456 122 geremitteert sterline ponden 100 op ditto tourton en quiger en vremits den brilf

651 3135 2456 89 die met protest te eugge is gecomen van den selven dato is, soo versoeke op

678 3229 2399 104 ontanck deser mijne voorscheeve eemise met het gene noodigh saude mogen

666 3305 2434 112 wesen te engge te senden soo niet betaelt is, segge van den wissel brief selfo

674 3363 2537 118 niet behoorelijck protest aen mij cito mogelijck weder te senden op dat mij buyten

675 3481 2507 114 schade soude mogen handen ben seer beducht voor het quaet gevolgh daer om

675 3551 2523 83 de cociste expeditie sande veel konnen goet maken soo recomandere nochmael

660 3645 2558 92 alle het voorscheeven uijterhoeten in afviachtinge met groot veclangen blijve

650 3687 2499 137 sal par naesten ue voorscheeven largo beantwoorden vomits den tijt nu te hoet is.

2258 3773 933 154 2o Ady 7 mey 1712

480 3765 540 176 Lier de Kinder

658 3885 2511 139 ue seer aengename van 3 deser met een wissel brief van ick hondert pas

630 3999 2476 152 op da comissardus crausaert wel ontfanghe die op gistera den

623 4093 2568 106 preciesen verval dagh prompt is betaelt & ue ick daer vooren gecredtas

639 4197 2553 151 hebbe volgens in ordre, daer uyt betaelt aen mijn broeder Jan micel

3485 203 2495 122 een hondert nont nussel gelt dat soo gelieve te noteeren de convoijen sijn

3471 276 2434 112 behouden tot rob. & ostende gearriveert, soo dat sal voortoen sijn met

3468 368 2533 94 eene partije van ontrent 2000 ps. recomandere mij uyt te herten on

3479 456 2440 105 deere van u calandis ie te moge hebben teijdt verletert dat ue bij

3475 528 2549 154 mij alt ijdt getrouw & goedt goedt sult bevinden,  by nimant bater sul

3467 635 2555 141 gedient sijn als bij mij waer op ue vrij magh betrouwen verhopende

3475 729 2558 147 haet d'eere van me douff: ue lieffte hier te sien om en goede partije

3452 828 2511 93 te coopen, waert dat den vreedde quamp de goederen souden ee

3457 924 1201 143 ptlagen toont ie geuverne ue

4880 944 821 131 herten groetende blijve

5080 1041 719 134 Adij 2 meij 1222

3269 1006 752 181 Brugge Coppenolle

3481 1148 2520 128 tie aengename van 15 pas 5 86 deser wel ontfangen sijnde den laeste het

3480 1241 2500 116 hengenaem  te, omdat daer uyt verstaeen het behouden arrivement van

3451 1320 2543 153 henrij compton, soo sende an ul hveronder de ntie vande paren

3447 1459 2457 100 voor mijne ick in den scven geladen, die vervolgens gelieve te

3475 1538 2542 105 verclaren, & versonden te weeten de balen  N. 33:34   33:34:35

3457 1617 2358 133 30 p baergie op Gent soo haest mogelijck als oock de bale

3445 1735 2575 144 30 & te addrisseren aen d heer Jan B. de sadelare, ider dagh mae

3457 1856 2543 128 e packen te gelijck twijfele niet oft de baergie heeft paspons

3453 1949 2505 119 voor de goederen want sonde anders dat niet will visguern

3461 2027 2553 132 voorders versoecke van my te adveseren oft alle alle dese packen

3461 2106 2530 174 oo bevonden worden & liet die sel van den schippe eens naer

3458 2210 2543 112 oft ue van het marck & geen meer bevindt dan genoteert daer

3449 2303 2542 150 soude noch en clijn baeltien  N.158 connen sijn dogh hebbe daer

3447 2425 2561 144 gaen cognossement van & scanniet weete, oft het en John burridge

3446 2504 2501 154 juwe, die aghte uyt gezeylt is niet geleeden en is, de packen

3436 2628 2389 151 die ue te baergie versenden sal sijn geteertent met een rwijs

3468 2742 2497 144 versoeckke togh de sortte expeditie want ben daerbij verlegen

3463 2860 2584 118 ingesloten sende mijne tolbrief gelieve het gepassent mij nts laten

3473 2958 2521 144 weeten dit doende selt mij verolliyeren mae groetensse blijve

3880 3025 991 139 N 33 met 60 sarqel idr a 27

3968 3119 909 114 34„ 30 ditto „ 30

3971 3175 566 125 35 „ 60 ditto

3835 3260 710 131 d 32. „60 ditto

3976 3349 520 80 33„ 60 d

3993 3418 482 108 34 „ 60d

3977 3474 480 115 35„ 608

4715 3454 238 159 „30

3978 3571 527 134 36-„ 60

3871 3602 1076 198 N 25: 1805-.  37

4731 3739 126 146 ay

3866 3727 633 152 26-„ 60

4749 3864 90 77 9

3844 3812 661 183 N. 22„ 60 d

3674 3904 1378 223 sijn samen650:- en packen

3441 4044 2520 139 dat ue de bale  n° 25 waer in 80 ps sijn voor 60 koude doen

3463 4210 2344 102 passeren soude mij aengenaem eijen dogh soecke geene tatie

3454 4263 678 130 met de comider
