8310 4644
2704 246 645 160 Adij 19 Juniy 1715

778 206 792 212 dermonde Piere de baut

1004 317 2344 221 je vous envoye aujourdhuy p la barque marchandisse un parque marque

1034 439 2316 189 1:7:X. bien conditione pour compte de mons. joseph daul mery d'ath

1014 536 2310 186 contenant vent & trois ps de sarges, il vous plaira suivre, son ordre

1002 623 2342 199 la voiture est icy payez ainsij franc de tous frais, ie vous recommand

1010 703 2384 290 faun le soin, pour l'enche minement vous obligerez qui est de ben coeur

2728 921 537 171 Adij 21 d. 1715

873 954 739 185 Ath Joseph Danlmery

1041 1010 2306 215 J'ay recu les deux aggreables vre du 8& 18 courant quavez mesionore

985 1146 2387 194 deserire ensuite de la premiere, j'avois choisee les 23 ps. marque & les

2977 1235 297 100 parte

1017 1286 2278 144 avoit paete ensemble pour vous les envoyer la chemaine proctaine

1009 1399 2347 147 mais comme la barque de termonde ne partoit point j'ettois oblige

999 1480 2368 210 de garder la ballot jusqua la semaine courant estant la course

1002 1642 2249 135 du retardement jaj dene envoye la ballotte le 19 courant a

996 1749 2325 156 termende a ladresse du S Piere de Baut estant marque I:DK il

1005 1847 1467 187 vous plaira me crediter comme enuete

986 1945 2418 187 le 19 june, 23 sarges tray bastard espines a letterl 22 gdu a ƒ23:10 ƒ 540:10

1975 2031 1412 170 viture franc jusqua termonde. „1:10

2036 2119 1360 234 Eeenbl en argest de change ƒ542:-

1023 2229 2300 228 paijable dans la ville d'envers esperant, que vous recevrez les larges

1017 2409 2350 139 avant cette & que la marchandise vous dinnera une entiere satiffaction

1006 2467 2363 195 sil y a d'autre chose a vre service commandez lilrement le nouveau

1007 2599 2290 168 convoy est arrrive p la quelle j'ay recue une grande quandire de

1004 2697 2383 178 faustes sortes de marchandises, des drogetts d'eingleterre en abondance

1008 2820 2357 135 dene la demande est fort grand a cause que les draps son si chere

1008 2900 2384 185 & que les drogetts font un bon usoge, si ie vous puis grendre service

1009 3003 2157 226 j'attendrez lhonneur de vos ordres & suis de tous mon ceure

858 3146 890 228 Bergen de wed: Candry

2661 3192 578 142 Adij 21d. 1715

966 3298 2421 183 Jay recue en son tempt l'honneur de la chere vre du 16 ceurant avec

1017 3390 2352 207 les 2 eschantillions de drogetts de reteur ou que vous aviez marque 8 p

1014 3508 2380 175 depuis la balle, est icy arrive & ensuite vre ordre ie vous envoye demain

1011 3623 2306 154 mat in les dit 8 po p le chariot de malline a laeruxelles a laddresse

976 3737 2392 141 du Sr. sendon, maistre de carosse de mons estant marque V: CC:C & ie luy

1021 3836 2322 184 ordonne de beus ien voyer au plustost & me t crediter comme en suite

2947 4071 328 214 Bekenten

5914 173 197 123 21:

3539 223 1350 193 le 21 juin 1715„ 1drogetts 9dy 44 - a 58½

4108 349 783 156 1 ditto „ 43-„ 57 ¼

4103 450 786 159 1 ditto „ 41-„54½

4099 538 788 173 1 ditto „ 41¾„ 55½

4117 598 1904 217 1 ditto „ 43-„ 51¼a 449½. a 14st ƒ 325:17

4127 721 727 193 1 ditto „ 43-„57 ¼

4108 855 740 162 1 ditto .„ 42„56-

4105 926 810 173 1 ditto .„ 40„ 53¼

3564 999 2539 244 en argent de change payable, dans la ville denvers, pour les deux autres ps que

3553 1158 2552 208 vre grace demande selon vos eschantillions ie nen trouve point, cependant

3552 1273 2510 177 pour le premiere convoy a venir ie tacherez d'en avoir, sy a a d'autre chose

3560 1375 2532 187 a vre service commandez librement vre grace me fera grand plaisir de

3552 1485 2459 196 m'adviser la reception du dit 8 ps de drogetts chez vous & suis en attendant

6046 1611 73 116 bij

3454 1667 566 186 brussel Lenden

5443 1696 572 190 Adij 21 juin 1715

3527 1853 2560 150 gevois envoye demain p les chariots d'cy a malinnes, & de maline a bruxelles

3545 1945 2504 152 un petit pache marque V.C:C. que j'esperre le mesme jour hez vous ettant

3446 2029 2558 181 pour compte de mad: Candry a mons Contenant 8 ps destoff d'engleterre

3547 2170 2382 166 vend priant de procurer le necessaires pour l'encheminement au plustoit

3535 2253 2359 158 possible pourmens a son fdresse & vous obligerez qui est de bon coeur

6042 2302 70 114 1

3474 2376 691 172 ath Jan P. Lolivier

5374 2406 574 173 Adij 22 Juny 1715

3548 2453 2546 251 J'ay recne l'honneur de la tres cherevre du 19 courant, y joint une remise de ƒ600:

3531 2637 2503 137 argent de change a la charge de S van ostay en, qui a promis de faccepter

3527 2729 2565 191 la sen esseance, vous en serez credite j'attendrez avec impatience l'honneur

3486 2830 2565 213 de vous voire icy, le grand convoy avec de sarges & autres marchandises viend

6054 2931 61 79 osts

6031 2988 75 128 1

3484 2940 2545 211 d'arriver p la quelle j'aij un sortement en crajable tant en sarges drapees

3516 3082 2462 147 perpett a drogetts d'engleterre en abondance de touttes sortes des couleurs

3525 3114 2583 248 assortie comme de draps enfin ie ne doubte pas ou ie pourez vous servire

3542 3278 2519 185 a souhaite & toutte de la premiere, superfines qualite, si ie vous puis rendre

3545 3421 2516 171 serviee ayez la bonte de vouloir commander, celuy qui fait gloire d'estre

3532 3509 400 174 faijours

5464 3599 479 217 Adij d. 1715

3456 3621 868 223 waton Beresslneckmarck

3557 3715 2487 236 ue seer aengenamen van 25 pas p deser wel ontfangken volgens den laesten

3556 3871 2383 187 sal de 60ps. blijf couleuren p eerste aen leggende sup verwaghtten, dagh die

3549 3978 2501 191 moeten meest naer den bujnsten cant weesen & geen lighter daerbj te doen ioh ne

3546 4068 2562 182 ewins junier is behanden gearriveert wat de drogetten aengaet, can u die niet

3540 4206 2446 181 senden, als gesereven, sullen die daerlaeten, want tis beter geen goet te

3553 4327 2495 105 ontonden, als men gelt om geldt verloopen moet, hebbe ue drogett en geopet
