8392 4637
1081 217 2169 127 blax oft mooren 22 gd, de minder soorte claverblat sonder naem

1077 289 2206 110 weete niet wat dene sien dat soo groote de biet niet meer hebben

1077 368 2189 146 en ue: coffees hebbe cortsimant hier gehadt die partijen plagh

1057 467 2264 150 te nemen, die seght de selve hier tot brussel coept veel beter coop

1069 542 2258 203 als ick die geven can, soo dencke u die luyden geforiert hebt

1066 660 2307 177 maken sal dat wijnige terteren honnen ingeslote remittere

1073 774 2225 180 ue s £200:- en latte daniel bheys in lonson in seconda

1087 855 2246 215 brief waer van den prima is geaccepteert bj m. Antheer in Londons

1067 1011 2176 180 geleve het noodigh te besorghen, terwylen aen mr. thorne het

1071 1106 2249 159 ie post van sijne baele hem moete remitteren & dat geen

1055 1216 2218 172 twee brieven hebbe connen crjgen soo hebbe het in een brief

1069 1307 2231 175 genomen a aen hem mijne traitte toe gesonden tot u laste op

922 1402 2281 194 2uso die gelieve te vereeren ageaft advies van den ontfangh deser

1083 1515 1452 177 aen die Blijve naer Pordiale groetenisse

1277 1618 1746 145 te prepareren voor daniel gerardo mesijn om met

1259 1727 1314 169 John Ewings te versenden als solght

1748 1768 1571 170 60 sarges beste Coffees Eaverblat met name 2gd,

1736 1902 1646 158 30 ditto ordinaire mooren oft blak sonder naem 229

1744 2006 368 185 9d sers

1092 2078 512 155 voor 60 drogett

1120 2168 476 136 ons Naer N

1129 2255 511 166 6d..„3

1949 2289 105 130 2

1467 2361 164 111 „3

1105 2358 179 119 6d.

1567 2451 79 90 4

1116 2446 181 130 6d.

1973 2495 82 126 3

1561 2535 80 92 5

1118 2530 155 137 6d

1504 2612 144 115 „6

1131 2634 159 120 6d.

1115 2693 187 163 6d.

1489 2792 188 149 „8

1133 2802 162 143 6d.

1126 2878 178 134 6d.

1462 2903 179 196 16

1119 2977 158 115 6d.

1120 3084 2258 157 6ops opelle de couleuren precus te letten principael op N 9:10 dat

1312 3205 2019 132 die lijne mengelinge hebben, & fijne die u daer op al gesonden

1309 3263 2045 156 heeft sijn geen couleur agrof van men gelinge recommandere

1312 3380 1534 186 dogh van alles goede sorge te draeghen

2759 3464 609 221 Adij 3 auy 1715

908 3486 1222 198 mechelen hendick C: feyd herbe

1117 3620 2221 187 ue aengename van n deser wel ontfange waer bij verstaen

1112 3750 2188 148 ie gaet arrivement & dat u den bode crans jesproken hadde

1085 3847 2191 158 & dat hij aen den cassier son de srijve van de ƒ 78:10 mij

1116 3953 2167 146 te betaelen, die wel gesereven, heeft dogh geen ordre, om

1100 4068 2218 188 p'assignatie te voldoen, waer van vnwendert ben ul gelieve

1110 4170 2134 148 hem te spreken dat hij op mandagh sijne comste die

1104 4279 2232 142 selve voldoet, oft meer, soo het a te passe compt onders

2054 4357 1240 117 het stuefs droget waer voren mij

1881 4386 70 89 d

3572 203 1036 169 geluve te crediteren te weeten

5104 200 926 170 a 12 t wissel gelde ƒ 31:16

3788 232 1072 182 1stack drget 9ds 40 a 58

3567 308 2451 167 waer mu verders can dierst doen, gelieve te commanderen de Blijve

3568 447 946 161 naer Cordiale groet enissen

5268 486 636 206 Adij 3 aug 1714

3466 552 1079 217 Brugge Gecus Van Coppenolle

3565 655 2457 176 ue aengenaeme Jan gistren wel ontfanghen waer bij met verwonderinge verneme

3578 760 2406 177 dat het pack 172 int schip van son indge niet en i soo sende hier in

3555 873 2443 202 geslote het cognossement door hem getaekent voor de baele  8 16: &172

3568 981 2385 162 eu moet reflectie nemen dat op het cognosement staet N172: 173:174

3570 1049 2384 190 174. dat sijn de vier clijne baettiens de te saemen opgepackt sijn

3564 1159 2365 173 en  172 gelijck oock N.16:17 in A. 16 hebbe op ontfangh vant

3550 1287 2371 174 cognessement de waerde geremitteert, soo ue sal den schipper daer

3571 1381 2314 172 hver spreken waer dat dat pack vervaren is heeft het cognosement

3552 1483 2354 208 getecekent soo moet hij het pack levren, soo sult den schepper sjn

3570 1608 2297 178 cognassement don presteren garresteren, tot dat over satiffactie

3572 1711 2411 194 hebbe sulchx is mij noyt overcomen & wat daer ontrent passeren sal

3558 1791 2469 232 gelieve tadviseren, sal de rek: van oncosten op de andre dry ballotten

3573 1887 2277 182 naer sien d'acordt bevindende u vervolgens crediteren & dal die

3578 2045 2347 155 packer, met pieter rekel busch verwaghten ul groetende blijve

5368 2165 535 165 Adij 4 d. 1714

3448 2162 767 174 tiverfon beerge. therne

3576 2278 2323 177 op pm deser was aen ue mijnen laette met remise van  £103:12:- in

3562 2359 2414 206 mijn eijghen brief op mons: Blayden a costij getrocken waerende waerende

3551 2488 2426 162 voor het impost van ue gesondene baele  172 volgens ue cognossement in

3534 2572 2476 200 hendge funion gelaeden, die als met mijn jeighen, wel gearriveerter hadde

3538 2729 2417 177 de nodighe ordres tot de versaringe naer brugge gesonden agistren

3558 2797 2442 210 become advies van mijn wint, dat ditto baele in hem niet tevinden is dat

3551 2918 2429 186 mij seer doet verwonderen hebbe het cognossement naer brugge gesonden

3553 3018 2440 164 om den schipper let selve te doen getant woorden desen dienende, om ul

3550 3148 2379 189 het selve te adviseren tot u naeright blijve in afwaghtenge van ul

3565 3312 1098 116 antwoort & groete ie dan herten

5331 3362 585 193 Adij 4 aug 1714

3457 3387 824 189 Trverton Robert beridge

3557 3509 2460 158 us aengenaeme van 22 a 26 meij a 17 past wel ontfangen met den laette notitie dat

3559 3582 2432 177 John ewings present a costy un ladinge light & binnen 6 wee hen soude vertrecke bed

3576 3687 2395 193 are kende u voor ie naeright l laerte gesonde ue baele N2 staet noch gesloten

3551 3811 2460 154 anoch eenige oven van de eerste partije, soo datter int minste geen oftreck

3545 3867 2473 188 is soo haest mij iets sal beginnen te mangueren sal n tijdelijck mijne ordres

3549 3971 2435 204 toesenden de negotie is sar sacht vant minste geen dehet enfijn elles is onder

3554 4090 2479 205 den valt godt wil geren dat het met eenen genevalen vreden betoen magh

3549 4211 2322 147 dat onse negotie magh crleven dat u van herten ben wensende
