8392 4630
1131 205 2053 127 Door 120 drapeen in drij baelen iderbaele Van Hops

1215 293 1541 178 30 ps naer N.1:2 naer ie gesonden stael boeck

1661 401 933 160 1 naer dit in gesloten stael

1223 437 227 109 10d

1677 521 338 124 „2 ditto

1235 532 229 117 30 d

1638 619 367 155 „ 3 ditto

1233 642 232 122 30 d

1578 673 1796 210 N„19: 21 naer u gesonden stael boeck draps couleur met

1231 726 214 136 20d

1940 819 572 121 wit gemengelt

1122 836 2203 181 120 ps drapen in 3 beaelen eder bale Van 40 ps 94 sett

1565 978 828 142 Jan 10 ps in one bale

1463 1072 993 174 voor sarges battardes 22gbs

1387 1155 1879 208 „ 60 bruijn rosse naer N. 26. 27: 28 gwijnige naer N. 29

1647 1295 953 162 naer ie gesonden stael boeck

1468 1373 1883 157 60 Loups naer N. 34 35. 36 ditto meest naer het bruynste

1636 1494 1611 167 te weeten N. 34: 35 dogh beter gemengelt met

1628 1564 1684 188 blou en root die staelen, sijn noch te doots gonder

1624 1680 1713 129 dese 60 ps loups sal u in ider baettion 3 ps doen

1638 1767 1067 119 naer det ingeslote stael NK

1445 1857 1724 189 30 olives naer N.2 naer dese ingeslote stael

1452 1988 934 154 30 ditto olwes „ 3 ditto

1385 2117 746 193 1180 sarges 2e d

2641 2247 540 182 Adij 8 any 1714

931 2292 1085 186 Brussel Stephano rousseau

1086 2384 2240 195 j'ay bien recue en son temps les deux aggreable vre du 29 passé & me

1105 2519 2255 134 courant avec la premiere advis que vous aviez tirez sur moy ƒ1900:-

1088 2588 2228 166 argent de change en faveur de mons Wanterus Jan den bosche que

1060 2698 2231 177 j'aj payez a la presentation comme je fairaij a celle de ƒ300:

1091 2773 2152 175 de change tirez a 7 me ditto a deuxjours de vue a lordre de

1095 2867 2232 169 mad. C'esponse de Jan P. de schepper autre j'ay bien reeu vosdeul

1100 3013 2156 162 remises lune de ƒ900:- de change estant accepte p mons

1087 3062 2219 198 philip l'heureusl payable le 7 me yber l'autre de ƒ1500:- de

1089 3173 2260 204 change payable le 7 me sber ditto chez mons. pPhilippe Jacq de Comes

1098 3305 2126 201 pour les quelles ie procurerez le necessaire en son temp, & vous

1105 3407 2167 185 serez creditez ensuite ie vous souhaitte comme aussij mad. vre

1088 3520 2193 202 chere esponte un tres heureuk voyage sur le chemin de paris

1106 3631 2184 170 & beaucoup de plaisir, mandez moy 5:V: p si vous avez mis

1104 3735 2171 176 ordre pour recevoir vos lettres & pour faire vos affaires en vre

1099 3847 2239 168 absence pour me reguler a l'advenant, car quand ie pourois rescontrer

1079 3944 2240 136 d'occasion ie tacherez de vous remettre en attendant l'honneur de

1097 4079 2256 122 vre reponse comme aussij vos commandements, ie vous salue

1083 4165 1537 176 & suis tres cincerement a taus occasionse

5866 216 138 104 168

3548 222 715 174 Rs step: rousseau

3570 288 2391 203 iay achete un dosain de monchoiss pour mad. vre mere que iay paete

3511 450 2441 114 dans une ballots de mons. Cornelis le fays qui partira duy samedy

3553 511 2475 183 prochain & j'ay debite vre compte pour 12 monchoits a £2:8 de change

3547 589 2417 163 sapuece fait ƒ28:16 ¾ 4:16: aen mad vre maire aura

3552 727 2169 183 la bonte de vous rendre l'angent & vous mon creditere

5335 823 617 205 Ady 13 aug. 1714

3416 865 975 216 Bergen guilliame Joseph maille

3581 970 2384 170 Celle pour vous adviser, que le grand convoy avec de sarges ett bien arrivez

3572 1079 2384 164 grace a dun & j'ay deja recu tous mes ballots icy que ie suis pour vue d'un

3551 1157 2434 186 tres beau assortement a vre service & comme je doibt remettre beaucouss

3553 1276 2440 141 a mis amis diengeleterre vous me ferez plaisir de me resmettre le reste

3561 1393 2353 173 de la partye que je vous ay lendu le 10m  1713 estant dix mois

4582 1468 663 104 D: de six est eschipe

3559 1454 2475 202 passe ainsij que le terme de credit ne pent  outre le profit qu'il y a

3557 1575 2380 217 au sarges ne peut jufoir si long credit en attandant l'honneur de vre

3565 1725 1024 125 remise ie vous salue & suis en

4716 1714 108 148 11

5441 1809 531 204 Adij 13 d 1714

3442 1833 866 180 Ath Mathiee Brans

3535 2014 2502 141 Celle pour vous adviser que le grand convoy avec des sarges est bien

3550 2064 2468 180 arrivez avec le quelles j'ay recue une bonne provision de touttes sortes

3547 2169 2493 191 tant en sarges bastardes 22 gdy drapees royales petpett. de tous prix que

3503 2269 2481 146 drogatti les plus a la mode a vre service esperant bun toit l'honneur

3515 2352 2494 190 de vous voire icy pour faire vos emplaittes comme j'ay besoin de grosses

3555 2466 2447 187 sommes d'angent pour remettre a mes amis d'engleterre & comma la

3556 2580 2435 162 derniere partie vous est vendu le 29 sber 1713 presque ouze mois passe ie

3564 2695 2463 152 vous prie de me resmettre le reste de cette partie ie vous assure mons.

3561 2797 2367 151 que le profit est sipeut au sarges qu'il est imposible de pouvoir

3561 2899 2429 150 handre a si long credit en attendant l'honneur de vre remises ie

3554 3009 608 161 vous salve & suis

5400 3128 522 198 Adij d. 1714

3479 3156 716 190 ath ignace horrion

3554 3262 2336 199 Celle pour vous adviser que le grand convoy avec des sarges ett bien

3542 3394 2469 186 arrivez grace a dieu j'ay recue une grand quantire tant en sarges

3543 3496 2466 171 battard ie goy coffees drapees perpet que drogets les plus a la modz

3544 3614 2466 199 assortie comme des draps donc le demande est fort grand a cause

3553 3715 2428 168 que les draps sont foit enchere j'esper mons. d'avoir l'lonneur

3535 3855 2400 135 die vous vous bien toit icy pour faire vos amplaittes & ie me

3567 3993 2347 132 recomande toujours a vre bonne inclination seyez assurez que

3540 4068 857 152 vous treverez toujount

3455 4124 2466 229 ath de wed: ignace Francois Ligon als voors Van Lootion
