8378 4658
2627 236 673 144 Ady 27 april 1714

903 218 1140 187 tounant Jan Ba. robert

1064 320 2281 127 ue messire van 25 deser ontfanghen waer bij verstaen ue geene tijcken van

1054 410 2229 115 trepen als mijn gesonden stael en heeft nochte gemaeckt worden

1028 490 2246 148 dencke ie wel die quelitijdt bekent is het moet just die streip niet

1027 578 2205 215 sijn als de strepen sijn gelijckk meest in englant getraeckt

1035 671 2245 192 worden dat u wel bekent is ist wel & wat aengaet de l ordre

1050 766 2238 171 soorte die soude moeten hebben  2 segels ½ groot hoodt 4 3 segels

1054 901 2213 176 10 groet loodt  & segels, als oock 14 de strepen late in u goet

1048 1003 2285 156 vinden  vertrouwe u daer in wel sult doen als eygen den tijdt

1041 1080 2294 170 hoe eerder hoe lieder de meette staeken moeten van de hooghte

1032 1190 2260 193 prijsen sijn, tot u geberne. de lette gesondene moeten wel vans

1044 1263 2299 183 trepen geweest sijn, om dat daer geene replicke overgehat subbe

1061 1401 2268 176 sal ue antsfoert verwaghte gblij ve naer groetenisse

1034 1544 2291 173 ie meet de prijsen, op het adersaeghsten stellen a berseeke van het

1070 1641 2239 155 alderlette goet datter niet op te seggen valdt want sonders soude

1052 1757 601 170 geene begeven

2664 1872 647 206 Adij 26d. 17142

879 1910 1200 201 tserton Bere  nech marck

1046 2048 2185 162 op 18 deser, was aen ul mijnen laette waer aen mij gedrage

1038 2137 2300 174 sedert become ue aengename, 3 ditto waer bij sien ie resclique ontrent

1053 2221 2228 152 a pretentie Jan de helft assurantie van de balen 690: 68 dat

1052 2361 2278 147 bij nochte andre plaets, can begrijpen hebbe geordoneert de goedren

1055 2408 2281 191 op 14 xber ett op 3 janua. hebbe ue gesijdt me terwijlen briridge

1044 2520 2286 150 moet vertrecken, sijnde int midden can den winter & dat soo grooten

1062 2619 2295 166 visico in een schep met wil hebben soo moet u de helt assurern

1041 2721 2270 186 an heeft desen prief beantd: op 13 junil yint minste qune

1055 2822 2315 178 mentie gemaeckt om de helft van d'assurantie aen te nemen

1057 2910 2245 196 u heeft eghter wel gesoeten, dat die gaeme geassureert hadde

1080 3008 2255 190 als oorp soo cont u niet behelpen met mijnek van 7 febrid die

1072 3100 2248 199 u seght op 5ment C5. mete 3 vlamsche malen te gelijck te hant

1052 3236 2233 188 gecomen is weerdt dat ick op 3 janue niet geordoneert hadde

1068 3319 2206 175 de assureren sout u met reght connen bedienen & soude

1075 3424 2178 196 oocck daer naet teghen seggen maer nu tewijlen u van

1043 3558 2302 158 janue. d'assurant ie getraeght hebbe & niet toegestaen voor dat

1051 3657 2237 183 burigge geariveert was, segge ront uyt niet een tuyver

1077 3785 2300 147 daer van goet te doen, want dat buredge een ongemeek beomen

1050 3870 2209 135 hadd& dat ie soude vragen het velius te dragen soude niet

1054 3978 2303 159 getijdt hebben, wel e hebbe die goedren niet geessurent ick bidde

1071 4078 2197 138 e jan daer niet meer quit l op te maken, want hebbe

1069 4178 2244 152 niet gaene dat mijne vanden cilaneren  het sonde voor

1084 4250 2291 216 u oock ot vergeeft sijn an te theemen dat mijnen e& inde

3541 175 2484 142 bemiplaem wile sijn soo sal het baelt een sen de schulipe aen san de

3534 287 2456 132 al hoe wel die soorte van andre vrinden accome de groee schades

3557 353 2417 149 a 35 p bleu schades a 34 st loups rosse &olives a 33  coffees 30 a 31 t

3549 468 1225 178 hebbe u dan gecrediteert te weren

3779 615 234 106 10 ns

4233 601 305 159 a 34 p

3791 693 157 129 2d

4211 698 320 150 „35 p

4869 701 351 144 „3:14

3812 755 150 129 3d

4183 793 329 168 „31 p

4990 799 216 131 4:13

3736 973 300 153 „ 15 ps

4590 893 1313 236 25 14 ooder hanckeue mij

3543 1069 2453 166 gelieve te noteren John Ewings stont de 28 deses te vertrecken hebbe

3531 1194 2359 91 niet anders nodigh als de geordoneerde. 60ps drapeen waer voren

3533 1277 2456 148 particulier geliefte te sorghen & goet goet te senden esent de facture

3523 1356 1868 178 getaler jognossemert soo haest mogelijck aen die Blije

5115 1529 730 175 Adij 28 april 1714

3462 1522 1034 215 TBerton Georges Thorne

3542 1668 2446 140 u seer aengename van 25 gber 1713 is mij op syn tijdt wel geworden waerhij

3535 1767 2482 120 verneme, dat ie de loups couseuren sarges rosse & groene better 22 b hottere

3542 1897 2443 121 aen boort 36 p Blouwe schades, ditto 3p groene schade ditto 38 p de

3532 1961 2450 172 tweede soorde, met name 3 het stuck minder, sijnde de prijsen oock soo

3525 2046 2447 163 bij andre nu velle wel eene preuve nemen van e minder soorte sijnde

3536 2144 2535 166 de groen schades a 35 p & de bleu ditto 34 p. vrij aen boort derhalle

3537 2268 2388 130 sende ingeslote een stael boeckie van 60 gis groen schade 29 bleu ditto

3521 2371 2532 159 waer naer geliene te besorghen 60 ps gver schodes in hier Clijne

3533 2477 2394 110 bottans inder Jan 15 ps. & die vier baettiens in eene bale, optes

3538 2544 2463 193 packen & soo tassorteren, gelijck dat staelboeckie twijfele, oft sijn nge

3543 2665 2407 166 gelijck d'andre want  gds connen mij niet dienen nu soude

3533 2766 2478 191 gaeme hebbe dat u, op het loodt slaegh d'een claten sonder naem

3535 2883 2371 194 gelijck iet blayden op sijne coffeet tweedee soorte slaet dat

3519 2988 2465 194 gelieft te observenen dat sijnde maer voor eene preuve verhope

3553 3117 2444 171 in toecomende groote partije soo wel van dien als Jan dandre

3535 3254 2465 125 te ordoneren a moet, wel letten dat blen schades Jan een coleur

3534 3331 2428 132 sijn a met gettrept Jan ander couleur door de perte, oft andersins

3544 3421 2441 166 want soude die niet connen queyt worden recommandere de

3528 3508 2466 191 goede songht & hope u wat goets doen salt om mij tot merdre

3530 3627 2412 175 partijen te terplighten in afwaghtinge dien van nant veert

3555 3724 1318 184 blijve naer Cordials groettenisse
