8372 4651
977 223 2324 119 soorken, terwijlen voor nu al veele besproten sijn derhalve soe

1021 295 2311 117 ue eenige gelieft versoecke mij bij tijdis te laten beeten want soude

1037 363 2273 134 a daer naer niet aen connen selpen jan d'andre couleuren

981 475 2313 137 sijnder genoegh hebbe oock seer schoone drogetten die present

1014 576 2269 148 sterck gebraecht worden om de duerte van de lakens perpett

1012 641 2312 175 sijnde, mede tot u dienste hope int cort d'eere te hebben

1014 730 2301 196 van uu hier te sien oft wel die ordre te ontfangen blijve

1026 864 1945 163 naer uu gewenst te hebben eenen salighen paeschen

2613 950 724 190 Adij 3 april 1714

906 969 1165 230 Contrijck wed: Bieter goet gebaen

1048 1081 2165 195 u mij altijdt seer, aengename Jan 17 sber lest 1713 tot nu toe

1025 1175 2285 173 onbeantwoort gebleven bij faute van metene desen sal princte

1010 1284 2359 197 pael dienen om u tadviseren als dat het grootengels convoy met

1021 1353 2334 198 sarges behanden, is gearriveert ghope, alle mijne packen, opteynde

1019 1495 2340 142 Jan dese weecke hier sullen gelost worden hebbe een seer groete

1014 1568 2212 177 partije goedds van alle soorten daer onder soo bastardes 22yt

1031 1655 2277 195 voyceles, coffees 24 gd. vant Claverblet perpett. als drogetten van

1033 1766 2258 143 alle couleuren tot u dienste, hopende int cort deere te

1030 1876 2287 153 hebben van mejonff. de wed: tobelare hier te sien om een

1012 1947 2248 226 goede provisie in te coopen recommandere mij hertelijck in

1034 2072 2323 184 ul quatte & calandise, k sal altijdt braghten, mijne uyterste

966 2218 2367 150 desoire te doen om u en alles, il te bedienen & vant alder bette

1026 2299 2328 179 superfijnte goet te formeren, waerop vrij moght terlaten

1029 2414 2330 177 lencke u & de geheele familie genen sal igen paeschen de blijve

1038 2555 965 172 naer Cordiale groettenisse

2680 2654 658 174 Adij d. 1714

900 2683 1110 162 ath nicolas T: le lievre

1023 2766 2330 194 Celle pour adviser que le grand Convoy ett bien arrive, grace a dieu

1048 2897 2307 182 et j'espeire d'avoir tous mes ballots icy a la fin de cette semaine

1044 2963 2291 186 j'aurez un tres beau assortement de touttes sortes de sarges, aussij

1043 3065 2265 203 une belle partie de caffee de sa fauille de traif avec le nom

1038 3134 2268 214 alentour & sans le nom aussij de drogett d'Engleterre de tous

1032 3252 2287 197 couleurs le plus a la mode perpett. noir & blanchies en abon

1036 3368 2286 146 danse a vre service & comme ie dois remettre beaucoup a mes

1049 3455 2268 154 amis d'engleterre vre grace, me feroit une grand plaisir de

1059 3593 2234 117 vre vouloir remettre pour la partie du 14 sber 1713, ie

1040 3650 2292 195 dois dire monr. pour vous reguleer a l'advenant qu

1050 3784 2230 176 de remises sur gand ne me peuvent accommoder a cause

1059 3847 2197 191 qu'on icy sur gand deux a demy  pars, que le monay

1043 3983 2179 184 franse yvat & qu'on paye les lettres de change a vre

1060 4113 2122 151 espece ie vous salue & souhaite les faittes de paquet

1051 4246 1419 135 tres salutaire & suis tres sincerement

5433 207 569 125 Adij 3 april 1714

3488 210 844 161 ath La Veufve Lison

3509 297 2463 164 Celle pour vous adviser que le grand convoy avec des sarges ett (gracce

3547 376 2399 143 a dieu) bien arrivez a attende done, attend tous mes ballott icy a la

3517 454 2448 181 fin de cette semaine, jaurez un tres beau assortement de tous couleurs

3531 562 2451 162 aussij de caffees de la feuille de tranf, avec le nom a lentour & sans

3531 651 2429 152 le nom auissij des noirs de la mesme qualite des drogett le plus a

3505 751 2353 153 la mode, s'il y a quelque chose a vre service commandez

4842 840 52 71 om

3500 862 2398 140 librement aie vous servirez toujours si vous ettiez presente ie vous

3519 977 1004 144 salue & suis tres cincerement

3521 1029 2181 206 P. ie vous prie de dire a mad. Courtois le contenu icy dessus.

5184 1230 724 182 Adij 3 ditto 1714

3482 1213 798 203 ath Andre Lison

3508 1308 2442 231 Celle pour vous adviser que le grand convoy avec des sarges ett bien

3534 1464 2411 142 arrivez a ostende & j'esperre d'avoir tous mes ballots a la fin de

3515 1551 2452 179 cette semaine jaurez une assortement sans pareille tans en sarges

3531 1630 2411 168 drapie perpett, que drogeets des plus a la mode, s'il y a quelque

3495 1718 2447 196 chose a vre service commandez librement ie vous souhaittes

3531 1854 2404 147 les faittes de packes tres salutaire & suis de tous mon couer

5239 2017 513 186 Adij d 1714

3472 2035 877 213 ath Ignace herrion

3513 2118 2355 220 Celle pour vous adviser que le grand convoy avec des sarges ett bien

3523 2253 2443 142 arrivez & j'attand a la fin de cette semaine tous, mes ballots icy

3519 2349 2440 167 jaurez un tres belle partie tans en sarges battard drapees perpett.

3529 2417 2435 151 drogeet le plus a la mode, que de sarges caffees de la veuillte

3535 2523 2388 164 traif avec le nom a lantour & sans le nom a vre service

3521 2618 2446 198 comme j'ay faits des si grandes emplaittes ie suis en necessitez

3527 2725 2484 176 de l'argent ainsij vre grace, me foiroit un grand plaisir de me

3532 2799 2423 195 remettre mais ie vous dois dire que ie ne pourois prendre des

3532 2929 2421 196 lettres de change pour mon compte sur gand, a coute que on

3528 3009 2461 214 perd icy deux amy pour cent pars, que le moinay de franse y raigne

3525 3118 2471 217 & qu'on paye les lettres avec le ditte espece j'esperre d'avoir l'honneur

3529 3236 2457 163 de vous voire icy bien toit pour faire vos emplaittes & ie me recomand

3529 3382 2364 140 e vre bonne inclination soyez persuadez monr. que ie vous

3514 3425 2438 218 servirez tres fidellement cependant s'il y a quelque chase a

3531 3574 2415 154 vre service  vous manque ie vous prie de me commander ie

3530 3663 2391 181 vous souhaitte une heureuse paques & suis de tous mon coeur

5282 3822 620 197 Ady d 1714

3498 3825 1059 201 ath dan Ba L'olivier

3541 3925 2422 218 Celle pour vous adviser que le grand convoy avec des sarges ett bien

3520 4093 2385 150 arrivez (grace a dieu) & j'attand a la fin de cette semaine

3539 4147 2344 211 tous mes ballots icy j'aurez une tres grand partie des sarges

3547 4258 2405 171 batterdes, drapus, perpett. drogett d'Engleterre des plus a la mode
