8187 4637
3081 53 87 137 d

971 160 2344 87 terfope leeft d'een van ul. hier teken om een grote partije te

949 240 2341 128 Coopen wan toenders capabel ben ul eenige dinst tedoee gelieve

943 306 1786 161 te comnardere die naer cordiale groeter blijv

2731 390 578 150 Adij 23 meij 1713

761 348 1016 205 bruggs Giller van Coppenolle

950 449 2376 178 ue seer aengename van 6:13 & 24 deser wel ontfange, met den

929 578 2327 133 laeste, de rek courant van oncosten de 9 pasken beloop ende

946 651 2283 146 ƒ 614:19 die hebbe naer gesien, & d'accord bevonden, soo wert ul

969 730 2255 139 vervolgens gecrediteert het was niet noodigh geweest, dat schipper

943 841 2280 128 seimpe een frans paspoort nam, terwijlen, den stilttant, van

955 912 2327 203 wapenen, genoghsaem gedeclareert was, als mede, dat een ider

966 1013 2329 179 in alle vijligheyt sonder paspoont uijten magh voors schiper

956 1094 2337 199 heeft sijne packen hier gelost, & hebbe de mijne drogh, & wel

944 1187 2364 202 geconditioneert bevonden, van schipper fransde groet hebbee

954 1311 2315 148 noch niets vernomen verlope, echter sijn arrivement in gent de

967 1429 1583 168 vernemen ul van serte greeterde blijve

2776 1513 387 150 Adij d

742 1520 860 170 brussel Cornelis de fays

2030 1536 194 141 1

958 1600 2307 168 op p deser was aen ul mijnen laest sedert van ul niets verome

946 1702 2377 177 desen princepael om ue tadviseren dat het enals convoijnet sarges

932 1795 2349 201 godd lof wies wel is gearriveert, & hebbe mijne packen alt fauys

959 1900 2193 164 waer mede eene schoore partije hebbe becomen gessortement

941 1975 2351 203 sonder wegael, tot ue dinste verhope int cort d'eere van ue hier

949 2108 2275 171 te te sien, om eene groete partije te coopen, versehere ue sal

951 2240 2192 92 bedenen naer ue wel behagen & sentendement waer n

928 2306 2389 195 capabel ben ue eenigen dirst te doen, gelieve te con

950 2424 418 140 nardere

2387 2443 362 151 las trancis

2790 2504 550 148 Adij 27 meij 171

2372 2553 366 103 a Lurne

773 2476 1163 218 Ath Nicolas Francois de Herre

2492 2612 118 72 me

960 2638 2333 114 ie viend de recevoir la tres aggreable vre du 25 courant y joint une

964 2711 2346 140 remise de trois cent florins argent courant a la charge, de mons:

955 2776 2326 163 gras & rima a bruxelles pour la quelle ie procurerez le necesfaire

886 2864 2301 135 & ayant recu la valeurs vre grace sarat  credite a le grard de

950 2922 2385 185 prix de nos millieures supersins sarges vray bastardes a 29p s ie vous

940 3035 2373 129 direz, qu'on la vend ƒ24:- mais on a de la peine pour venu

1579 3127 100 60 en

949 3142 2341 129 a a proe la, j'aij vendu des grandes parties a ƒ23:18, & pour

945 3206 2348 166 moins il ne sont pas a donne sur quoy vous poievez faire vre

939 3308 2320 153 compte tous mes ballots, sont arrivez icy a hier, yee les ay

946 3376 2317 165 ter tous presentement a la maissore, ce sarges me coutent, a

962 3526 2300 106 moy mesme ƒ27:- ainsij ie vous laisse considerer, quelle

929 3624 2385 153 profit, quil y at a faire, croyez moij mons que les sarges

961 3719 2332 170 augementerons encor, mes amis d'angeleterre me marquent que

953 3823 2360 171 le fabracateurs ne vouillent pous donné les sarges au priex

938 3934 2384 163 passe, ainsij nou rerons une grand changement, dans nostre

953 4056 2341 114 negote en peu du temps j'esperre d'avoir bien tost l'honneur

935 4162 2388 141 de vous voire icy & ie me recomand a vre bonne chanlandise

945 4243 1299 169 &ie suis de tous pmen ceu

3403 174 1038 152 ath Jan Ba L'olivter

5521 188 456 140 Adij 99

3527 239 2485 168 le 12  courant, fut a vre grace ma derniere, p la quelle ie vous au

3522 366 2491 159 priee de me donner un pettit mots de reponce de puis sans vre estant

3551 442 2504 129 fort surpres de vre cilence & ie n'espere pas, que ayez qulque maladie

3535 574 2498 104 ou qu'il vous est arrivez quelque malheur done ie preerez, quel vous

3529 623 2522 139 conserve, avec toutte vre familie mon amis d'amsterdam, me marque

3546 729 2378 160 qu'il ny a point moyen, pour obtenir payement, pour la lette de

3529 790 2483 198 ƒ 2169: d'hollande ainoy mandez moy I:V:P si ie la vous veux

3515 919 2499 146 renvoyer. Comnre le convoij est arrivez, & que doibt remettre beau

3527 961 2504 218 coups a mes amis d'engleterre, le debourtement, que j'ay fait, pour

3532 1115 2493 172 le preditte lestre m'en comode presentement ainsij ie vous prie mons

3493 1189 2529 210 de me remettre la valeur, ie suis en necessiote comme vre grace

3545 1307 2469 203 en peut bien suger. tous pres ballots sons presentement chez moy

3546 1404 2469 189 a jouy vre grace, se peut reguler, ie vous salue & suis en adtendant

3547 1545 1948 135 avec impatiente le honneur de vor nouvelles

3380 1654 980 184 dorninck la veusve bracta

5462 1627 528 202 Adj 30 d 1713

5058 1743 150 88 me

3532 1784 2481 131 j'ay bien receu la tres aggreable vre du 26 courant, p la quelle vre

3525 1862 2492 154 grace me marque de tirer, en reponce, qu'on ne peut pas tirer sur vre

3532 1955 2478 140 ville a moins de grand perte, sur lille ont perde plus, que 5 pour cent

3526 2034 2472 144 & pour perdre chaqun la motie le pouvre profit, que j'ay fait, nepeus

3529 2110 2438 171 rabattre la moindre chose, vre grace, doibt considerer que quand

3514 2229 2435 169 le change sur londres monte, que nos amis d'Engleterre ne laissens

3538 2322 2476 177 rabattre, comme presentement nous paijond pour le change 12¼ pour

5474 2405 153 63 dargl

3536 2413 2364 137 cent plus, que l'annee passe, ce que fait monter les a ƒ24:10

3538 2501 2433 190 ainsij vre grace doiveroit monter chez vous vre marchandise d'autant

3533 2611 2487 193 que le change emporte autre fois vous avez profitez au change

3543 2727 2393 139 ansy il faudray mettre l'un conter l'autre a un mots il nous est

3537 2792 2492 201 imposible de tirer, & perdre la mosie de change, ce que monsr. becemand

3525 2944 2457 140 fait ie ne peut comprendre il faut quil fait des grandes profits a la

3522 3007 2450 190 marchandise, que nous, ne pouvons faire, il seroit a souhaitter

3533 3060 2495 251 que le change deminaeroit mais ie ne vous pas d'apperente, sans les

3544 3233 2465 139 nouvelles marchandises est presente ment chez moy, si je vous puis

3527 3312 2488 143 servir ayez la bonte de me commander a vre grace trouvera

3526 3422 715 165 tousjours

5281 3432 354 137 e  e

5509 3473 482 201 Adij d. 1713

3395 3525 957 174 afs Mithiew Brance

3547 3591 2454 179 J'aj bien receu la vre du 15 courant de puis vre lettre de quenze ent

5414 3692 96 59 ay

3528 3689 2444 177 cincquante florins argent courant est satiffait &ie payez a mor

3501 3768 2329 200 frere piere comne a mon frer michief melijn comme en suite

3527 3865 2507 204 a mon reeu Piere en argent count ƒ300: de change £42:17:2

5612 3989 401 141 „ 42:17:2

4894 4009 314 109 „300:-

3550 3992 1103 130 mon freer Jan micheet

5601 4078 428 114 „124:6:8

3517 4093 1752 147 pour moy pour sal de de la partie 19 julles 1712„ 870:10

5078 4148 217 102 1470:6½

4634 4172 1377 172 Ensembe ƒ1470: bechange £210:8:

3681 4233 235 98 este

5687 4273 321 114 11:7:7

3518 4230 942 197 il vous bonne en argent courd

5011 4289 384 116 „ 79:43 ½

4243 4321 1736 122 traissant tous juste ƒ1550:- de change £221:8:7
