8091 4699
903 192 2398 100 cij joint des eschantillions des flanels rayez trois ps superfin, est un ordinaire a

899 274 2417 119 vostre service sont les quatre uneques ps quej'ay, si je vous pais rendre service

898 332 2091 168 ayez la bonte de me commander, & vre grade trouvera tousjours

1794 564 807 154 3 ps a 12 sols de change

1764 731 875 149 1 ps a 11 sols de change

887 845 2426 165 vous sonte de marchandise est bien monte sur les aparances de la paix, shacque

889 959 2379 119 piece de charge, qui doibt venir d'engleterre nous doibt conter nous mesme ƒ22:-

901 1050 1853 112 a vre governo, & si la paix le fait ils montrons encor plus.

704 1037 1052 197 halle ricolaes van den berge

2646 1119 589 126 Adij 29 gber 1712

907 1205 2370 117 beyde ul seer aengename van 10 & 13 deser wel ontfangen den eersten p Jaques de

893 1248 2279 153 pre die een toer naer hollant ginck, & is voor giseren hier bij mij wederom

897 1365 2307 115 gecomen, & heeft mij maer seven pittolen komen geven waer voore aen

900 1457 2379 106 hem quittantie hebbe gegeven, & ue is daer voore gecrediteert, met den laeste

888 1514 2389 137 de staeltiens berugge, van ue vien stucken heeft geteaekent die aen d'en syde

897 1614 2370 129 gedaen hebbe & daer noch drij sarges coffees, soo versoecke mij ul ordre toe

909 1693 2392 140 te senden, om de selve te versenden, waer in voorders capabel ben uls dinst

889 1754 2364 140 te doen, gelieve te commanderen, het is mij leet te verstaen datter met

891 1848 2413 106 de coopmanchappe niet te doen is, & dat meijof ick: beminde haere daerom

903 1949 2364 129 uuytstellen sal tot in den vasten, verhope echter mede legers uyt het relt

912 2025 2348 134 sijn, dat het gebiet sal aencomen icl & ue beminde van herte groettende

898 2151 2263 113 blijve n afrachtinge d'eere van ue antwoort tot versendinge

903 2221 706 132 van de 3 sargen

2708 2262 565 180 Adij 29 gber 1712

671 2285 975 178 Lier Francois ollaert

905 2397 2319 173 sedert 25 meij lest, als wanneer als het geluck hebbe gehadt aen mejoff:

916 2547 2225 124 ul bemende 6 sarges te vercoopen, waer het sacturque aen haer hebbe

889 2607 2382 144 mede gegeven, van ue niet meer vernomen verhope eghter ul goede gesonheydt

892 2689 2301 144 des en principael, om ul te laten weeten dat alle de engelse convoijen

895 2781 2323 134 van dit gaen gods lof d wel aengecomen sijn, & hebbe soo schoone partije

880 2870 2405 130 goedren bij als noch wel oydt gehadt hebbe, soo iets van ue dinste is versoe

891 2972 2351 123 sijne mij t'employeren sal altijdt mijn uytsterste beste doen, om u wel

893 3040 2404 115 te dienen, waer op vrij moght verlaten us van herte groetende blijve

674 3108 1048 159 Awerton Bere & Enechmarck

2590 3127 618 138 Adij 30 gber 1722

929 3190 2360 144 & aengename van 5 deser wel ontfange daer benevens mijne rek courant

899 3324 2373 110 waer door al op saldo soude comen st£127:1:8¾, dat hebbe naer gesien

901 3371 2395 146 & d'accort bevonden, voorders sien dat ue niet verstaen hont dat de tweeschep

886 3460 2258 130 tce tan voor ue rek souden blijven, ick bekenne mede dat de modes

887 3544 2397 118 diewils verandren, maer dat ue seght dat pretendere soude de overblijfee

909 3627 2341 129 van die ouleuren te segge die soude geordoneert hebbe voor ul rek is

880 3698 2404 132 gans vals hebbe daer allennlijck geen gedachten van, als ue van de tweede

887 3786 2385 121 soonte geordoneert hebbe, hebbe altijdt wel dreukelijck gesijdt, van die met de

893 3874 2388 90 een schulp de ttampen het mijne brieve van 20 Julij 1711 ens naer daer

901 3935 2379 111 sal ue lesen dat een baeltie van de schulp verkoght hadde, & naer dat den

900 4013 2374 141 cooper het selve geopent hadde, hadde de twee star daer op bevonden

897 4103 2398 151 & hadde de staelen te gelijck mij weder gesonden het mede naer den mijne

891 4217 2375 137 van 30 april 1711 daer hebbe u genoteert hoe dat met eenige van

887 4283 2388 119 ue royalls gevaeren ben, te lanck om te verhalen, & met dien van

3605 224 2438 105 8 Junij 1711 lanck & breeet gerepleccent op quade couleuren, als andersins op de packe

3576 307 2469 92 N. 12 a 19 & N: 46, die beliepen st £903:3, als wanneer ul wederom geile gesonden

3581 368 2455 125 hebt, die gerecomandent hadde, met mijne voorige van niet te senden volgens mijnen

3586 422 2438 102 van 13 julij 1111 sal ul sien, als wanneer mons. te blon hier was, hoe dat met hem

3581 502 2466 76 alle u gesondene stalen op mijn ordre van 30 april 171 geconfronteert hadde & dat hij

3592 560 2408 141 selver heeft moeten bekennen dat die ordre gans niet naer gecomen was, hij kan ue

3584 653 2414 91 noch wel daer van spreken, want dat is soo lanck niet geleden, dat het uyt sijne

3567 694 2476 116 memonie soude gegaen sijn, soens, hebbe ul mede gesijdt dat ge sont disponeren van

3578 776 2471 103 de ture schelp & tasee star van derosse hadde u twaef ps gesonden, die teros waren

3580 857 2464 155 & hadde ul sulckx stalen niet gesonden &  hebbe voor leden gaen ue het slot van onse

3576 942 2439 162 ret courant gesonden sonder mijn prejuditie, van alle het voors wat aengaet

3568 1001 2443 140 het rabatteren op rek. dat doen ick niet e wille mijne vrinden niet aftrecke, ten

3573 1091 2473 169 ware het aen mij gedaen wort om schade, die aen de staeken sijn, gelijck aen mij dit

3576 1150 2472 181 jaer al veel geschiet is op eenige van ul goedrer & dat is redelijck dat gijleden die scaden

3567 1223 2419 180 draght, reskent maer eens op de gestrepte flanelle op ider stuck een a wat dat beloopt,

3568 1318 2469 162 op ider stuck sarge connen boven eenen gulden 2 s niet proffiteren, & daer voore

3579 1404 2456 144 ontrent een jaer borgh noch uytstaen, soo het is soo sleght, dat men moet van alle cante

3572 1482 2419 160 toesien in toecomende sal mij anders moeten reguleren, want ick sien wel als

3563 1580 2394 134 men lanck waght van sijn belang te seggen, ofte meede verse daet de goedren die

3556 1649 2488 127 naer ordres niet sijn, voor u ick te laten liggen dat gij lieden alles van den halv

3565 1733 2443 114 soecht te schudden, dogh dat can present niet gevonden worden om dat alle de voors

3567 1793 2462 139 us ongelijck aen wijst, soo ul moet niet meer seggen de couleuren die van de mode af

3564 1865 2466 163 sijn, voor ul: rek. wille laken toont mij eens, waer ul oyt een stael gesonde hebbe

3559 1980 2457 108 gelijck dit doodts geil staeltien op 8 deser ick gesonden, & waer gevraght hebbe tee

3545 2070 2495 100 schulp twee star, & barges sonder perse die mons. le blon hier sijnde van ue goedre

3557 2131 2480 176 wel gesien heeft, & soo proberen kont dat int menste van 't gene oyt gerepliceert heb

3568 2211 2467 181 ongelijck behalen kan sal mij aen alles submetteren de negotie blijft gans stil daer

3542 2292 2478 136 wort naer geen goet gevraght, hebbe seer groote partijen goedien noch bij van

3549 2361 2485 182 die rootachtige couleuren, hebbe noch al eenige couleuren, die nu sullen gaen

3547 2477 2462 167 treck hebben van olijves sijn naer het light olijf blosent, gelijck het staeltien

3543 2562 2493 167 N.3 van 30 april 171 en naer dese twee, ingeslote staeltiens & voor groen schades

3545 2635 2469 136 naer dit ingeslote stael dese sulle mij het cerste manqueren d'loups a l'ordinaire

3535 2723 2502 175 tot ul. governo. de wissel is present soo hoogh, dat de goedren, die niet soo een wissel

3553 2806 2483 186 betaelt worden soo veel foude incosten, als se wel verkoght worden, gelieve mij

3537 2883 2431 145 te nateren, hoeden prijs van de sarges a costij sigh reguleren & blijve naer

3561 2967 797 143 Corduale groettenissee

4540 3097 1473 178 voor groen schades niet gooenden maen wel geilden

4543 3221 1363 158 voor alijves seer goede couleurer levendigh

4546 3312 1483 152 & blosent wel gemengelt geen lichte als het ondessa

4565 3406 345 115 staeltien

3929 3453 345 112 een lichter

5503 3494 78 125 d

3591 3467 714 160 dharles Hamilton

3372 3486 190 157 londen

5246 3539 715 126 Adij p. sber 1712

3531 3576 2472 144 beyde ul aengename, van 24 sber & 3 pas op hun tijdt wel ontfange, met

3471 3665 2541 175 den ecoste de twee seconde brieven van ider  £200:-:en & met de laeste

3494 3743 2526 175 de rek courant, die d'accordt hebbe bevonden, soo is u op neu rekeninge

3524 3861 2460 102 gecrediteert voor £:4: 9 en die ue p rest sijn toecomende voorders ben

3518 3958 2433 107 verwondert dat mons beurige byft persisteren om de onkosten op het

3548 4007 2427 151 MN7. ben present noch besigh met sijne rck naer te sien, & bevinde dat op

3518 4089 2498 143 de rek van den jare 1707 gecrediteert is voor oncosten tot londen op u. 4:5

3542 4190 2363 126 £3:9:0 en als oock van ditto op n. 6. £2:6:4 en en voor ditto op nN 7

3531 4280 2476 127 £3:11:67 & die rek is alsoo gesloten voor den jaere 1707 de navolgende

3511 4344 2382 113 jaere 170&: hebbe noch eene nuuwe ick met hem bogonst, die mede
