8187 4644
2863 204 454 137 Adij 9 april 1716

749 204 686 170 Ath Ignace Konon

990 268 2317 161 i'aij bien receu a son temps la tres agreable vre du 26 du passé p la quelle

942 376 2388 109 vre grace me marque de recevoir du messagier de malline a anvers, pour

878 446 326 86 Comstler

914 459 2400 134 de monsr. Joseph de bloeg cincq cent & quarante florins argent courant plus

925 553 2375 144 ou moins depuis j'ay parle a tous les messagiers de maline, qui, m'ont

935 618 2360 138 repondu qui n'ont pas ordre de personne, pour me compter de largent

926 720 2391 145 & quils ne cognoissent point mon sr Joseph de bloey ce pour quoy ie vous prie

930 807 2316 158 de me marquer le nom du messagier ou du moins me donner plus

934 863 2342 185 declairissement marque moy I:V:P: ou le predit s. de bloeg demeure, vre

941 1001 2338 146 grace poura escrire au dit de bloey qu'il donnerois ordre au messagier de

948 1063 2314 148 me conter ce qu'il vous plaira. le sarges montent de jour En jours,

934 1155 2374 172 in le vend presentement ƒ24:- laps. &ie craqne, qu'ils seront en peu

943 1250 2209 195 bien plus monte esperant l'honneur de vous voire, & a ie suis

948 1369 2350 167 capable a vous l'endre service ayez la bonte de me commandere

927 1498 955 169 & ie csuis tres cincerement

2751 1554 482 195 Adij 16 meij

740 1606 995 186 Mons Antorne & allopen

941 1706 2365 142 ie viend de recevoir l'aggreable vre du 12m courant p mon frere piere

933 1799 2366 146 melijn qui m'at dit au pois de mars ce que vous l'aviez ordonnez

940 1911 2385 128 chavoir, que ie pouvois tirer, sur vre grace ce que vous m'ceste rede ralle

2798 1971 96 71 14 d

935 2007 2375 115 & vre grace confirme p le preditte en reponce ie n'ay d'occasion de

944 2066 2377 174 tirer vre grace grovera pluttoit d'occasion de me remettre Comme

931 2185 2337 172 Mons. hamalt fais, qui prend toujours des lestre de change de

950 2247 2372 191 mons Piere recq a 8 au 15 jours de vue tant pour des pettites sommes

930 2372 2362 185 que pour des grosses ie ne doult pas que ie vous vous y addressez

945 2440 2077 210 que vous serez accommode de mesme a vres governo

922 2553 2311 160 le grand convoij avec des sarges d'engeleterre est grace a dieu)

943 2667 2288 181 bien arrivez p le quelle ie necoiverez une bonne partie & une

942 2774 2357 176 s soutement sans pareille toute sorte de marchandise est bien

949 2844 2336 181 monte a cause, de la paix le sarges se vendent ƒ24:- laps

957 2973 2307 130 s'il y a quelque chose a vre service ayez aa bonte de me

982 3074 1660 162 commander celuy, que se dit tres cincerement

2792 3124 356 163 Adij ditto

708 3178 1124 198 dorninela reusse efa

972 3228 2308 216 Celle pour vous adviser que le grand convoy avec des sarges

962 3377 2287 172 perpet droget  est bien arrivez p la quelle j'ay reccu une

964 3433 2301 190 bonne provision & assortement touttes sorte de marchandise est

940 3530 2394 196 bien monte a coure de la paie ses sarges a ƒ24:10 a ƒ25:-

967 3667 2326 161 ie ne double pas quina demontrons en peu en plus esperant bien

957 3777 2375 128 tost l'honneur de vous voire icy pour faire, dus bon nes emplaitte

954 3877 2357 140 soyel parsuadez, que ie vous servirez tousjours tres sidellement & de

963 3963 2372 127 la bonnes marchandises, comme jay fait de si grosser emplatte

1115 4056 284 65 en gelt

967 4041 2360 175 seye persuadez & que j'ay besoin des grosses sommer l'homrent

968 4131 2355 148 de vos remises me feront tres aggrea ble vre grace me faire

972 4222 2325 156 un grand plaisir de me remaittre a cause, que je suis

986 4305 2323 127 un peu ea necesite en attendant & ie suis de tous mon cioeu

3369 172 1056 181 Mechelen Jacobus Paradaens

5483 191 531 155 adij 17 meij 1713

3506 237 2518 213 Mijn keer ingevolge ue ordre soo sende aen ue heden p wagens naer noem

3541 397 2474 118 de trree sarges voyales & de 15 ps princel sarges 24 gd. te samen op

3551 479 2440 125 gepackt Egemarckt ID:X. waer voore, het noodigh, gelieve te

3570 555 1511 122 besorgen, & mij te crediteren als volght

3813 646 1210 152 voor 15 prince sarges beste 24 gdr

5397 577 644 229 ƒ 36:10 ƒ547:10

5422 722 624 128 „ 31:-„ 63:

4026 729 1046 179 0 sarges Roya les best 24 gdy

4009 807 217 108 120

3533 829 2488 214 dat gelieve. mede te noteren twijfele niet, oft samen spwissel ƒ 609:10

3539 940 2490 197 suls d'accords bevinden dwaer in noch capabel ben om ue dinst te doen

3545 1051 1555 176 gelieve te commanderen die blijve

3367 1128 937 188 ath Joseph Doul mery

5430 1170 392 164 Adij d

4936 1265 131 71 me

3565 1204 2470 196 ie viend de recevoir l'aggrable vre du 15 may courant y joint sept esc

3526 1345 2496 167 antillions de scharges, & deux drape pour avoir deux pieces, sur chaque

3542 1441 2487 148 eschantillions vre grace, me demand le dernier prix, ie ne doebte pass

3543 1532 2472 138 mais vre grace, est bien enforme, que nos sarges, & touttes autre mare

3546 1623 2435 142 handises, est bien, monte a couse de la paix nos sarges veutables

3546 1702 2469 121 milleures 229d se vendent ƒ24:- les couleurs ordinetres, & toustes

3524 1818 2502 121 vos eschantillions sont presques gaspe, qui coutent en engleterre cing

3542 1897 2481 146 eschillens p ps plus, que les autres ainsij il ny a pas moin de vous

3533 1978 2407 170 mander une prix resonable, cependent, ie vous dray faire tous de voir,

3527 2084 2435 159 pour l'honneur, de vre chalandise, ie vous envoyerez, a ƒ24:10

3529 2158 2494 149 la ps vre grace verra, que nos sarges seront monte en peu du temps

3543 2266 2485 120 jusque ƒ26:27, a cause, quils assent en engleterre, au sai & mes

3557 2351 2460 157 amis me marquent, qu'il est font difficile d'avoir, des sarges, pour

3544 2434 2472 165 son argent, les fabricateurs, sont presentement, fort liere aveceur

3545 2551 2430 131 satges a vre governo. ou ie suis capable a vous rendre service

3561 2621 1354 157 ayez la bonte de me commernder

5376 2660 559 209 Adj 17 d

3393 2683 1131 174 brussel de wed: borremars

3552 2828 2469 128 op 10 deser wat aen ue mij ner laeste waer aen mij gedrage sedert

3560 2917 2463 131 van ul niet verromez en ingevolge mijne gelofte sal deten

3533 2967 2479 189 dienen om ue de adviseren als dat seo aenttons verneme

3537 3059 2472 186 dat mijne paeker van bregge alhier voorde hay sijn aen

3561 3167 2339 178 gecomen & sullen morgen vrogh geloft worden tot ue

3507 3271 2436 169 governo verhope nu int cont en hier te sien op dat ul

3527 3357 2479 192 mage destote oogh op het goet setten & dat ue a contento

3528 3497 2479 166 magh bedienen waer mede blijve naer cordiale groeten

3538 3561 444 163 ruse

4089 3578 246 162 26

3368 3646 678 191 heer Jan de Kinder

5512 3698 456 187 Adij 22 d

3540 3790 2441 198 ue seer aergename, van 1 deser wel ontfande, daer benevens twee

3541 3919 2469 167 wissel brieffies eene n ƒ140: t'ardre 38 patoirns 5 schell

3524 3997 2432 190 inge 5 oorde waer voe, het noodigh sal besorgen & op ontfangh

3503 4085 2502 173 deser ue rck dae voore crediteren can met na laten t'advisere

3525 4174 2490 190 dat het ergels convoij met sanges behonden is gearriveert waermede

3521 4305 2463 143 aen sctione partije hebbe become aassontement sonder wegaet
