8378 4630
2796 176 545 138 Adj 3 jarru 1715

1004 160 956 181 Gendt Jan B de Sedelaere

1114 247 2281 156 in lange deere niet gehadt aen ul te scrijven bij faute van occasie

1071 379 2289 145 desen om ul. tadviseren dat noch mael de libertijdt genomen

1097 426 2288 205 hebbe van aen een pack de consigneren comende van brugge

1091 552 2330 180 & sijnde gemarckt N.58 dat uyt den absom vaerder nat gecomen

1088 641 2210 219 is derhalve versoecke vvindelijck op het spoedightte p waegens mij

1094 731 2282 218 toe te senden in soodanige, oft andre occasie, gelieve mij mede

1098 852 2229 190 liberlijck te commanderen a wense u in desen koopende jaere

1083 940 2219 209 alle legen voorspoet & benedictie met noch veele navolgende

1081 1080 1678 189 waer  mede blijve naer cordiale groetenisse

2830 1199 482 180 Adij d. 1715

883 1244 1186 232 Brugge Gillis van Coppenolle

1100 1380 2183 157 op gistren, was aen ul. mijnen laesten, waer aen mij gedrage

1114 1423 2255 184 sedert become ue aengename van selve dato met advies dat het

1102 1529 2252 204 selve pack van boven noch voghtigh blief, a dat het op de breede

1088 1632 2283 179 van de stucken is, waer van verwondert ben, oft het pack moet

1076 1745 2308 200 op sijn hant int schip gelegen hebbe a dat is geene maniere van

1087 1834 2235 187 laden, hoore wel dat beridge geen sedde geleden heeft door

1050 1925 2255 208 de zee & dat de schade maer gecomen is, door sijn neglisientie,

1083 2017 2326 219 t sij dat sijne luycken niet weldight waeren oft door de ponpe

1099 2125 2293 193 van sijn schip waer toe sijn protest degens de zee niet heepen

1091 2210 2252 223 can, soo laete dat pack voor sijne rek. & uk sal voor eerst

1096 2340 2196 197 hem geene vraght betaelen nocht van d'een, oft d'andre

1083 2451 2247 199 packen is hij te vreden, dat het pack hier laete comen

1103 2552 2239 177 om te sien sonder leade daer af te geraken sal voor hem

1053 2641 2339 186 doen, als voor eijgen 286: sal dan het pack p baergie sende

1074 2749 2267 211 aen dheer de sadelaere tot gent met ordre cito p waegens mij

1090 2904 468 169 toe te senden

1100 2946 2241 201 vorders wat aengaet de schippers ontrent de vraghten seyge

1099 3042 2244 178 noch mael dat geene paeken laden laet als tot 6opo p vat

1080 3131 2279 187 & soo die saete door de magistraet in een dagh oft dij wert

1094 3226 2241 216 afgedaen, gelieve te laeten weeten, sal dare ordonene

1035 3322 2280 169 de selve p baergie op gent te senden, want wij en geender

1092 3436 2317 188 maniere minder, als tot 60 ps prat onse goedren & beurtman

1088 3519 2273 177 sullen laeden comen tot u naright u mackt geene mentie van

1005 3629 2224 198 de resterende 5 balloten, dat mij doet vermoeden wel

1080 3735 2226 227 geconditioneert sijn, dat met groot verlanghen van ul

1086 3852 2268 191 verwaghte te verstaen en afwaghtinge deere van ick

1098 4020 1780 156 antwoort blijve naer cordiele groetenise

5354 202 608 159 Adij 3 Janua. 1715

3486 203 613 169 Ath Andre Lison

3591 289 2462 177 le 15m abre passé fut a vre grace ma dermiere depuis sans vre il y a un

3535 418 2502 132 de mes amis, qui m'at prie de luy vouloir faire comptor quatre cent pinqu,

3579 514 2446 125 ante florins argent de change & p cette occasion jay tirez aujourd huy

3574 580 2385 134 sur vre grace la preditte somme payable, a l'ordre de mons. pauls

3580 646 2452 195 charlee ie vous prie d'y faire honneur a la satissaire a vous m'obligerez

3559 761 2398 165 outre le grand convoij ava des sarges est bien arrive grace a dieu

3560 852 2382 199 jesperre d'avoir tous mes ballots icy en 15 jours j'aurez un tres

3562 942 2513 213 beau assortement a vre service & comme ie doibt remettre becau

3536 1068 2466 215 coup en engleterre vous me fairay plaisir de me resmettre

3551 1175 2484 162 la reste ie vous souhaite atte annee tres heureuse & salutaire

3543 1323 1084 157 & ie suis de tous mon coeur

3586 1405 2494 248 ie vous prie de dira a mad vre mere que le convoy ert arrive

3533 1585 2207 168 comme aussij a mons. Piere courtois vre barn frere

5387 1703 543 186 Adij 3 d. 1715

3536 1722 808 204 Dorninck simon donne

3547 1833 2514 199 j'ay recu en son temp l'honneur de la chere vre du 6 courant y joint

3565 1982 2434 105 une remise de trois cent cinequante florins courant sur le s. estienne

3547 2089 2483 132 van pruijsen, qui est accepte & a son temp vous serez credite en argent

3527 2166 2449 143 de change pour trois cent florins les deux perpet. blanchie, que vre

3539 2267 2467 167 grace demande sont entre les mains & ie vous les envoyerez du bord

3550 2358 2427 186 quil seront pret on vous lenvoyera avec la marchandise que

3560 2448 2427 194 vre grace a demande de mon frere piere melijn, ie vous souhaitte

3548 2548 2409 194 cette annee reciproquement tres heureudes, & ie prie dieu de vous

3552 2654 2441 191 estre de plus accompliee & benedictions suivie de nombre, d'autres le

3543 2771 2452 194 grand convoij avec des sarges est bien arrive grace a dieu  j'aurez mes

3544 2865 2465 164 ballots icy en 15 jours tous au plus tard, s'il y a quelque chose a vre

3549 2976 2285 172 service commande librement celuy a l'honneur d'estre

5403 3131 558 181 adij 5 Janu. 1715

3463 3143 823 178 fwerton hen rij Blagdon

3546 3240 2455 154 op 8 past was aen ul: mijnen laesten met remise voor st £ 140:- ten laste

3544 3359 2409 139 theodor Jansen sedert hebbe become ue aengename van 4 pasto. ditto, met

3531 3418 2470 168 mijne Rck. courant die vervolgens d'accordt hebbe bevonden u op niuw Rek

3526 3530 2450 195 gecrediteert p rest voor st £ 2:11:8 et hebbe gistren advies gehadt van

3528 3612 2416 206 costij die de brieven van 8 ditto be antwoorden, soo twijfele, niet, oft ue

3520 3654 2481 232 heeft de voors remise ontfanghen, dat u wel behoorde mede bij tijdts

3528 3817 2432 183 t'adviseren, voorders het is mij leedt dat de perpet. met baridge niet hebt

3524 3914 2487 199 connen versenden hij is godt danck dwel gearriveert dogh heft al eenige

3528 3981 2496 194 natte goedren hoore noch niets van die bedrght is. hope wel sullen

3523 4137 2434 167 sijn om alle de feest daeghen hebbe niet serder connen scrijven soo

3528 4216 2443 198 sal desen dienen, om ul te seggen dat de perpet, met bwings sult
