8002 4665
839 178 2374 119 pas concince de vendre la deux jesme sorte pour la premiere

849 261 2427 138 cependent ou ie suis capible a vous vendre service, commande libere my

851 346 1516 150 & suis en attendant vos eschantillions & ordre

2481 405 705 159 Adij 24 sber 1212

658 435 570 170 weton uipertt

834 511 2371 191 beyde ue aengename van 16 pes & 3 deser wel ontfanghen met den laesten

816 645 2421 126 facture & staln cognossement van tewee balen in honden de 60 ps sarges

830 719 2431 150 & 49 drapeern die gans nae yn ordre & stalen noet bevindeue hadde nt

830 823 2391 167 ue voorige geleijdt dat eenige ps. bij hadde naer het staeltien N.V. van

829 900 2398 190 11 meij ue toegesonden, waer op die geordonneert hebbe & onder de gesondene

817 1015 2415 148 60pt. bevinde niet een dat daer bij kan comn, sijn alle te light & dondt

822 1074 2415 215 jae seer naer noet vercoopbaer voorders hadde 30 drapen geordonneert

819 1193 2456 173 & ue sender 40ps me daer is niet aengelegen wart dat de couleuren man

818 1319 2442 149 naer mijne staln waren de lighte oft witte, die ue sent ercnael in

816 1399 2403 176 het baeltien  £ 146:148 dooghen niet, syn te doorts als oock 2a 3

828 1495 2446 143 dlives in de selve, niet vershopbaer de andere sjn daen op daer ontrent

821 1565 2397 185 wel, het is pretent soo sleght met onse negotie, dat te noydt in soo

822 1666 2356 206 een neer lage geweest is, & het woort dagelijckx noch erger de coopers

815 1749 2451 215 sijn soo heurigh dat het niet te verdragen is, & bij ulln dat laeden

822 1854 2444 214 gaerne de goederen beete coop hebben als die ons wel inscste daerom

833 1957 2307 181 magh geene goederen naer mij nemen die noet ventigh tij, soo ick

817 2037 2409 196 sende de voors quade couleuren voor mijne iek. niet aenverden n

800 2159 2432 160 behoorde mij soo danige niet toe te senden want dat maect maer

805 2284 2410 126 moeyelijck & egie, daer gant noet mede gedint ban ingesloten en

814 2404 2315 124 staeltien van drapee, waer op mij hoet het eerste convoij gelieve

820 2500 2356 118 toe te senden 10ps: dogh preere oft geene, be uaerbij verlegen

801 2592 2410 158 de wissel is wederom seer gemonteert & hier syn geene brieven te

820 2670 2425 134 becomen anders hadde u heden geremitteert dat verhope dat scort

813 2765 2212 179 sal sconne doen wat nisseert geloeve te late weete

1846 2914 806 149 voor 10 sarget drapen

2629 3066 463 194 Adij 265gber

843 3241 2367 163 ul aengenaeme van 23 wel ontfanghen, daer benevens een assignatie van voree

843 3312 2308 196 hondent entwintigh guldens wissel gelde ten laste S: braeckmans gdie

831 3444 2385 142 aengenomen heeft, de selve te voldoen &twijfele oock niet, aen de betae

1353 3511 93 63 derk

832 3542 2401 146 linghe, soo dient voor quitantie bedancke ue voor de goede sorge, hebbe ue

832 3626 2324 163 ingslote stall van drapee op ontfangh naer englant gesonden, en

843 3703 2373 160 eenige stucken daer op ontboden verwachte mede, met het eerste convoij soo

815 3755 2408 148 danighe, soo die sullen gearriveert sijn, sal ue adviseren, & waer in middel

832 3878 2431 192 dertijdt capabel ben ue eenige voordren dinst, versoecke van te command

837 3958 1430 195 eren du naer Cordiale groettenisse blijve

5454 193 561 124 Adij 2 2 sber 171238

3364 195 589 132 ath andre Lison

3561 263 2309 120 je viend de recevoir l'honneur de la chere vre du 23 courant: y joint quelques

3560 360 2444 136 eschantillions a vre ordre pour vous envoyez des sarges melieures bastardes vray 22

3544 430 2409 167 verges ce qui est font bien & les couleurs seront suivee font justement, mais poun

3546 552 2457 117 le prixe ie me referre a ma derniere, il est imposible de vandre la melieure sonte

3536 634 2519 151 moins que ƒ 22:- & puis que vre grace marque pour les avoir a ƒ21:10 ie n'ay les

3543 692 2440 175 peul pass envoyer, il faut scavoir monsr., que quand la marchandise baise que les

3559 761 2464 210 baisser aussij, & quand. elle ausse, qui faut ausser aussij, & a present la marchan

3524 870 2516 173 dise n'est pas ausse seulement, mais le change sur londres aussij ce qui la ferat

3545 950 2482 175 encon plus chere, sur quoy vous peuves reguler. J'attendre vre ordre, pour les envoyer

3551 1028 2459 184 a ƒ22:- can autrement ie devrois avoir patience, tout vos voisens ontrdonné ce

3539 1125 2429 188 prix ancor avec argent contant 'attendres l'honneur de vre reponce, & je suis de

3542 1196 606 151 tout mon coeur

5405 1266 626 175 Adij 22 sber 1712

3391 1277 893 159 Geut Michiel Rogaert

3509 1414 2513 137 sende aen ul heden p wagent een pack gemarckt :2: P. om te

3526 1511 2514 128 volgen doodre van merouf de wedt stobbeleere sijnde voor hare moeden

3501 1582 2529 166 merousse de wed: Pieter goedt gebhier hier onder hebt ue de notitie van de

3524 1719 2337 129 nhoudt, soo gelieve het selve vervolgens te verclaren & vesenden

3526 1813 2475 114 geloove dat dnerouff: stobbeleere heden gewagens mede vertreckt waer

3526 1881 2334 97 in ue dienttigh skan sijn gelieve t comanderen die blijve

3673 2018 2232 130 een paek gemarckt S.F: C. houdt in 45 engelsche sarges

3330 2058 744 186 brussel Cristiaen segers

5329 2122 615 147 Adij 30 gber 1712

3536 2208 2498 179 sedert, dat het gelijck gehadt hebbe ue hier te sien, ben geinformeert, dat de beurtleyden

3532 2311 2496 176 op costij wedrom, moghen loodt mede nemen, soo, neme de vrijigheyde van ue te versoen

3540 2416 2466 153 ken, van naer den prijs eens t'informeren, het is inglant, en hier gemonteere over

3533 2482 2492 156 drij daghen, is het hier tot 21 ½ s verkocht, soo soude het costij wel 22 ½ s moeten

3533 2554 2496 207 halen, hebbe noch 24 blocken by, & sal daer gaerne afschijden, tot eenen resonablen

3543 2662 2471 192 sbrijs, in afwachtinghe d'eere van ue antwoordt, blijve naer groettenissen

3319 2738 917 180 Cadix Lours Calleboutt

5478 2845 539 147 Adij 300 sber1722

3531 2897 2443 172 op 16 deser vras aen u mijnen laesten, waer bij sult bemercken, dat de £83:5:53

3531 2984 2488 181 aen de wed: Claesens hebbe betaelt, sedert become, ue aengename van 4 ditto in

3535 3038 2374 208 antwoort het seoequie, dat ue geeft comt wat over sijn tijdt want, ue is geene

3537 3128 2485 196 betalinghe gewijgkent, nochte hebt in het minsten geen proeditie geleden, sal watt

3553 3217 2470 190 toeken, dat niets doen, dat teghens het credit van mijn vader sal, oft het mijne magh

3537 3293 2445 190 strjden, dat het voor vremde geweest waere, seherlijck soude niet gedileayeent

3529 3364 2484 205 hebben uydt reden, dat die schult niet soude voortgecomen sijn, van het invoordre

3544 3444 2481 213 van eenighe hays aen gelde die met veele moijte, en rusie, van tijdt tot tijde van

3519 3523 2506 217 de luyden afgehaelt worden, dat mijn dader saligen voor u met plesien gedaen heeft

3515 3645 2509 187 gelijck oock mijn broeder sal continueren te doen, & sulckse, soude voor vremde niet

3529 3722 2480 197 geschieden, derhalven, hadde ue dat te meen moeten consideren, & ue soude lichte

3537 3799 2478 192 lijck sigh self uyt het provene vant overbleven galeoen connen geremburseert hebben

3527 3918 2409 178 hebbe aen mijne broeders gecomuniceert, dat de provenue van de canten en het

3529 3958 2483 200 blochies gout gecomen is, dat se door ue vrindt in sevilla ontfanghen sijn, dogh

3520 4044 2498 232 dat het noch wat tijdt sal aenloopen voor al een men de vrughten daen van sullen

3533 4155 2449 219 hebben, evenwel wij sijn in groot verlanghen naer de selve,  que familie van

3539 4234 817 162 herten groetende blijve
