8207 4665
2455 191 735 156 Adij 5 xber 1715

701 184 868 164 Siverton Robeur. broudge

850 313 2360 112 uk seer aengename van 17 aug. lest wel ontfanghen daer benevens het

822 408 2433 110 cgnossement van N.8. in burridge gelaeden die behorden is gearriveert

817 468 2469 136 hebbe die baele benevens N.7 te gelijck alhier ontfangen soo dat met over

827 564 2459 141 london te senden geen tijt gewonnen hebbe, de couleurde larges waren niet

823 648 2453 167 gereedt voort vertreck van bwondge, & ue sende die met bwings senden, hebbe

823 739 2436 137 twee van u baeltiens van de sarges 2 voedt verscoght, & daer sulke claghten

819 816 2451 184 van gehadt dat sij de selve wilden weder gevon omdat se soo smal wars

843 910 2444 129 sommige noch minder alle en elle onser maete breedt daer se reght can elle

812 990 2476 152 &½ bierendeel breedt moeten wesen daerom gelieve op dese bale te lieten dat de

846 1119 2404 141 stucken hunne volle leingde breede hebben, oft niet te senden, want sende

844 1159 2198 173 genootsaeckt sijn die voor ul: rek te laten, & dat doen niet garen

838 1249 2431 171 wille noch wel een bale van 60 perpet. geasserteert als aen den voedt deser

819 1317 2469 167 bij aldien ue de selve soorte pretent gereedt hebt wille die noch wel over

824 1432 2457 212 lendon, te addresseren aen dheer hamilton, gelijck de voorrge bale N.7

825 1529 2394 162 doch recomandere van altijt schoon goedt te senden, op den voedt, gelijck

845 1619 2428 150 aen dher van havre hebt gedaen sijne principaelste calanten leggens dat

838 1773 2446 110 het goedt dat hij creegh beeter was, als ick noch oyt gehadt hebbe daerom

841 1859 2430 123 recomandere de goede sorge, blijve in afwaghtinge nl antwoordt om

821 1933 1630 162 volgens te reguleren & groete ul van hee

1241 2032 794 182 20 perpet. a a 61,

1246 2136 796 138 20 ditto„ 70 s

1248 2216 805 144 20 ditto„ 80

841 2300 2272 169 ul: sal de selve met inck op de stucken aen den selfkant teekenen

2530 2404 533 175 Adij 6 xber

823 2414 1138 174 N. 60. 70. 80. & niet N.1:2.3

640 2524 946 165 Brussel le faijs & de werner

820 2611 2459 163 verhope uls goede thuys couste, desen om ue te laten weeten als dat gisteren

834 2707 2444 134 de twee peecken in den beurtincen op brussel geladen hebbe, & staelt heden

827 2774 2418 158 te vertrecken, hier benevens heeft ick ider syn facture, die wan mons. le

844 2913 2434 118 faijs beloop ƒ 1215:5 & die  mons de wemer ƒ1126:5: die gelien

849 2953 2377 157 lae te sien, & naer wel bevinden, mij daer voeren te crediteren de

831 3056 2408 138 balen sijn beyde geaddvessert aen mons: le faijt. & gemerckt EI. C.N.1:2

851 3182 2417 101 en de N.3 is voor mons: de wemer, waer in is gepackt voor mens le

843 3230 2436 182 fays 3 bette coffees uyt het betltion & 44. & 3 voyales, & de 4 swerte preit

822 3340 2376 135 het beuttien N.2. is voor mons: de wemer le fays alley verhopende

824 3429 2420 159 de goedere ue: wel gecondit doncert ter kant sullen comen & waer en ick

857 3533 2361 140 voorders dienstigh magh weten gelieve te comanderen & blije naer

2552 3597 631 166 Adij 6 d: 1715

828 3628 776 164 mularme groetenister

629 3719 865 183 Brussel Jan de broe

824 3809 2407 137 ick: seer aengename van 4 deser wel ontfanghen dien volgens sal die

831 3897 2447 148 stucken perpet. gereedt massen, om op het spoedighste ick toe te senden

830 4002 2277 172 te weeten twee zeepwitte een stuck N.1.... ƒ 32: & un ditto

814 4101 2462 144 N. 55 a ƒ40: - & een predickheeren swert N.1 a ƒ38:- dat morgen

842 4191 2426 147 in de verve sal geven, tijt verschert, seer schoone steecken voor t

820 4303 2453 140 prijs hebbn sult, & dat die ue contentement sullen gevenn al oft die

5952 170 108 100 27d

3545 198 2491 113 van drij guldens a vier hooget ul toesonden, & ul sal met dese soorte, het beste

3515 275 2533 136 tot u avantagie ten reghten come, iets anders van ul doenst voorvallende

3516 345 765 134 gelieve t comanderent

3425 423 938 202 Brussel de wed. Borremans

5527 486 510 139 Adij 9 xber 1715

3539 620 2517 149 u seer aengen van 6 deser wel ontfangen waer bij verneme ul bps coffees gelosen

3530 700 2536 171 hebt myt de baele N. 29 dat geopent hebbe ade geteekende pd uytgenomen & voor

3468 813 2593 93 ders, om aul in alles te volcomen hebbe de bale drogetten mede geopentiede

3502 898 2511 149 geteeesende mede aen dien sijde geleyst, oock hebbe de bale drapeen lof

3508 987 2530 192 gemaeckt het baeltien ƒ 28 met de andre goedren op gepocht in een pockie

3513 1131 2532 144 gemarckt. I.  heden p beurtscip in toe gesonden sijnde twee stucken swarte

5740 1195 312 95 de stucken

3505 1268 2525 140 ttof van battalar bellot mede gepaet ingesloten de stalen van alle voor alle

3492 1324 2574 195 die ue gehosen heeft, uytgenomen van de coffees daer ick de helft van behanden

3516 1447 1435 164 heeft gelieve mij te crediteren als volghten

3573 1585 1399 147 op 9 sber 1715„ 10 sarges beste drapeen 12gd

4031 1600 1950 212 „ 6 ditto bast coffees .. ngds ƒ16 ps. beste a29du a ƒ 23:10 ƒ376:

4030 1803 878 144 1 drogett gd„ 45- a 60-

4027 1877 932 147 „1 ditto.„ 44-„ 58½

4031 1984 898 136 1 ditto .„ 44½„ 59¼

4032 2080 866 168 „ 1 ditto„ 43½„ 38-

5703 2180 355 119 „ 333:4

4028 2205 1575 144 „ 1 ditto„ 45½„ 60½„ a476. a 14

5645 2257 411 221 ƒ 3797:1

4048 2334 1541 155 „1 ditto.„ 44„ 58½samen in wisselgelde

4036 2443 869 164 „ 1 ditto„ 46-„ 61 ¼

4025 2563 882 152 1 ditto„ 45- 60

4061 2713 263 128 24 ps

3510 2812 2523 163 sal ue: de weete laten, soo haest de gierpet. sullen geverft weesen l wel

3511 2903 2541 150 sorge drage, dat te wel geperst a geconditieneeert sullen sijn waer in iuk

3500 3041 2539 115 middel nt ijdt dienttigh magh weesen gelieve de commanderen die altijdt sal

3499 3140 176 125 sijn

3418 3205 146 148 ƒ

3496 3211 2523 197 terwijlen desen scrijfde, waren de arrebeyders, met het voors pack na het

3515 3380 2504 155 beurtscip gereden & sijn met het selve wederom thuys gecemen, om dat ce tot

3503 3456 2533 188 brief op het huysken miet te vinden was, daer om versoecke op het spoedigh

3511 3591 2554 107 te den selven toe te senden, op dat toecomende satardagh het pack u

3503 3704 1847 137 kan toe senden an afwaghtinge blijve als vooren

3395 3784 859 182 Turnhaus Jan B. robeit

5443 3842 546 173 Adij 11 sber 1713

3523 3961 2510 121 op 23 pass was aen ul mijnen laesten, sedert geene van ul, desen, om ue te laeten

3519 4060 2530 175 weeten, dat de gevraeghde coops tijken wel tegens d'andre weeke begerren sende

3512 4161 2421 164 maer alle van het alderbeste goet, oft geene, & ick magh vn niet meer

3499 4229 2489 205 geven als aen andre, soo stelle aenden voit deser noch mael de notitie

3501 4381 2488 94 van de soorten & de puisen daerby &soo ie die daer voeren niet senden
