8372 4637
2705 193 666 147 Ady 1d febru d 1715

944 197 1068 178 Bergen Antoine Gallopin

1042 289 2302 158 l'honneur de la chere vre du  courant 'est este prende p

1052 381 2263 155 mon frere piere melijn, p la quele vre grace me resmett cent

1047 437 2236 191 Die florins de change a la charge de monsr. Van pruj son

1073 520 2141 264 qui a permis de la payer ainsij celle vous servira de

1069 626 2308 266 quittance estant en satisfaction jusqua ce jour vous remarchie

1049 751 2313 196 ant du bon payement & si ie vous puis rendre service avec

1067 882 2195 166 des perpett aye le bonte de me commander & me marquer

1040 1011 2328 160 les prix noir ou blanchie ou autrement si vous avez besoing

1058 1070 2283 213 des drogetts d'engleterre j'en ay des plus jollie qu'on peutvoir

1048 1172 2268 221 tous assortie comme des draps a vre service soye persuadez

1085 1283 2243 205 que ie vous servire toujours tres sidellement & a ben marche

1075 1403 2212 153 en attendant l'honneur de vos ordre, ie me dit d'estre tres

1049 1538 606 149 cincerement

2806 1578 468 224 Adij 13 febru

1050 1617 1164 245 Diverton Berechneck marck

1062 1783 2177 165 op 23 pass. was aen ul mijnen laeste, sedert geene van ue

1049 1896 2231 127 soo referre mij aen den selven hadde in afwaghtinge geweest

1051 2006 2308 128 van ul eenige staelen te sien van de goedren die geordoneert

1045 2097 2271 159 hebbe, desen principael tot couverte van d'ingelijde remise

1051 2188 2297 148 van stl £101:10. ten laste Edward froud in Londen waer voor

1051 2260 2274 176 het noodigh gelieve te besorghen aden ontfangh deser,

1047 2387 2270 199 tadviseren als mede hoe het a costij gestelt is ontrent het

1067 2477 2252 199 vertreck van Cwings in afwaghtinge d'eere van u messires

1046 2622 1331 162 blijve naer cordiale groetmisse

2786 2712 606 203 Adij ce 13 ferrir

904 2777 1235 152 Bergen Charle ailbert Laigle

1070 2878 2227 108 C 4me courant fut a vre grace ma derniere depuis sans

1070 2965 2256 146 vre celle pour vous envoyer des eschantillions de drogett s le

1063 3010 2273 197 plus jollieurs voicy une caite de 10ps. qui sont paete & au pied

1043 3143 2262 188 de ette 5 eschantillions done j en ay au peu pret plusieurs

1070 3256 2215 164 ps ainsij vre grace pouriit mander l'advenant comme

1074 3365 2219 169 ausij en perpet. Sarges 22 ce le jubut de cette & suis

1070 3496 1124 163 avec offres de mes services

1036 3622 2259 165 il vous plaira me renvoyer un morceau des pieces

1067 3749 2087 152 qui vous aggrent pour les choisir a l'advenant

1211 3817 2034 184 les ps sont bien resse enfen un qualite sans

1047 3931 389 191 pareille

5912 187 127 93 20:

3466 197 1158 206 Bergen de wed: Charle Chandry

5456 218 569 173 Adij 15 febru 1713

3579 333 2465 127 ie me trouve honnare p la tres g aggreable vre du 12 courant depuis le

3565 462 2431 148 S. Jonard messagier de mons m'at conmpte ƒ321:10 argent de change

3541 548 2505 156 done ie luy ay donné quittante estant en satisfaction msqua ce jour vous

3561 651 2468 159 remarchiant du bon payement ie suis sache, que le debit est si pettit

3579 728 2452 175 que vre grace, n'at pas occasion demander de marchandise, lesperant de

3574 822 2375 149 vous estre  en peut du temps, le grand convoy avec des sacges

3564 895 2439 180 ett bien arrive & j'ay recue tous mes ballots icy, la semaine passe, ie

3548 1000 2498 170 suis pourvue d'un assortement sans pareille tans en sarges drapees perpet

3545 1109 2472 180 de tous prix, que drogetts. le plus a la mode en abondance a vre semie

3552 1227 2482 193 pour les prix, nre marchandise n'at jamais este si chere comme a present

3566 1311 2466 190 cependant pour entrenir nre cognoissance ie vous servire pour le mesm

3552 1415 2431 204 prix ie me hecommand a vre bonnes inclination & suis de ut mon

3530 1548 266 172 Coeun

5339 1658 648 197 Adij ce 16 d. 1715

3465 1658 956 200 bergen Nicolas hamaet

3619 1769 2413 176 ay recue l'honneur de l'aggreable vre du 13me. courant y jourt une

3554 1881 2463 157 remise de trois cent anonante neuf florins argent de change a le

3540 1982 2487 195 charge de mons: estiene van pruysen qui l'at accepte & a son essance

3554 2073 2141 190 voor here credite pour salde de la partie 24 mars 1714

3547 2158 2487 148 outre ensuite vre ordre j'aij envoye aujourdhuy a bruxelles, p la barque

3551 2260 2441 134 marchande un ballot marque MHH: & addressez a le S belle rose

3531 2345 2481 178 chartier a la trompette mane contenant comme en suite payable en

3548 2475 1515 165 la ville d'envers en argent de changez

3539 2560 2404 168 le 16 febru 1715„ 15 sarges vray bastard, 22 verges a l'estoil dans ƒ294

4883 2660 230 145 22 d

5728 2681 222 110 „ 236

4087 2703 351 118 „ 15 ditto

4072 2782 1016 142 „ 6 ditto Jaspees  nd

4124 2857 1823 154 36 ppo superfines 2e verges a £23:10 .. ƒ846:

3534 2953 2497 163 done cy joint les eschantillions ie ne ay point voleu ovrir les pettits pay

3538 3061 2466 171 pour une as. bleuwats & une blanche melle de Rouge qull y a deplus

3555 3166 2459 136 que vre ordre ie les ay laisse a cause, que la marchandise le consert

3551 3240 2471 157 mien estans dans es pettits ballots & aussij ces couleurs sont toes oare

3533 3335 2436 151 les sont les uniqued qu' jay les sarges sont encor monte jusqua

3507 3416 2447 153 ƒ 24:- cependant ie vous meste a ƒ 23:10 pour vous faire

3518 3520 2496 201 plaisir & vous animer mais pour l'advenir il faudra y mestre

3539 3617 2416 199 ƒ24:- sur quoy vous pouve vous reguler, ie vois, que la

3533 3712 2490 209 partie du 8 dout est esc hue quand il vous viendra convenable

3534 3844 2459 177 pour me remettre vous me ferez grand plaisir a cause, que

3556 3968 2449 154 jaij en for beaucoop de marchandise ordone & nous de vous payer

3521 4046 2451 171 centant s'il y a d'autre chose a vre service commande celuy

3531 4192 1028 160 qui est tres cincerement
