<?xml version="1.0" encoding="UTF-8"?>
<alto xmlns:xsi="http://www.w3.org/2001/XMLSchema-instance"
      xmlns="http://www.loc.gov/standards/alto/ns-v4#"
      xmlns:page="http://schema.primaresearch.org/PAGE/gts/pagecontent/2013-07-15"
      xsi:schemaLocation="http://www.loc.gov/standards/alto/ns-v4# https://www.loc.gov/standards/alto/v4/alto.xsd">
   <Description>
      <MeasurementUnit>pixel</MeasurementUnit>
      <OCRProcessing ID="IdOcr">
         <ocrProcessingStep>
            <processingDateTime>2022-02-11T21:38:35.107+01:00</processingDateTime>
            <processingSoftware>
               <softwareCreator>READ COOP</softwareCreator>
               <softwareName>Transkribus</softwareName>
            </processingSoftware>
         </ocrProcessingStep>
      </OCRProcessing>
   </Description>
   <Layout>
      <Page ID="Page1" PHYSICAL_IMG_NR="1" HEIGHT="4637" WIDTH="8324">
         <TopMargin HEIGHT="0" WIDTH="8324" VPOS="0" HPOS="0"/>
         <LeftMargin HEIGHT="4637" WIDTH="0" VPOS="0" HPOS="0"/>
         <RightMargin HEIGHT="4637" WIDTH="0" VPOS="0" HPOS="8324"/>
         <BottomMargin HEIGHT="0" WIDTH="8324" VPOS="4637" HPOS="0"/>
         <PrintSpace HEIGHT="4637" WIDTH="8324" VPOS="0" HPOS="0">
            <TextBlock ID="region_1643960109050_618"
                       HEIGHT="4294"
                       WIDTH="2602"
                       VPOS="160"
                       HPOS="739">
               <Shape>
                  <Polygon POINTS="739,160 3341,160 3341,4454 739,4454"/>
               </Shape>
               <TextLine ID="region_1643960109050_618l1"
                         BASELINE="2656,346 2687,346 2719,346 2751,344 2783,344 2815,344 2846,342 2878,342 2910,342 2942,341 2974,340 3005,340 3037,340 3069,340 3101,339 3133,338 3164,338 3196,338 3228,338 3260,338 3292,338"
                         HEIGHT="174"
                         WIDTH="669"
                         VPOS="227"
                         HPOS="2640">
                  <String ID="string_region_1643960109050_618l1"
                          HEIGHT="174"
                          WIDTH="669"
                          VPOS="227"
                          HPOS="2640"
                          CONTENT="Adij 15gbre 1713"/>
               </TextLine>
               <TextLine ID="region_1643960109050_618l2"
                         BASELINE="850,388 913,384 976,382 1039,380 1102,378 1166,376 1229,373 1292,370 1355,368 1418,366 1482,364 1545,362 1608,360 1671,357 1734,353 1798,350 1861,347 1924,342 1987,339 2050,333 2114,328"
                         HEIGHT="212"
                         WIDTH="1299"
                         VPOS="238"
                         HPOS="831">
                  <String ID="string_region_1643960109050_618l2"
                          HEIGHT="212"
                          WIDTH="1299"
                          VPOS="238"
                          HPOS="831"
                          CONTENT="Brugge Gillis van Coppenolle"/>
               </TextLine>
               <TextLine ID="region_1643960109050_618l3"
                         BASELINE="976,480 1086,475 1196,472 1307,468 1417,464 1528,460 1638,457 1748,453 1859,450 1969,446 2080,442 2190,438 2300,436 2411,432 2521,430 2632,426 2742,424 2852,422 2963,420 3073,418 3184,416"
                         HEIGHT="164"
                         WIDTH="2240"
                         VPOS="322"
                         HPOS="958">
                  <String ID="string_region_1643960109050_618l3"
                          HEIGHT="164"
                          WIDTH="2240"
                          VPOS="322"
                          HPOS="958"
                          CONTENT="ue seer aengename dan 22 pasto 8.9&amp; 14 deser wel ontfange, bijden"/>
               </TextLine>
               <TextLine ID="region_1643960109050_618l4"
                         BASELINE="980,568 1095,564 1210,562 1325,558 1440,554 1555,550 1670,546 1785,541 1900,537 2015,533 2131,528 2246,524 2361,520 2476,516 2591,512 2706,508 2821,504 2936,502 3051,498 3166,496 3282,494"
                         HEIGHT="164"
                         WIDTH="2339"
                         VPOS="425"
                         HPOS="962">
                  <String ID="string_region_1643960109050_618l4"
                          HEIGHT="164"
                          WIDTH="2339"
                          VPOS="425"
                          HPOS="962"
                          CONTENT="laette met groote blijdtschap verstaen het arrivement van John Cwings"/>
               </TextLine>
               <TextLine ID="region_1643960109050_618l5"
                         BASELINE="994,658 1105,654 1217,650 1328,646 1440,642 1551,637 1663,633 1774,628 1886,624 1997,619 2109,614 2220,610 2332,606 2443,602 2555,596 2666,592 2778,589 2889,585 3001,582 3112,578 3224,576"
                         HEIGHT="177"
                         WIDTH="2265"
                         VPOS="504"
                         HPOS="974">
                  <String ID="string_region_1643960109050_618l5"
                          HEIGHT="177"
                          WIDTH="2265"
                          VPOS="504"
                          HPOS="974"
                          CONTENT="junior wij alle geintreesde hebben door sijn retardement seer besieght"/>
               </TextLine>
               <TextLine ID="region_1643960109050_618l6"
                         BASELINE="986,742 1099,742 1212,742 1325,740 1438,738 1552,734 1665,730 1778,726 1891,720 2004,716 2118,710 2231,705 2344,699 2457,694 2570,689 2684,686 2797,682 2910,678 3023,676 3136,674 3250,674"
                         HEIGHT="161"
                         WIDTH="2298"
                         VPOS="611"
                         HPOS="966">
                  <String ID="string_region_1643960109050_618l6"
                          HEIGHT="161"
                          WIDTH="2298"
                          VPOS="611"
                          HPOS="966"
                          CONTENT="geweest godt sij gedanckt, soo wel vergaen is hier onder aen den voet"/>
               </TextLine>
               <TextLine ID="region_1643960109050_618l7"
                         BASELINE="994,838 1104,836 1215,834 1326,830 1436,827 1547,822 1658,819 1768,814 1879,810 1990,805 2101,800 2211,795 2322,790 2433,786 2543,782 2654,776 2765,772 2875,768 2986,764 3097,761 3208,758"
                         HEIGHT="151"
                         WIDTH="2250"
                         VPOS="711"
                         HPOS="976">
                  <String ID="string_region_1643960109050_618l7"
                          HEIGHT="151"
                          WIDTH="2250"
                          VPOS="711"
                          HPOS="976"
                          CONTENT="deser heeft ue de notitie van de paeken, die aen mij geconsigneert "/>
               </TextLine>
               <TextLine ID="region_1643960109050_618l8"
                         BASELINE="998,932 1106,929 1215,926 1324,923 1433,920 1542,916 1650,912 1759,908 1868,904 1977,900 2086,896 2194,893 2303,890 2412,885 2521,882 2630,878 2738,874 2847,872 2956,868 3065,864 3174,862"
                         HEIGHT="216"
                         WIDTH="2210"
                         VPOS="782"
                         HPOS="981">
                  <String ID="string_region_1643960109050_618l8"
                          HEIGHT="216"
                          WIDTH="2210"
                          VPOS="782"
                          HPOS="981"
                          CONTENT="sijn, derhalven sal ue de selve verclaren aversenden, te watert"/>
               </TextLine>
               <TextLine ID="region_1643960109050_618l9"
                         BASELINE="972,1036 1087,1029 1203,1023 1319,1018 1434,1014 1550,1008 1666,1004 1781,1000 1897,996 2013,992 2129,989 2244,986 2360,981 2476,978 2591,973 2707,969 2823,965 2938,960 3054,954 3170,949 3286,942"
                         HEIGHT="163"
                         WIDTH="2350"
                         VPOS="894"
                         HPOS="953">
                  <String ID="string_region_1643960109050_618l9"
                          HEIGHT="163"
                          WIDTH="2350"
                          VPOS="894"
                          HPOS="953"
                          CONTENT="N £61: 62 4  204 p baerge op gent cato cito doenelijck, benevens"/>
               </TextLine>
               <TextLine ID="region_1643960109050_618l10"
                         BASELINE="1000,1126 1113,1124 1227,1120 1340,1116 1454,1112 1568,1108 1681,1104 1795,1100 1908,1096 2022,1092 2136,1088 2249,1084 2363,1080 2476,1078 2590,1074 2704,1072 2817,1070 2931,1070 3044,1068 3158,1068 3272,1068"
                         HEIGHT="185"
                         WIDTH="2305"
                         VPOS="977"
                         HPOS="982">
                  <String ID="string_region_1643960109050_618l10"
                          HEIGHT="185"
                          WIDTH="2305"
                          VPOS="977"
                          HPOS="982"
                          CONTENT="een sijn baeltien A.4 dat John bwings u ter hant sal stellen, soo"/>
               </TextLine>
               <TextLine ID="region_1643960109050_618l11"
                         BASELINE="1010,1224 1120,1222 1231,1221 1342,1218 1453,1216 1564,1213 1675,1208 1786,1206 1897,1201 2008,1196 2119,1193 2229,1188 2340,1185 2451,1182 2562,1178 2673,1174 2784,1172 2895,1170 3006,1168 3117,1168 3228,1168"
                         HEIGHT="163"
                         WIDTH="2251"
                         VPOS="1088"
                         HPOS="993">
                  <String ID="string_region_1643960109050_618l11"
                          HEIGHT="163"
                          WIDTH="2251"
                          VPOS="1088"
                          HPOS="993"
                          CONTENT="niet gelieve het selve hem ofte vragen, ben daer wel het meeste"/>
               </TextLine>
               <TextLine ID="region_1643960109050_618l12"
                         BASELINE="1004,1330 1111,1326 1218,1322 1326,1318 1433,1315 1541,1312 1648,1306 1755,1304 1863,1300 1970,1296 2078,1292 2185,1290 2292,1287 2400,1284 2507,1281 2615,1278 2722,1276 2829,1274 2937,1274 3044,1272 3152,1272"
                         HEIGHT="162"
                         WIDTH="2182"
                         VPOS="1182"
                         HPOS="987">
                  <String ID="string_region_1643960109050_618l12"
                          HEIGHT="162"
                          WIDTH="2182"
                          VPOS="1182"
                          HPOS="987"
                          CONTENT="bij verlegen, sijnde voor mijn eygen gebruygk, ue sal alles"/>
               </TextLine>
               <TextLine ID="region_1643960109050_618l13"
                         BASELINE="992,1434 1107,1430 1223,1426 1338,1422 1454,1417 1569,1413 1685,1408 1800,1404 1916,1400 2031,1396 2147,1391 2262,1386 2378,1382 2493,1378 2609,1374 2724,1370 2840,1366 2955,1362 3071,1360 3186,1358 3302,1356"
                         HEIGHT="199"
                         WIDTH="2345"
                         VPOS="1251"
                         HPOS="974">
                  <String ID="string_region_1643960109050_618l13"
                          HEIGHT="199"
                          WIDTH="2345"
                          VPOS="1251"
                          HPOS="974"
                          CONTENT="addreseren aen Dheer san de sadelaer, tot met ordre van prsagens"/>
               </TextLine>
               <TextLine ID="region_1643960109050_618l14"
                         BASELINE="1008,1524 1116,1520 1225,1518 1333,1514 1442,1510 1551,1506 1659,1502 1768,1498 1876,1494 1985,1491 2094,1488 2202,1484 2311,1480 2419,1478 2528,1474 2637,1471 2745,1468 2854,1466 2962,1465 3071,1464 3180,1464"
                         HEIGHT="176"
                         WIDTH="2206"
                         VPOS="1365"
                         HPOS="990">
                  <String ID="string_region_1643960109050_618l14"
                          HEIGHT="176"
                          WIDTH="2206"
                          VPOS="1365"
                          HPOS="990"
                          CONTENT="p eesten mij toe te senden waer toe hier ingeslote sende mijnen"/>
               </TextLine>
               <TextLine ID="region_1643960109050_618l15"
                         BASELINE="996,1630 1105,1625 1214,1619 1323,1615 1432,1610 1541,1605 1650,1601 1759,1598 1868,1594 1977,1590 2087,1587 2196,1584 2305,1580 2414,1578 2523,1576 2632,1574 2741,1572 2850,1570 2959,1569 3068,1568 3178,1568"
                         HEIGHT="182"
                         WIDTH="2216"
                         VPOS="1472"
                         HPOS="978">
                  <String ID="string_region_1643960109050_618l15"
                          HEIGHT="182"
                          WIDTH="2216"
                          VPOS="1472"
                          HPOS="978"
                          CONTENT="tolbrief weijders verseeeke op ontfangh deser te laten weten"/>
               </TextLine>
               <TextLine ID="region_1643960109050_618l16"
                         BASELINE="1010,1722 1122,1718 1234,1714 1347,1710 1459,1705 1572,1700 1684,1696 1796,1692 1909,1688 2021,1683 2134,1679 2246,1675 2358,1672 2471,1668 2583,1666 2696,1663 2808,1660 2920,1659 3033,1658 3145,1656 3258,1656"
                         HEIGHT="158"
                         WIDTH="2283"
                         VPOS="1611"
                         HPOS="990">
                  <String ID="string_region_1643960109050_618l16"
                          HEIGHT="158"
                          WIDTH="2283"
                          VPOS="1611"
                          HPOS="990"
                          CONTENT="oft ue geene beschadighde, ofte natte goedren bevint, sijnde daer"/>
               </TextLine>
               <TextLine ID="region_1643960109050_618l17"
                         BASELINE="1006,1808 1120,1806 1235,1802 1349,1800 1464,1796 1579,1792 1693,1789 1808,1786 1922,1783 2037,1779 2152,1776 2266,1772 2381,1770 2495,1766 2610,1762 2725,1758 2839,1754 2954,1752 3068,1747 3183,1744 3298,1740"
                         HEIGHT="156"
                         WIDTH="2326"
                         VPOS="1695"
                         HPOS="988">
                  <String ID="string_region_1643960109050_618l17"
                          HEIGHT="156"
                          WIDTH="2326"
                          VPOS="1695"
                          HPOS="988"
                          CONTENT="noch bedught voor om volgens te reguleren &amp; geeft dogh altijdt advies"/>
               </TextLine>
               <TextLine ID="region_1643960109050_618l18"
                         BASELINE="1010,1902 1124,1901 1238,1900 1352,1896 1466,1893 1581,1890 1695,1886 1809,1882 1923,1878 2037,1874 2152,1870 2266,1866 2380,1862 2494,1859 2608,1856 2723,1854 2837,1852 2951,1850 3065,1850 3179,1850 3294,1850"
                         HEIGHT="213"
                         WIDTH="2318"
                         VPOS="1751"
                         HPOS="993">
                  <String ID="string_region_1643960109050_618l18"
                          HEIGHT="213"
                          WIDTH="2318"
                          VPOS="1751"
                          HPOS="993"
                          CONTENT="vant gene costij daer ontrent passeert aen die blijve naer cordiil"/>
               </TextLine>
               <TextLine ID="region_1643960109050_618l19"
                         BASELINE="1018,2006 1043,2001 1069,1997 1095,1993 1121,1990 1146,1987 1172,1984 1198,1984 1224,1981 1250,1980 1275,1978 1301,1978 1327,1978 1353,1978 1378,1978 1404,1980 1430,1980 1456,1981 1482,1982"
                         HEIGHT="161"
                         WIDTH="502"
                         VPOS="1900"
                         HPOS="998">
                  <String ID="string_region_1643960109050_618l19"
                          HEIGHT="161"
                          WIDTH="502"
                          VPOS="1900"
                          HPOS="998"
                          CONTENT="groeteneste"/>
               </TextLine>
               <TextLine ID="region_1643960109050_618l20"
                         BASELINE="1736,2188 1782,2186 1828,2185 1874,2184 1921,2182 1967,2180 2013,2176 2060,2175 2106,2173 2152,2170 2199,2168 2245,2166 2291,2164 2337,2161 2384,2160 2430,2157 2476,2156 2523,2154 2569,2152 2615,2150 2662,2148"
                         HEIGHT="209"
                         WIDTH="959"
                         VPOS="2020"
                         HPOS="1720">
                  <String ID="string_region_1643960109050_618l20"
                          HEIGHT="209"
                          WIDTH="959"
                          VPOS="2020"
                          HPOS="1720"
                          CONTENT="12 John winge Junior"/>
               </TextLine>
               <TextLine ID="region_1643960109050_618l21"
                         BASELINE="1438,2226 1466,2227 1494,2229 1522,2229 1550,2223 1578,2218 1606,2213 1634,2210"
                         HEIGHT="131"
                         WIDTH="241"
                         VPOS="2149"
                         HPOS="1415">
                  <String ID="string_region_1643960109050_618l21"
                          HEIGHT="131"
                          WIDTH="241"
                          VPOS="2149"
                          HPOS="1415"
                          CONTENT=""/>
               </TextLine>
               <TextLine ID="region_1643960109050_618l22"
                         BASELINE="1458,2364 1545,2360 1633,2354 1720,2350 1808,2343 1896,2338 1983,2334 2071,2327 2158,2322 2246,2318 2334,2313 2421,2308 2509,2304 2596,2300 2684,2298 2772,2296 2859,2294 2947,2292 3034,2292 3122,2292 3210,2292"
                         HEIGHT="227"
                         WIDTH="1782"
                         VPOS="2171"
                         HPOS="1437">
                  <String ID="string_region_1643960109050_618l22"
                          HEIGHT="227"
                          WIDTH="1782"
                          VPOS="2171"
                          HPOS="1437"
                          CONTENT="N 61 met 60 sarges opgent a Theor de Sadelare"/>
               </TextLine>
               <TextLine ID="region_1643960109050_618l23"
                         BASELINE="1588,2448 1647,2442 1707,2439 1766,2436 1826,2432 1885,2428 1945,2424 2004,2422 2064,2419 2123,2416 2183,2413 2242,2409 2302,2406 2361,2403 2421,2400 2480,2396 2540,2391 2599,2387 2659,2383 2718,2376 2778,2372"
                         HEIGHT="209"
                         WIDTH="1230"
                         VPOS="2290"
                         HPOS="1566">
                  <String ID="string_region_1643960109050_618l23"
                          HEIGHT="209"
                          WIDTH="1230"
                          VPOS="2290"
                          HPOS="1566"
                          CONTENT="62„60 ditto op gent a ditto"/>
               </TextLine>
               <TextLine ID="region_1643960109050_618l24"
                         BASELINE="1850,2522 1876,2517 1902,2513 1928,2510 1954,2508 1980,2508 2007,2507 2033,2506 2059,2506 2085,2505 2111,2503 2138,2500"
                         HEIGHT="114"
                         WIDTH="320"
                         VPOS="2423"
                         HPOS="1831">
                  <String ID="string_region_1643960109050_618l24"
                          HEIGHT="114"
                          WIDTH="320"
                          VPOS="2423"
                          HPOS="1831"
                          CONTENT="„60 ditto"/>
               </TextLine>
               <TextLine ID="region_1643960109050_618l25"
                         BASELINE="1490,2542 1517,2539 1544,2538 1571,2537 1598,2535 1625,2533 1652,2531 1680,2528"
                         HEIGHT="97"
                         WIDTH="222"
                         VPOS="2455"
                         HPOS="1473">
                  <String ID="string_region_1643960109050_618l25"
                          HEIGHT="97"
                          WIDTH="222"
                          VPOS="2455"
                          HPOS="1473"
                          CONTENT="„63:"/>
               </TextLine>
               <TextLine ID="region_1643960109050_618l26"
                         BASELINE="1900,2592 1925,2587 1951,2583 1977,2581 2003,2580 2029,2580 2054,2578 2080,2578 2106,2577 2132,2576 2158,2574"
                         HEIGHT="111"
                         WIDTH="295"
                         VPOS="2507"
                         HPOS="1880">
                  <String ID="string_region_1643960109050_618l26"
                          HEIGHT="111"
                          WIDTH="295"
                          VPOS="2507"
                          HPOS="1880"
                          CONTENT="60 ditto"/>
               </TextLine>
               <TextLine ID="region_1643960109050_618l27"
                         BASELINE="1516,2628 1542,2625 1568,2621 1595,2616 1621,2613 1647,2612 1674,2614"
                         HEIGHT="110"
                         WIDTH="197"
                         VPOS="2533"
                         HPOS="1492">
                  <String ID="string_region_1643960109050_618l27"
                          HEIGHT="110"
                          WIDTH="197"
                          VPOS="2533"
                          HPOS="1492"
                          CONTENT="„ 64"/>
               </TextLine>
               <TextLine ID="region_1643960109050_618l28"
                         BASELINE="1866,2686 1930,2685 1994,2682 2058,2680 2122,2676 2187,2672 2251,2669 2315,2664 2379,2660 2443,2656 2508,2652 2572,2648 2636,2642 2700,2640 2764,2636 2829,2632 2893,2630 2957,2628 3021,2626 3085,2626 3150,2624"
                         HEIGHT="232"
                         WIDTH="1324"
                         VPOS="2509"
                         HPOS="1845">
                  <String ID="string_region_1643960109050_618l28"
                          HEIGHT="232"
                          WIDTH="1324"
                          VPOS="2509"
                          HPOS="1845"
                          CONTENT="„60 ditto op gente Dheer de sodelare"/>
               </TextLine>
               <TextLine ID="region_1643960109050_618l29"
                         BASELINE="1492,2736 1519,2734 1546,2731 1573,2727 1600,2724 1627,2722 1654,2719 1681,2716 1708,2712"
                         HEIGHT="166"
                         WIDTH="262"
                         VPOS="2614"
                         HPOS="1466">
                  <String ID="string_region_1643960109050_618l29"
                          HEIGHT="166"
                          WIDTH="262"
                          VPOS="2614"
                          HPOS="1466"
                          CONTENT="N 204:"/>
               </TextLine>
               <TextLine ID="region_1643960109050_618l30"
                         BASELINE="1506,2832 1537,2828 1569,2824 1600,2819 1632,2816 1664,2810 1695,2807 1727,2804 1758,2801 1790,2798 1822,2795 1853,2792 1885,2791 1916,2789 1948,2786 1980,2783 2011,2782 2043,2780 2074,2778 2106,2775 2138,2774"
                         HEIGHT="170"
                         WIDTH="671"
                         VPOS="2695"
                         HPOS="1488">
                  <String ID="string_region_1643960109050_618l30"
                          HEIGHT="170"
                          WIDTH="671"
                          VPOS="2695"
                          HPOS="1488"
                          CONTENT="„ 205 „ 60 ditto"/>
               </TextLine>
               <TextLine ID="region_1643960109050_618l31"
                         BASELINE="1930,2880 1998,2878 2067,2876 2135,2872 2204,2870 2272,2866 2341,2863 2409,2860 2478,2856 2546,2853 2615,2850 2683,2846 2752,2842 2820,2840 2889,2837 2957,2834 3026,2831 3094,2828 3163,2827 3231,2826 3300,2824"
                         HEIGHT="210"
                         WIDTH="1407"
                         VPOS="2720"
                         HPOS="1910">
                  <String ID="string_region_1643960109050_618l31"
                          HEIGHT="210"
                          WIDTH="1407"
                          VPOS="2720"
                          HPOS="1910"
                          CONTENT="32 drogetten a 2004 weirt ƒ 900:- wisselgen"/>
               </TextLine>
               <TextLine ID="region_1643960109050_618l32"
                         BASELINE="1504,2924 1531,2919 1558,2915 1586,2910 1613,2910 1641,2908 1668,2907 1696,2908"
                         HEIGHT="105"
                         WIDTH="229"
                         VPOS="2838"
                         HPOS="1482">
                  <String ID="string_region_1643960109050_618l32"
                          HEIGHT="105"
                          WIDTH="229"
                          VPOS="2838"
                          HPOS="1482"
                          CONTENT="„ 210"/>
               </TextLine>
               <TextLine ID="region_1643960109050_618l33"
                         BASELINE="1570,2988 1601,2988 1633,2986 1665,2986 1697,2984 1729,2982 1760,2982 1792,2979 1824,2978 1856,2976 1888,2974 1919,2972 1951,2970 1983,2969 2015,2968 2047,2966 2078,2964 2110,2964 2142,2962 2174,2962 2206,2962"
                         HEIGHT="158"
                         WIDTH="671"
                         VPOS="2881"
                         HPOS="1552">
                  <String ID="string_region_1643960109050_618l33"
                          HEIGHT="158"
                          WIDTH="671"
                          VPOS="2881"
                          HPOS="1552"
                          CONTENT="213 .„ 15 sarges"/>
               </TextLine>
               <TextLine ID="region_1643960109050_618l34"
                         BASELINE="1464,3094 1499,3092 1535,3091 1570,3090 1606,3087 1642,3084 1677,3081 1713,3080 1748,3076 1784,3071 1820,3069 1855,3066 1891,3063 1926,3059 1962,3058 1998,3054 2033,3053 2069,3052 2104,3052 2140,3052 2176,3052"
                         HEIGHT="193"
                         WIDTH="754"
                         VPOS="2958"
                         HPOS="1440">
                  <String ID="string_region_1643960109050_618l34"
                          HEIGHT="193"
                          WIDTH="754"
                          VPOS="2958"
                          HPOS="1440"
                          CONTENT="2„ 60 ditto"/>
               </TextLine>
               <TextLine ID="region_1643960109050_618l35"
                         BASELINE="1466,3218 1502,3213 1538,3210 1575,3207 1611,3204 1648,3202 1684,3201 1720,3200 1757,3198 1793,3197 1830,3196 1866,3195 1902,3194 1939,3194 1975,3194 2012,3194 2048,3192 2084,3191 2121,3190 2157,3188 2194,3186"
                         HEIGHT="216"
                         WIDTH="762"
                         VPOS="3058"
                         HPOS="1448">
                  <String ID="string_region_1643960109050_618l35"
                          HEIGHT="216"
                          WIDTH="762"
                          VPOS="3058"
                          HPOS="1448"
                          CONTENT="sijn pss9 467 ƒ8:"/>
               </TextLine>
               <TextLine ID="region_1643960109050_618l36"
                         BASELINE="1026,3400 1134,3400 1243,3400 1352,3398 1461,3396 1570,3392 1678,3388 1787,3384 1896,3378 2005,3373 2114,3368 2222,3362 2331,3357 2440,3352 2549,3347 2658,3342 2766,3338 2875,3335 2984,3332 3093,3330 3202,3330"
                         HEIGHT="203"
                         WIDTH="2211"
                         VPOS="3219"
                         HPOS="1007">
                  <String ID="string_region_1643960109050_618l36"
                          HEIGHT="203"
                          WIDTH="2211"
                          VPOS="3219"
                          HPOS="1007"
                          CONTENT="al noch het baettien &amp; gemarckt dat sohn ewingt heeft hant in 30 a"/>
               </TextLine>
               <TextLine ID="region_1643960109050_618l37"
                         BASELINE="990,3506 1101,3501 1213,3497 1324,3493 1436,3489 1548,3484 1659,3479 1771,3474 1882,3470 1994,3464 2106,3459 2217,3454 2329,3450 2440,3446 2552,3440 2664,3436 2775,3432 2887,3428 2998,3424 3110,3422 3222,3418"
                         HEIGHT="176"
                         WIDTH="2269"
                         VPOS="3339"
                         HPOS="970">
                  <String ID="string_region_1643960109050_618l37"
                          HEIGHT="176"
                          WIDTH="2269"
                          VPOS="3339"
                          HPOS="970"
                          CONTENT="drogett voor mijt eijgen gebruijck q versoecke noch mael van stellve"/>
               </TextLine>
               <TextLine ID="region_1643960109050_618l38"
                         BASELINE="2268,3574 2296,3574"
                         HEIGHT="140"
                         WIDTH="57"
                         VPOS="3469"
                         HPOS="2253">
                  <String ID="string_region_1643960109050_618l38"
                          HEIGHT="140"
                          WIDTH="57"
                          VPOS="3469"
                          HPOS="2253"
                          CONTENT="E"/>
               </TextLine>
               <TextLine ID="region_1643960109050_618l39"
                         BASELINE="1020,3624 1077,3616 1134,3609 1191,3604 1248,3597 1305,3594 1362,3589 1419,3585 1476,3581 1533,3578 1591,3575 1648,3572 1705,3570 1762,3566 1819,3564 1876,3562 1933,3560 1990,3558 2047,3554 2104,3552 2162,3548"
                         HEIGHT="198"
                         WIDTH="1177"
                         VPOS="3465"
                         HPOS="999">
                  <String ID="string_region_1643960109050_618l39"
                          HEIGHT="198"
                          WIDTH="1177"
                          VPOS="3465"
                          HPOS="999"
                          CONTENT="cito doenelijck mij toe tesenden"/>
               </TextLine>
               <TextLine ID="region_1643960109050_618l40"
                         BASELINE="2496,3610 2524,3607 2552,3607 2580,3610"
                         HEIGHT="156"
                         WIDTH="114"
                         VPOS="3482"
                         HPOS="2480">
                  <String ID="string_region_1643960109050_618l40"
                          HEIGHT="156"
                          WIDTH="114"
                          VPOS="3482"
                          HPOS="2480"
                          CONTENT="2"/>
               </TextLine>
               <TextLine ID="region_1643960109050_618l41"
                         BASELINE="2724,3702 2750,3702 2777,3702 2804,3702 2831,3702 2858,3701 2884,3700 2911,3700 2938,3700 2965,3698 2992,3698 3018,3698 3045,3698 3072,3698 3099,3698 3126,3698 3152,3698 3179,3698 3206,3700 3233,3702 3260,3702"
                         HEIGHT="210"
                         WIDTH="569"
                         VPOS="3562"
                         HPOS="2707">
                  <String ID="string_region_1643960109050_618l41"
                          HEIGHT="210"
                          WIDTH="569"
                          VPOS="3562"
                          HPOS="2707"
                          CONTENT="Adij 16 gbre 1713"/>
               </TextLine>
               <TextLine ID="region_1643960109050_618l42"
                         BASELINE="928,3748 985,3743 1042,3740 1099,3736 1157,3734 1214,3732 1271,3730 1329,3730 1386,3728 1443,3728 1501,3728 1558,3728 1615,3728 1672,3728 1730,3728 1787,3726 1844,3726 1902,3724 1959,3722 2016,3718 2074,3714"
                         HEIGHT="203"
                         WIDTH="1179"
                         VPOS="3610"
                         HPOS="911">
                  <String ID="string_region_1643960109050_618l42"
                          HEIGHT="203"
                          WIDTH="1179"
                          VPOS="3610"
                          HPOS="911"
                          CONTENT="contrijck de wed: pieter goet gebaer"/>
               </TextLine>
               <TextLine ID="region_1643960109050_618l43"
                         BASELINE="1040,3850 1152,3848 1265,3847 1377,3846 1490,3842 1603,3840 1715,3838 1828,3834 1940,3831 2053,3828 2166,3824 2278,3821 2391,3818 2503,3814 2616,3810 2729,3807 2841,3804 2954,3800 3066,3796 3179,3794 3292,3790"
                         HEIGHT="143"
                         WIDTH="2287"
                         VPOS="3730"
                         HPOS="1023">
                  <String ID="string_region_1643960109050_618l43"
                          HEIGHT="143"
                          WIDTH="2287"
                          VPOS="3730"
                          HPOS="1023"
                          CONTENT="ue seer aengename van 5 pest. wel ontfangen benevens de 5 ammesen"/>
               </TextLine>
               <TextLine ID="region_1643960109050_618l44"
                         BASELINE="1012,3950 1127,3948 1242,3946 1357,3943 1472,3940 1587,3938 1702,3936 1817,3934 1932,3932 2047,3930 2162,3926 2277,3924 2392,3922 2507,3918 2622,3914 2737,3910 2852,3906 2967,3901 3082,3895 3197,3890 3312,3884"
                         HEIGHT="133"
                         WIDTH="2332"
                         VPOS="3831"
                         HPOS="995">
                  <String ID="string_region_1643960109050_618l44"
                          HEIGHT="133"
                          WIDTH="2332"
                          VPOS="3831"
                          HPOS="995"
                          CONTENT="kens van Theer groens greffer bedancken de ue hertelijck voor alle genoment"/>
               </TextLine>
               <TextLine ID="region_1643960109050_618l45"
                         BASELINE="1024,4048 1136,4044 1248,4038 1360,4035 1473,4032 1585,4030 1697,4028 1810,4026 1922,4024 2034,4022 2147,4020 2259,4019 2371,4017 2483,4014 2596,4012 2708,4010 2820,4006 2933,4002 3045,3998 3157,3992 3270,3984"
                         HEIGHT="148"
                         WIDTH="2279"
                         VPOS="3928"
                         HPOS="1006">
                  <String ID="string_region_1643960109050_618l45"
                          HEIGHT="148"
                          WIDTH="2279"
                          VPOS="3928"
                          HPOS="1006"
                          CONTENT="moyt, nu versoeke van mij de natitie te senden, vant gene dat se"/>
               </TextLine>
               <TextLine ID="region_1643960109050_618l46"
                         BASELINE="1024,4148 1139,4143 1254,4138 1369,4135 1484,4132 1599,4129 1714,4126 1829,4124 1944,4122 2059,4120 2174,4118 2289,4116 2404,4114 2519,4114 2634,4111 2749,4110 2864,4106 2979,4104 3094,4100 3209,4097 3324,4092"
                         HEIGHT="157"
                         WIDTH="2334"
                         VPOS="4029"
                         HPOS="1006">
                  <String ID="string_region_1643960109050_618l46"
                          HEIGHT="157"
                          WIDTH="2334"
                          VPOS="4029"
                          HPOS="1006"
                          CONTENT="gehost hebben om ue rek. daervooren te crediteren. gistren hebte"/>
               </TextLine>
               <TextLine ID="region_1643960109050_618l47"
                         BASELINE="1002,4246 1117,4242 1233,4240 1348,4237 1464,4234 1579,4232 1695,4230 1810,4228 1926,4226 2041,4224 2157,4222 2272,4220 2388,4218 2503,4216 2619,4213 2734,4209 2850,4206 2965,4202 3081,4197 3196,4192 3312,4186"
                         HEIGHT="189"
                         WIDTH="2344"
                         VPOS="4124"
                         HPOS="984">
                  <String ID="string_region_1643960109050_618l47"
                          HEIGHT="189"
                          WIDTH="2344"
                          VPOS="4124"
                          HPOS="984"
                          CONTENT="daergename tijdinge becomen dat het engels convoij behanden"/>
               </TextLine>
               <TextLine ID="region_1643960109050_618l48"
                         BASELINE="1052,4348 1165,4346 1279,4344 1392,4340 1506,4338 1619,4336 1733,4334 1846,4332 1960,4330 2073,4328 2187,4326 2300,4324 2414,4322 2527,4318 2641,4315 2754,4312 2868,4309 2981,4305 3095,4300 3208,4296 3322,4290"
                         HEIGHT="174"
                         WIDTH="2302"
                         VPOS="4219"
                         HPOS="1035">
                  <String ID="string_region_1643960109050_618l48"
                          HEIGHT="174"
                          WIDTH="2302"
                          VPOS="4219"
                          HPOS="1035"
                          CONTENT="tot ostende was gearriveert, godt danck heeft wel 6 weken op nwegh"/>
               </TextLine>
               <TextLine ID="region_1643960109050_618l49"
                         BASELINE="1034,4436 1139,4438 1244,4440 1349,4440 1454,4440 1560,4440 1665,4438 1770,4438 1875,4436 1980,4432 2086,4430 2191,4428 2296,4424 2401,4420 2506,4417 2612,4414 2717,4410 2822,4406 2927,4402 3032,4398 3138,4394"
                         HEIGHT="171"
                         WIDTH="2136"
                         VPOS="4307"
                         HPOS="1018">
                  <String ID="string_region_1643960109050_618l49"
                          HEIGHT="171"
                          WIDTH="2136"
                          VPOS="4307"
                          HPOS="1018"
                          CONTENT="geweert en veele stormen uyt gestaen mij alle geintresseer den"/>
               </TextLine>
            </TextBlock>
            <TextBlock ID="region_1643960111673_621"
                       HEIGHT="3920"
                       WIDTH="2708"
                       VPOS="166"
                       HPOS="3375">
               <Shape>
                  <Polygon POINTS="3375,166 6083,166 6083,4086 3375,4086"/>
               </Shape>
               <TextLine ID="region_1643960111673_621l1"
                         BASELINE="3574,266 3694,260 3814,256 3934,252 4054,248 4174,246 4294,244 4414,244 4534,242 4654,242 4774,242 4894,244 5014,244 5134,244 5254,244 5374,244 5494,244 5614,244 5734,244 5854,243 5974,242"
                         HEIGHT="160"
                         WIDTH="2435"
                         VPOS="151"
                         HPOS="3556">
                  <String ID="string_region_1643960111673_621l1"
                          HEIGHT="160"
                          WIDTH="2435"
                          VPOS="151"
                          HPOS="3556"
                          CONTENT="aen her bedeiyht iehelten het alse anrmen  an de hop mee"/>
               </TextLine>
               <TextLine ID="region_1643960111673_621l2"
                         BASELINE="3542,348 3629,344 3716,338 3803,334 3890,330 3977,328 4064,326 4151,324 4238,322 4325,322 4412,320 4499,320 4586,320 4673,318 4760,318 4847,316 4934,316 5021,314 5108,313 5195,310 5282,308"
                         HEIGHT="134"
                         WIDTH="1772"
                         VPOS="278"
                         HPOS="3526">
                  <String ID="string_region_1643960111673_621l2"
                          HEIGHT="134"
                          WIDTH="1772"
                          VPOS="278"
                          HPOS="3526"
                          CONTENT="comende is vergaen, was met graenen geloden"/>
               </TextLine>
               <TextLine ID="region_1643960111673_621l3"
                         BASELINE="3562,430 3679,426 3796,422 3913,418 4031,416 4148,414 4265,412 4383,410 4500,408 4617,408 4735,406 4852,406 4969,406 5086,406 5204,404 5321,404 5438,404 5556,404 5673,404 5790,404 5908,402"
                         HEIGHT="102"
                         WIDTH="2378"
                         VPOS="349"
                         HPOS="3546">
                  <String ID="string_region_1643960111673_621l3"
                          HEIGHT="102"
                          WIDTH="2378"
                          VPOS="349"
                          HPOS="3546"
                          CONTENT="hebbe met het voors convoy gearriveert een baeltier coffe royales"/>
               </TextLine>
               <TextLine ID="region_1643960111673_621l4"
                         BASELINE="3554,518 3674,512 3794,508 3914,503 4034,500 4154,496 4274,494 4394,492 4514,490 4634,490 4755,488 4875,488 4995,486 5115,486 5235,484 5355,484 5475,482 5595,480 5715,478 5835,474 5956,472"
                         HEIGHT="129"
                         WIDTH="2436"
                         VPOS="402"
                         HPOS="3537">
                  <String ID="string_region_1643960111673_621l4"
                          HEIGHT="129"
                          WIDTH="2436"
                          VPOS="402"
                          HPOS="3537"
                          CONTENT="24 gd. van claver blat soo sende hier ingeslote het staelboekie ul"/>
               </TextLine>
               <TextLine ID="region_1643960111673_621l5"
                         BASELINE="3526,600 3652,596 3779,591 3905,586 4032,582 4159,578 4285,576 4412,572 4538,568 4665,566 4792,564 4918,562 5045,560 5171,560 5298,558 5425,558 5551,558 5678,558 5804,558 5931,560 6058,562"
                         HEIGHT="105"
                         WIDTH="2563"
                         VPOS="529"
                         HPOS="3510">
                  <String ID="string_region_1643960111673_621l5"
                          HEIGHT="105"
                          WIDTH="2563"
                          VPOS="529"
                          HPOS="3510"
                          CONTENT="daer mede dinst connende doen gelieve te commarderen de wijsel op"/>
               </TextLine>
               <TextLine ID="region_1643960111673_621l6"
                         BASELINE="3572,680 3693,678 3814,674 3935,672 4056,669 4177,666 4298,662 4419,660 4540,656 4661,652 4782,650 4903,646 5024,643 5145,640 5266,637 5387,634 5508,632 5629,630 5750,628 5871,626 5992,624"
                         HEIGHT="191"
                         WIDTH="2451"
                         VPOS="555"
                         HPOS="3556">
                  <String ID="string_region_1643960111673_621l6"
                          HEIGHT="191"
                          WIDTH="2451"
                          VPOS="555"
                          HPOS="3556"
                          CONTENT="engelant monteert noch dagelijck meer &amp; meer soo dat de goedren weder"/>
               </TextLine>
               <TextLine ID="region_1643960111673_621l7"
                         BASELINE="3562,764 3684,760 3806,754 3928,750 4050,746 4173,743 4295,740 4417,738 4539,736 4661,733 4784,730 4906,728 5028,726 5150,722 5272,720 5395,716 5517,711 5639,706 5761,700 5883,694 6006,686"
                         HEIGHT="169"
                         WIDTH="2476"
                         VPOS="638"
                         HPOS="3543">
                  <String ID="string_region_1643960111673_621l7"
                          HEIGHT="169"
                          WIDTH="2476"
                          VPOS="638"
                          HPOS="3543"
                          CONTENT="om hooger in prijs sullen cmen euenwel sal voor dit baeltien mijn wort"/>
               </TextLine>
               <TextLine ID="region_1643960111673_621l8"
                         BASELINE="3562,862 3681,858 3801,854 3920,851 4040,847 4160,842 4279,838 4399,834 4518,830 4638,826 4758,821 4877,816 4997,812 5116,808 5236,804 5356,799 5475,794 5595,790 5714,787 5834,784 5954,780"
                         HEIGHT="181"
                         WIDTH="2424"
                         VPOS="731"
                         HPOS="3544">
                  <String ID="string_region_1643960111673_621l8"
                          HEIGHT="181"
                          WIDTH="2424"
                          VPOS="731"
                          HPOS="3544"
                          CONTENT="hauden gelijck aen mijoff tobbelare hier sijnde getijdt hebbe, te"/>
               </TextLine>
               <TextLine ID="region_1643960111673_621l9"
                         BASELINE="3568,948 3688,944 3808,940 3928,936 4048,932 4169,928 4289,924 4409,920 4529,914 4649,910 4770,906 4890,902 5010,898 5130,894 5250,890 5371,886 5491,882 5611,878 5731,874 5851,871 5972,866"
                         HEIGHT="138"
                         WIDTH="2437"
                         VPOS="819"
                         HPOS="3550">
                  <String ID="string_region_1643960111673_621l9"
                          HEIGHT="138"
                          WIDTH="2437"
                          VPOS="819"
                          HPOS="3550"
                          CONTENT="weten tot eenedertigh guldens thier stuyvers het stuck ue antwoort"/>
               </TextLine>
               <TextLine ID="region_1643960111673_621l10"
                         BASELINE="3536,1052 3658,1044 3781,1037 3903,1032 4026,1026 4149,1020 4271,1016 4394,1012 4516,1008 4639,1004 4762,1001 4884,998 5007,994 5129,991 5252,988 5375,984 5497,980 5620,976 5742,972 5865,966 5988,962"
                         HEIGHT="166"
                         WIDTH="2487"
                         VPOS="902"
                         HPOS="3515">
                  <String ID="string_region_1643960111673_621l10"
                          HEIGHT="166"
                          WIDTH="2487"
                          VPOS="902"
                          HPOS="3515"
                          CONTENT="cito verwaghtende Blijve naer Cordiale groeterisse aen ue qu"/>
               </TextLine>
               <TextLine ID="region_1643960111673_621l11"
                         BASELINE="3542,1138 3570,1138 3598,1138 3626,1136 3654,1136 3682,1133 3710,1132 3738,1130 3766,1127 3794,1125 3823,1123 3851,1121 3879,1119 3907,1118 3935,1117 3963,1116 3991,1116 4019,1116 4047,1117 4075,1118 4104,1120"
                         HEIGHT="163"
                         WIDTH="598"
                         VPOS="1037"
                         HPOS="3524">
                  <String ID="string_region_1643960111673_621l11"
                          HEIGHT="163"
                          WIDTH="598"
                          VPOS="1037"
                          HPOS="3524"
                          CONTENT="famillie"/>
               </TextLine>
               <TextLine ID="region_1643960111673_621l12"
                         BASELINE="5434,1238 5459,1238 5485,1236 5510,1236 5536,1235 5562,1234 5587,1234 5613,1234 5638,1234 5664,1234 5690,1234 5715,1234 5741,1234 5766,1234 5792,1234 5818,1234 5843,1234 5869,1234 5894,1234 5920,1234 5946,1234"
                         HEIGHT="210"
                         WIDTH="544"
                         VPOS="1094"
                         HPOS="5418">
                  <String ID="string_region_1643960111673_621l12"
                          HEIGHT="210"
                          WIDTH="544"
                          VPOS="1094"
                          HPOS="5418"
                          CONTENT="Adij 16 gbre 1713"/>
               </TextLine>
               <TextLine ID="region_1643960111673_621l13"
                         BASELINE="3474,1304 3528,1296 3582,1289 3636,1282 3690,1277 3744,1270 3798,1266 3852,1262 3906,1257 3960,1255 4014,1252 4068,1248 4122,1245 4176,1242 4230,1240 4284,1238 4338,1234 4392,1232 4446,1229 4500,1225 4554,1222"
                         HEIGHT="236"
                         WIDTH="1122"
                         VPOS="1122"
                         HPOS="3450">
                  <String ID="string_region_1643960111673_621l13"
                          HEIGHT="236"
                          WIDTH="1122"
                          VPOS="1122"
                          HPOS="3450"
                          CONTENT="Brussel de wed: Borremans"/>
               </TextLine>
               <TextLine ID="region_1643960111673_621l14"
                         BASELINE="3544,1432 3665,1421 3786,1411 3907,1404 4028,1396 4150,1390 4271,1384 4392,1380 4513,1375 4634,1372 4756,1368 4877,1366 4998,1363 5119,1362 5240,1360 5362,1358 5483,1356 5604,1354 5725,1352 5846,1350 5968,1348"
                         HEIGHT="196"
                         WIDTH="2459"
                         VPOS="1258"
                         HPOS="3524">
                  <String ID="string_region_1643960111673_621l14"
                          HEIGHT="196"
                          WIDTH="2459"
                          VPOS="1258"
                          HPOS="3524"
                          CONTENT="me ue seer aengename, van 6 deser wel ontfange daer benevens een wissel"/>
               </TextLine>
               <TextLine ID="region_1643960111673_621l15"
                         BASELINE="3560,1516 3678,1508 3796,1501 3914,1494 4032,1487 4150,1482 4268,1478 4386,1472 4504,1470 4622,1466 4740,1462 4858,1460 4976,1458 5094,1454 5212,1452 5330,1450 5448,1448 5566,1446 5684,1444 5802,1442 5920,1438"
                         HEIGHT="193"
                         WIDTH="2394"
                         VPOS="1358"
                         HPOS="3543">
                  <String ID="string_region_1643960111673_621l15"
                          HEIGHT="193"
                          WIDTH="2394"
                          VPOS="1358"
                          HPOS="3543"
                          CONTENT="briefie op mons ph: £heureusx van een hondert twee qtettigh guldens"/>
               </TextLine>
               <TextLine ID="region_1643960111673_621l16"
                         BASELINE="3546,1600 3663,1593 3781,1586 3899,1580 4017,1573 4135,1568 4253,1563 4371,1558 4489,1554 4607,1551 4725,1548 4842,1544 4960,1542 5078,1540 5196,1538 5314,1536 5432,1534 5550,1533 5668,1532 5786,1530 5904,1528"
                         HEIGHT="169"
                         WIDTH="2394"
                         VPOS="1465"
                         HPOS="3528">
                  <String ID="string_region_1643960111673_621l16"
                          HEIGHT="169"
                          WIDTH="2394"
                          VPOS="1465"
                          HPOS="3528"
                          CONTENT="ses shalven stuijver court geldt synde just voor het impost van de 3"/>
               </TextLine>
               <TextLine ID="region_1643960111673_621l17"
                         BASELINE="3530,1698 3657,1690 3785,1684 3912,1678 4040,1672 4168,1666 4295,1661 4423,1656 4550,1652 4678,1648 4806,1644 4933,1640 5061,1638 5188,1634 5316,1632 5444,1629 5571,1626 5699,1625 5826,1624 5954,1621 6082,1620"
                         HEIGHT="226"
                         WIDTH="2587"
                         VPOS="1537"
                         HPOS="3513">
                  <String ID="string_region_1643960111673_621l17"
                          HEIGHT="226"
                          WIDTH="2587"
                          VPOS="1537"
                          HPOS="3513"
                          CONTENT="gesondene quittantie bedancke ue hertelijck voor alle genomene moyte "/>
               </TextLine>
               <TextLine ID="region_1643960111673_621l18"
                         BASELINE="6040,1710 6060,1710"
                         HEIGHT="86"
                         WIDTH="51"
                         VPOS="1666"
                         HPOS="6025">
                  <String ID="string_region_1643960111673_621l18"
                          HEIGHT="86"
                          WIDTH="51"
                          VPOS="1666"
                          HPOS="6025"
                          CONTENT=""/>
               </TextLine>
               <TextLine ID="region_1643960111673_621l19"
                         BASELINE="3534,1790 3658,1785 3782,1780 3906,1774 4030,1769 4155,1764 4279,1760 4403,1756 4527,1751 4651,1748 4776,1744 4900,1740 5024,1736 5148,1733 5272,1730 5397,1726 5521,1722 5645,1719 5769,1716 5893,1712 6018,1708"
                         HEIGHT="183"
                         WIDTH="2518"
                         VPOS="1630"
                         HPOS="3517">
                  <String ID="string_region_1643960111673_621l19"
                          HEIGHT="183"
                          WIDTH="2518"
                          VPOS="1630"
                          HPOS="3517"
                          CONTENT="aworders offies waer can met occasie sal trachten te profiteren en"/>
               </TextLine>
               <TextLine ID="region_1643960111673_621l20"
                         BASELINE="3562,1870 3678,1868 3795,1864 3911,1862 4028,1858 4145,1854 4261,1850 4378,1846 4494,1843 4611,1839 4728,1834 4844,1832 4961,1827 5077,1824 5194,1820 5311,1816 5427,1812 5544,1810 5660,1806 5777,1804 5894,1800"
                         HEIGHT="193"
                         WIDTH="2367"
                         VPOS="1730"
                         HPOS="3543">
                  <String ID="string_region_1643960111673_621l20"
                          HEIGHT="193"
                          WIDTH="2367"
                          VPOS="1730"
                          HPOS="3543"
                          CONTENT="diergelijcke, oft andre voorvallen, gelieve mede te commanderen"/>
               </TextLine>
               <TextLine ID="region_1643960111673_621l21"
                         BASELINE="3550,1960 3666,1958 3782,1956 3898,1954 4014,1951 4131,1948 4247,1944 4363,1940 4479,1936 4595,1932 4712,1926 4828,1922 4944,1918 5060,1914 5176,1909 5293,1906 5409,1902 5525,1898 5641,1896 5757,1894 5874,1892"
                         HEIGHT="180"
                         WIDTH="2359"
                         VPOS="1814"
                         HPOS="3533">
                  <String ID="string_region_1643960111673_621l21"
                          HEIGHT="180"
                          WIDTH="2359"
                          VPOS="1814"
                          HPOS="3533"
                          CONTENT="gistren become advies dat het engls convoij met sarges eyndelijck"/>
               </TextLine>
               <TextLine ID="region_1643960111673_621l22"
                         BASELINE="3550,2060 3674,2056 3799,2054 3923,2051 4048,2048 4172,2044 4297,2040 4421,2036 4546,2033 4670,2030 4795,2026 4919,2022 5044,2020 5168,2016 5293,2014 5417,2010 5542,2008 5666,2006 5791,2004 5915,2002 6040,2000"
                         HEIGHT="180"
                         WIDTH="2523"
                         VPOS="1917"
                         HPOS="3533">
                  <String ID="string_region_1643960111673_621l22"
                          HEIGHT="180"
                          WIDTH="2523"
                          VPOS="1917"
                          HPOS="3533"
                          CONTENT="behanden tot ostende is gearriveert heeft wel 6 weken nu op weet i"/>
               </TextLine>
               <TextLine ID="region_1643960111673_621l23"
                         BASELINE="3516,2156 3633,2154 3751,2150 3868,2148 3986,2144 4104,2142 4221,2140 4339,2138 4456,2136 4574,2134 4692,2132 4809,2130 4927,2128 5044,2126 5162,2124 5280,2122 5397,2120 5515,2118 5632,2116 5750,2114 5868,2112"
                         HEIGHT="161"
                         WIDTH="2388"
                         VPOS="2058"
                         HPOS="3497">
                  <String ID="string_region_1643960111673_621l23"
                          HEIGHT="161"
                          WIDTH="2388"
                          VPOS="2058"
                          HPOS="3497"
                          CONTENT="geweert en een schip, met hem comende met graen geladen is"/>
               </TextLine>
               <TextLine ID="region_1643960111673_621l24"
                         BASELINE="3540,2256 3661,2250 3783,2246 3904,2243 4026,2240 4148,2238 4269,2236 4391,2234 4512,2234 4634,2232 4756,2232 4877,2230 4999,2230 5120,2228 5242,2228 5364,2226 5485,2224 5607,2223 5728,2220 5850,2218 5972,2214"
                         HEIGHT="157"
                         WIDTH="2463"
                         VPOS="2156"
                         HPOS="3524">
                  <String ID="string_region_1643960111673_621l24"
                          HEIGHT="157"
                          WIDTH="2463"
                          VPOS="2156"
                          HPOS="3524"
                          CONTENT="vergaen, godt wil alle geintresseerde vertrooften, heeft ue iets nodigh"/>
               </TextLine>
               <TextLine ID="region_1643960111673_621l25"
                         BASELINE="3556,2348 3672,2345 3788,2344 3905,2340 4021,2338 4138,2336 4254,2334 4370,2332 4487,2330 4603,2328 4720,2326 4836,2324 4952,2322 5069,2322 5185,2320 5302,2320 5418,2320 5534,2318 5651,2318 5767,2320 5884,2320"
                         HEIGHT="167"
                         WIDTH="2359"
                         VPOS="2224"
                         HPOS="3541">
                  <String ID="string_region_1643960111673_621l25"
                          HEIGHT="167"
                          WIDTH="2359"
                          VPOS="2224"
                          HPOS="3541"
                          CONTENT="aen goedren versoeke te gebeeden de na cordiale groetenisse"/>
               </TextLine>
               <TextLine ID="region_1643960111673_621l26"
                         BASELINE="3542,2458 3576,2455 3610,2452 3644,2450 3678,2446 3713,2444 3747,2441 3781,2440 3815,2437 3849,2435 3884,2434 3918,2432 3952,2430 3986,2430 4020,2428 4055,2427 4089,2427 4123,2426 4157,2426 4191,2426 4226,2426"
                         HEIGHT="134"
                         WIDTH="720"
                         VPOS="2354"
                         HPOS="3522">
                  <String ID="string_region_1643960111673_621l26"
                          HEIGHT="134"
                          WIDTH="720"
                          VPOS="2354"
                          HPOS="3522"
                          CONTENT="blijve"/>
               </TextLine>
               <TextLine ID="region_1643960111673_621l27"
                         BASELINE="3444,2626 3491,2619 3539,2614 3586,2610 3634,2607 3682,2602 3729,2600 3777,2595 3824,2593 3872,2590 3920,2587 3967,2585 4015,2582 4062,2580 4110,2578 4158,2578 4205,2576 4253,2574 4300,2573 4348,2570 4396,2570"
                         HEIGHT="214"
                         WIDTH="992"
                         VPOS="2437"
                         HPOS="3422">
                  <String ID="string_region_1643960111673_621l27"
                          HEIGHT="214"
                          WIDTH="992"
                          VPOS="2437"
                          HPOS="3422"
                          CONTENT="Brussel Cornelis le fays"/>
               </TextLine>
               <TextLine ID="region_1643960111673_621l28"
                         BASELINE="5356,2604 5384,2604 5413,2606 5441,2606 5470,2606 5499,2606 5527,2604 5556,2604 5584,2604 5613,2604 5642,2604 5670,2602 5699,2602 5727,2602 5756,2602 5785,2602 5813,2602 5842,2602 5870,2602 5899,2602 5928,2604"
                         HEIGHT="157"
                         WIDTH="605"
                         VPOS="2486"
                         HPOS="5338">
                  <String ID="string_region_1643960111673_621l28"
                          HEIGHT="157"
                          WIDTH="605"
                          VPOS="2486"
                          HPOS="5338"
                          CONTENT="Adj 16 gbre 1713"/>
               </TextLine>
               <TextLine ID="region_1643960111673_621l29"
                         BASELINE="3548,2698 3668,2694 3789,2688 3910,2685 4031,2682 4152,2678 4272,2674 4393,2672 4514,2670 4635,2668 4756,2666 4876,2666 4997,2664 5118,2664 5239,2664 5360,2664 5480,2666 5601,2667 5722,2668 5843,2670 5964,2672"
                         HEIGHT="150"
                         WIDTH="2448"
                         VPOS="2607"
                         HPOS="3533">
                  <String ID="string_region_1643960111673_621l29"
                          HEIGHT="150"
                          WIDTH="2448"
                          VPOS="2607"
                          HPOS="3533"
                          CONTENT="op 2 deser was aen uu mijnen laeste waer aen mij gedrage gvervolgens"/>
               </TextLine>
               <TextLine ID="region_1643960111673_621l30"
                         BASELINE="3552,2776 3673,2772 3795,2768 3917,2764 4039,2760 4161,2758 4282,2754 4404,2752 4526,2750 4648,2748 4770,2746 4891,2744 5013,2742 5135,2740 5257,2740 5379,2740 5500,2739 5622,2740 5744,2740 5866,2740 5988,2742"
                         HEIGHT="160"
                         WIDTH="2471"
                         VPOS="2663"
                         HPOS="3534">
                  <String ID="string_region_1643960111673_621l30"
                          HEIGHT="160"
                          WIDTH="2471"
                          VPOS="2663"
                          HPOS="3534"
                          CONTENT="sal desen dienen om t'adviseren dat gistren advies hebbe becemen vant"/>
               </TextLine>
               <TextLine ID="region_1643960111673_621l31"
                         BASELINE="3560,2864 3679,2860 3799,2858 3918,2854 4038,2852 4157,2848 4277,2846 4396,2844 4516,2842 4635,2840 4755,2838 4874,2836 4994,2835 5113,2832 5233,2830 5352,2828 5472,2826 5591,2823 5711,2820 5830,2816 5950,2812"
                         HEIGHT="159"
                         WIDTH="2423"
                         VPOS="2754"
                         HPOS="3543">
                  <String ID="string_region_1643960111673_621l31"
                          HEIGHT="159"
                          WIDTH="2423"
                          VPOS="2754"
                          HPOS="3543"
                          CONTENT="behanden arrivement van convoij met sarges, heeft t weken op wegh"/>
               </TextLine>
               <TextLine ID="region_1643960111673_621l32"
                         BASELINE="3528,2964 3648,2960 3769,2957 3889,2954 4010,2951 4130,2948 4251,2946 4371,2944 4492,2942 4612,2940 4733,2938 4853,2936 4974,2932 5094,2930 5215,2928 5335,2926 5456,2924 5576,2922 5697,2918 5817,2916 5938,2912"
                         HEIGHT="186"
                         WIDTH="2442"
                         VPOS="2831"
                         HPOS="3512">
                  <String ID="string_region_1643960111673_621l32"
                          HEIGHT="186"
                          WIDTH="2442"
                          VPOS="2831"
                          HPOS="3512"
                          CONTENT="geweest dat noijt geshet is, godt sij gedancket alles soo wel vergaer is"/>
               </TextLine>
               <TextLine ID="region_1643960111673_621l33"
                         BASELINE="3564,3058 3682,3056 3801,3054 3919,3052 4038,3050 4156,3048 4275,3044 4393,3042 4512,3038 4630,3036 4749,3033 4867,3030 4986,3026 5104,3024 5223,3021 5341,3018 5460,3016 5578,3013 5697,3010 5815,3008 5934,3006"
                         HEIGHT="147"
                         WIDTH="2403"
                         VPOS="2958"
                         HPOS="3547">
                  <String ID="string_region_1643960111673_621l33"
                          HEIGHT="147"
                          WIDTH="2403"
                          VPOS="2958"
                          HPOS="3547"
                          CONTENT="een schippie geladen met graenen, dat met hem gevaren heeft is op die "/>
               </TextLine>
               <TextLine ID="region_1643960111673_621l34"
                         BASELINE="3544,3158 3664,3154 3784,3151 3904,3148 4024,3145 4145,3142 4265,3138 4385,3135 4505,3132 4625,3130 4746,3126 4866,3124 4986,3122 5106,3120 5226,3118 5347,3116 5467,3114 5587,3114 5707,3114 5827,3114 5948,3114"
                         HEIGHT="171"
                         WIDTH="2436"
                         VPOS="3019"
                         HPOS="3528">
                  <String ID="string_region_1643960111673_621l34"
                          HEIGHT="171"
                          WIDTH="2436"
                          VPOS="3019"
                          HPOS="3528"
                          CONTENT="husten verongelucht godt wil de geentreesseerde vertrootten, hebbe"/>
               </TextLine>
               <TextLine ID="region_1643960111673_621l35"
                         BASELINE="3558,3246 3677,3246 3797,3244 3916,3242 4036,3240 4155,3238 4275,3235 4394,3232 4514,3229 4633,3226 4753,3224 4872,3220 4992,3218 5111,3216 5231,3214 5350,3212 5470,3210 5589,3210 5709,3208 5828,3208 5948,3208"
                         HEIGHT="158"
                         WIDTH="2423"
                         VPOS="3117"
                         HPOS="3540">
                  <String ID="string_region_1643960111673_621l35"
                          HEIGHT="158"
                          WIDTH="2423"
                          VPOS="3117"
                          HPOS="3540"
                          CONTENT="met voors convoij become een seer schoen assortement soo in mode"/>
               </TextLine>
               <TextLine ID="region_1643960111673_621l36"
                         BASELINE="3532,3352 3647,3348 3762,3346 3878,3343 3993,3340 4109,3338 4224,3335 4339,3332 4455,3330 4570,3326 4686,3324 4801,3322 4916,3320 5032,3316 5147,3314 5263,3312 5378,3310 5493,3307 5609,3304 5724,3302 5840,3300"
                         HEIGHT="174"
                         WIDTH="2341"
                         VPOS="3217"
                         HPOS="3514">
                  <String ID="string_region_1643960111673_621l36"
                          HEIGHT="174"
                          WIDTH="2341"
                          VPOS="3217"
                          HPOS="3514"
                          CONTENT="couleuren als coffees drogetten perpet  waere en ue dinste"/>
               </TextLine>
               <TextLine ID="region_1643960111673_621l37"
                         BASELINE="3540,3454 3662,3452 3785,3450 3908,3448 4030,3445 4153,3442 4276,3440 4398,3437 4521,3434 4644,3431 4767,3428 4889,3424 5012,3422 5135,3419 5257,3416 5380,3414 5503,3411 5625,3408 5748,3406 5871,3404 5994,3404"
                         HEIGHT="146"
                         WIDTH="2488"
                         VPOS="3319"
                         HPOS="3523">
                  <String ID="string_region_1643960111673_621l37"
                          HEIGHT="146"
                          WIDTH="2488"
                          VPOS="3319"
                          HPOS="3523"
                          CONTENT="connende doen gelieve te commanderen versoeke van aen mons."/>
               </TextLine>
               <TextLine ID="region_1643960111673_621l38"
                         BASELINE="3494,3552 3618,3550 3742,3546 3867,3544 3991,3540 4116,3538 4240,3534 4364,3532 4489,3528 4613,3526 4738,3522 4862,3520 4986,3516 5111,3514 5235,3510 5360,3508 5484,3505 5608,3502 5733,3500 5857,3497 5982,3494"
                         HEIGHT="182"
                         WIDTH="2522"
                         VPOS="3435"
                         HPOS="3476">
                  <String ID="string_region_1643960111673_621l38"
                          HEIGHT="182"
                          WIDTH="2522"
                          VPOS="3435"
                          HPOS="3476"
                          CONTENT="de uemer volkaent hier van kernisse te geven, ben nu al wat verlege"/>
               </TextLine>
               <TextLine ID="region_1643960111673_621l39"
                         BASELINE="3534,3648 3656,3646 3779,3644 3902,3642 4025,3640 4148,3638 4270,3636 4393,3632 4516,3630 4639,3628 4762,3624 4884,3622 5007,3620 5130,3618 5253,3616 5376,3614 5498,3612 5621,3612 5744,3610 5867,3610 5990,3612"
                         HEIGHT="108"
                         WIDTH="2491"
                         VPOS="3563"
                         HPOS="3515">
                  <String ID="string_region_1643960111673_621l39"
                          HEIGHT="108"
                          WIDTH="2491"
                          VPOS="3563"
                          HPOS="3515"
                          CONTENT="soo salt mij aengenaem sijn soo ue benevens mons. de wermer mij mat"/>
               </TextLine>
               <TextLine ID="region_1643960111673_621l40"
                         BASELINE="3526,3754 3647,3751 3769,3748 3890,3746 4012,3742 4134,3740 4255,3738 4377,3736 4498,3734 4620,3733 4742,3731 4863,3730 4985,3728 5106,3726 5228,3724 5350,3723 5471,3722 5593,3720 5714,3718 5836,3716 5958,3714"
                         HEIGHT="168"
                         WIDTH="2464"
                         VPOS="3624"
                         HPOS="3510">
                  <String ID="string_region_1643960111673_621l40"
                          HEIGHT="168"
                          WIDTH="2464"
                          VPOS="3624"
                          HPOS="3510"
                          CONTENT="londe assisteren want hebbe al groote somme nodigh geleeve den"/>
               </TextLine>
               <TextLine ID="region_1643960111673_621l41"
                         BASELINE="3544,3848 3667,3846 3790,3844 3913,3843 4036,3842 4159,3840 4282,3838 4405,3837 4528,3836 4651,3834 4774,3832 4897,3830 5020,3830 5143,3828 5266,3826 5389,3824 5512,3824 5635,3822 5758,3820 5881,3820 6004,3818"
                         HEIGHT="192"
                         WIDTH="2493"
                         VPOS="3716"
                         HPOS="3528">
                  <String ID="string_region_1643960111673_621l41"
                          HEIGHT="192"
                          WIDTH="2493"
                          VPOS="3716"
                          HPOS="3528"
                          CONTENT="ingelijde aen mejs, borremans te doen behandigen sult verobligene die"/>
               </TextLine>
               <TextLine ID="region_1643960111673_621l42"
                         BASELINE="3544,3962 3601,3960 3659,3960 3717,3960 3775,3958 3833,3958 3891,3958 3949,3957 4007,3956 4065,3956 4123,3954 4180,3954 4238,3952 4296,3950 4354,3950 4412,3946 4470,3944 4528,3940 4586,3937 4644,3934 4702,3930"
                         HEIGHT="161"
                         WIDTH="1193"
                         VPOS="3863"
                         HPOS="3527">
                  <String ID="string_region_1643960111673_621l42"
                          HEIGHT="161"
                          WIDTH="1193"
                          VPOS="3863"
                          HPOS="3527"
                          CONTENT="blijve naer cerdiale groetenisse"/>
               </TextLine>
            </TextBlock>
         </PrintSpace>
      </Page>
   </Layout>
</alto>
