8385 4644
1092 104 2295 184 dd

1032 250 2376 117 dat het meester te beclagen is dat is datse alle op de vauwen nat

1080 320 2343 185 sijn nis seer diep gepenetreert, soo datse soo veel, als geheel door net

1077 401 2336 223 sijn ghet is te vreesen, datse naer der hant vol gaeten comen suln

1084 506 2295 198 soo dattoe al meer seade aen is als men gemeijnt heeft, derhalve

1079 608 2317 157 waer het oedelijck dat de reghten daer van niets betaelt winden

1068 687 2305 188 sal daer verlies genoch aen hebben: den soneser jasper del

1072 796 2321 213 Campo. ontfangher a costij is een tresfelijck adenght saem man

1072 879 2337 219 die verttant greden gebruyckt gelieve hem daer over uyt mij ne

1097 949 2244 239 name eens te spreken, twijfele, niet oft sal in dese brlijcke

1092 1071 2216 216 saecke pretentie consenteren & sucies sal mij liet sijn te

1091 1167 2314 220 vernemen, oock sal ul geen waght aen lindge betaelen, want

1103 1289 2289 233 het is niet mogelijck, dat het pack door storm op de se manier

1076 1348 2265 287 can nat geworden sijn het moet aen de pomp gertaen

1079 1482 2177 249 hebben oft hij heeft water van beginsel n sijn seigg

1069 1607 2238 258 gehadt a dat het pack op sijn plet daer in gelegen haft

1098 1725 2267 238 ue antwi van seven afwaghtende met verlanghe blijve

1095 1893 931 192 naer cordiale groetenisse

2768 1977 625 185 Adij 16 Janu 1713

925 2001 807 186 Lier Jan de Kinder

1093 2112 2147 189 hebbe u aen geneme van gistren wel ontfange dien

1075 2221 2274 186 volgens sun de gesondene quitantie voldaen is, wat

1096 2302 2321 218 aen gaet het gelt mij over te senden, terwijlen nimart

1080 2392 2242 266 kenne om dat te betrouwen soo versoecke windelijck

1098 2532 2187 222 als u, aft ul aderlieste eens over compt van hee

1073 2611 2277 232 selve eens mede te brenghen, hope als dan met eene

1105 2729 2167 216 het gelulke sal hebben van uu in eenige goedren te

1095 2881 2208 186 cennen bedienen het convoij met engesche targes,

1093 2968 2279 190 is godt danck wel gearriveert amijne packen sijnal

1103 3088 2234 201 op wegh dagh liggen entrent dermonde tecrosen

1096 3178 2270 194 hebbe even wel al eenige packen t huys de drogiste

1097 3238 2314 277 waer van mej oust u beminde die stalen gesien hut

1092 3380 2313 197 sijn noch niet hier sullen met de resterende goedren

1096 3474 2296 235 bemen, dat verhope, soo den vorst tesseert in eendagh

1106 3592 2251 183 aft twee sal sijn., wenste u dient, ende doen gn

1084 3737 2167 177 alle occasien voor allende gelieve te commandere

5567 203 464 115 Adij 16 Jan 171

3504 217 1314 185 Brugge Gillis van Coppenolle

3574 296 2479 198 op 11 deser was aen ue mijnen laerten waer aen mij gedrage sedert

3569 385 2436 181 geene, van u, seipper martens is niet voor den dagh gecomen

3566 452 2510 202 soo dat onderwegen bevrosen leght, godt wil hem bewaren, het

3564 584 2437 179 is een droige sale dat oy lenden alle contrarie ain mijne

3569 641 2519 249 ordre doet hadde u geordoneert mijne paeken p laergiete senden

3548 739 2530 224 au sendt die p beurtscip, wel e moet weetere datter een

6019 851 78 152 1u

3563 834 2397 223 ingeluck aen sijn sup compt oft goedren het voor u rek

3559 955 2526 249 sijn sal den sipper en heeft niet eens laeten weeten

3560 1041 2322 211 mver hij is, dat tegen alle reden is 't seynt gij lieden

3555 1149 2484 217 Hudie macht om ons in alles te verdricken segge noch mael

3541 1243 2409 244 dat gijleden, wel den  gewaer sult worden ageloont voor

3563 1342 2461 241 dimpartenenta maniere van handelen den isico, sal eghten

3552 1495 2158 177 voor u rek. sijn blijve naer cordiale groetenisse

5402 1619 406 169 Adij 17

3529 1674 994 198 Rotterdam dienijs verbargh

3555 1738 2488 188 op 24 past. 210 desery waeren aen ue mijne laeste sedert geene van

3546 1837 2486 212 ue hadde eghter niet getwijfelt, oft ul soude mijn versoeck vollroght

3540 1928 2478 204 wellen ontrent de rek courant: ben van u niet anders gewent, als alle

3540 2013 2472 232 prompitadie int geene sende voorvallen, soo dat seer verwondert

3556 2154 2448 174 ben, wil niet dencken, u eenige onpasselijckeijt sult belet heeft

3550 2260 2462 188 versoekende met desen noch mael ten minsten een woorde ken

3542 2352 2357 236 antw:, dat met groot verlangen sal tegemoet sien & waer in

3535 2458 2512 235 capabel ben ue dient te doen gelieve te commandere die

3555 2632 1486 178 blijve naer Cordiaele groeteniss

5412 2733 548 180 Adij 19 ditto 1715

3498 2794 736 172 dorninck simon donn

3558 2844 2444 219 le 3me courant fut a vre grace ma deniere a la quelle ie me referre depuis

3550 2949 2473 197 sans l'honneur de la vre celle pour adviser, que les deux perpett sont partie

3550 3070 2415 125 a hier avec ce que vre a demande de mon frere piere il vous plaira me

3557 3187 873 115 crediter comme en suitce

5657 3175 314 164 90:-

3581 3177 1743 210 le 18 Janu. 1715 2 perpet. blanchie N.60. V1 a 45

3543 3298 2474 197 paijable, dans la ville d'anvers en argent de change je les aij mis au plus

3556 3429 2443 173 moindre prix & ie vous assure, que vre grace n'aura jamais vue de si belles

3554 3517 2427 173 & bonnes & ie ne doubte pas, qu'ils vous donnerons du contantement & ie me

3551 3597 2415 199 suis regle en perpett. En numero de N. 55: 60. 70. 80 & N.100, le prix

4472 3729 606 131 N. 55 381-

3551 3762 752 135 est Comme Ensuiten

4520 3813 563 121 60 421-

4501 3902 560 127 70  481-

4518 3988 568 127 80521-

4497 4090 578 92 100 64:-

3553 4110 2454 179 tous comme il vienent d'Engleterre ny blanchie ny taint pour les blanchier

3551 4210 2466 131 nous paijons 3:- & pour les taindre noir 6:- ainsij qu'and vre gracce

3546 4311 2451 120 en veut demander vous pouves vous reguler a l'adenant a ces prix j'en
