8358 4637
1005 193 2192 160 naer wentinge van een saligh hooghteydt aerstaende

2757 341 562 182 Adj 20 bbre 1713

901 322 1276 244 Brussel meertinus volhaert

979 474 2306 188 ue seer aengename van 16 deser wel ontfanghen dien volgers

973 574 2334 190 sende aen ul heden p beurtschip op brussel het potie met

975 674 2297 196 15 caffees  209: et 15 die ue gekosen heeft het is mij leedt

952 789 2363 187 dat het geluck niet sal hebben van u dit jaer hier te sien

971 880 2321 194 dat verhope int beginsel vant aenstaende niuwi sal gesch

988 1013 1512 157 ieden gelieve mij dan te crediteren voor

986 1020 2269 253 een baestien & 209 met 15 sarges bette cosfas met nam

2823 1161 412 131 ƒ 367:10

985 1203 1040 167 22 ggr.. a ƒ24:10

984 1241 2335 229 wissel gelde sijnde den prijs die mons le faijt nu & lanck voorden

995 1367 2268 181 betet heeft in toecomende sullente ƒ 23:- moet kolten

988 1448 2229 216 waer  dapabel ben ue voorderen dienst & doen gelieve

979 1555 2187 205 te comnoere de Blijv naer cordiele grelentte

2689 1728 587 182 Ady 22 xbre 173

789 1742 1166 212 fournaus Jaen  Dobent

985 1877 2207 170 ue aengename van 4 deser is mij wel geworden waer bij verneme

977 1986 2233 176 den prijs van de tycken contelincke veel gemonteert is dat mij

977 2112 2259 132 niet animeren can eenige, te laten toecemen want tit naijf

967 2182 2253 189 geraetsaem en hooge marten in ee ccoepen que principael, het

983 2275 2269 157 het winter zesoen behoorden die op het sleghste te wesen

963 2373 2311 157 & wat den tijdt aengaet ie soud op een maet, oft beweken

978 2478 2189 172 laet het twee maenden wesen die blaer hebben

987 2556 2262 179 soude een sontement bregeeren als aenden voet desen

966 2685 2199 179 genoteert der salve gelieve te laten weten voor mat

969 2773 2322 173 sprijsen. u die het alderlaghtte senden saede u antwoort

981 2885 928 173 verwaghtendie Blijve

1155 2984 786 180 14 ps2 segels

1192 3080 989 190 „60:„ ¼ groot loodt

1151 3208 785 149 10d74 2 regelt

1172 3296 770 148 4d„ ¼2 segels

1161 3364 1242 181 -24d:4   groodt soodt

1179 3485 794 157 10d ¼ 3 segels

1167 3565 1019 153 20d9¼. groot loodt

1593 3685 67 71 6

1131 3671 438 156 12 d„

1554 3692 426 147 „ 3 segels

1153 3749 337 207 100 pp

5834 202 164 102 109

3405 259 1425 242 Brugge Gillis van Coppenolle

5236 285 671 213 Adij 22 xbr 1713

3519 432 2387 188 es aengename van van 18 deser wel ontfanghen daer benevens

3515 561 2359 165 mijne de courant die hebbe naer gesien & d'accordt bevonden

3526 649 2294 163 uyt genomen de partije van 22 aug encosten op 6 ballotten sijnde

3492 740 2500 187 ƒ 579:19:9 maet sijn ƒ 380:2 sijnde volgens volgens de gecorogeerde

5292 839 76 93 e

3518 868 2472 156 16k: evenwel het verschil, is maer 2¼ stuyvert sal de rek. courant

3501 966 2432 177 benevens ul sluyten qu traitte voor Joh Jassper del campo van

3501 1055 2454 220 ƒ 600:9:6 sal vereeren, dit is het nodighe deses, blijve naer

3525 1190 2342 185 ul reciproquelijck gewenst te hebben een aenstaende schich

3521 1299 2455 137 hoogheydt ogeluck saligh niuwe jaer niet veele navolgende

3537 1417 545 191 Blijve

5216 1412 593 215 Ady 25di 173

3372 1559 490 159 Amst. Rousseau

3523 1618 2387 202 ue veraengename van 22 deser wel ontfangie daer benevens mijne ick

3489 1730 2405 165 courant die hebbe naergosie & d'accoordt bevonden, wijtgenme 1 p817

3523 1822 2395 119 erreur dat ule begaen heeft tot mijnder prejuditie on de gedane remise

3500 1922 2381 140 van 12 october on V:F: heriux £300:- a 1¾ p mynde advance

3515 2016 2467 140 waer vooren ul mij debiteert voor £296:618 en moedt sijt ƒ296:5 20 n

3500 2116 2370 131 soo dat ue p seude compt £-:14:7 dat gelieve naer te lven

3498 2195 1650 155 daccoordt bevindende, benevert mij te noteeren

3507 2287 2311 148 ni wentte wel ua de goedtheydt hadde van a Cotty te soecken vier

3496 2321 2385 200 clijne diamanties buillianties die te samen maemoden mogen weghe

3506 2439 2452 165 2 a 3 grejn uijterlijck de 4 ps, & souden moeten van de eerste wateringe

3497 2529 2382 163 sijn & soo uk die niet conde vinden soude met t dice steentiens vant

3495 2629 2444 169 delfte gewight scomen geralien soo iue die rel contreert gelieve de selve

3516 2744 2412 142 mij cito toe te saden, mot de ntitie vanden quyt, he ka sigh mae

3510 2836 2332 138 addresseeren, by de principaelste ju welvers, taijfee mie oft dhe ne

3496 2918 2364 156 daer in sulle behulps aen wesen, in afwaghtinge d'een van ue

3496 3034 2357 128 antwoorde blijve naer ul reciproquelijck gewenste te hebbe

5157 3091 692 168 Adij 25 d 1713

3392 3127 899 174 Rottm Dioniys veburgh

3488 3181 2470 208 ul seer aengenam van 22 deser wel ontfanghe, wae rijt verstaen ieso het

3501 3268 2482 217 pac ie wal geworden is ue sal alnwe een pact ie behang dight worden

3508 3390 1125 184 inhouderde 240 stweken N. 3

3511 3451 2452 203 tot u gouverns den il die goederen noch niet monteren sullen die ch

3494 3543 2468 180 wel laten liggnsen, & verhope met het ni jaer daer aftreck n sijn sa

3501 3632 2429 167 weste wel dat de shalve stulten van NB¼ minder wal val sijn

3480 3753 2389 169 daer salt niet op aen comen als ue vercoopn jan volgent uy

3520 3820 2358 207 voorge ordre, gelien te effectueren, & wat aengaet voort taltan

3497 3922 2332 197 van de brecle die ue mij soude comen te doen, twijfele niet

3502 3996 2442 207 oft ue sal dat voor dese reyle doen, milt gewettende ½ t gelgt

3523 4158 2424 152 on andere bedient worde, & suede dan wel brieven begesreen op

3494 4222 2436 191 tyt om iets te advnnceren want anders waer aen ie goedern

3760 4348 813 116 mij neg te profideren
