8234 4603
958 190 2264 106 on ne paye point ie vous conseillerez de perdre un bre pour

960 209 2261 142 avoir vre argent que peut estre, vous n'aurez point en bien

906 303 2408 155 du temps, j'ay auissij envoyez vre seconde lettre de p tra dauze

958 416 2375 114 cent trante & dix neuf patars courant, sur le 1 walkeer a brussel

958 480 2364 149 ou on procurerez aussij le necessaire avec celle du 25 d vre groe

968 602 2363 140 me remette encor huit cent florins courant sur le Sr charso hae

969 678 2336 186 qui at promis de l'accepter & pour le pagement ie ne doibt pas

958 756 2355 174 vre grace serat credite a son temps d'abord, que j'aurez quele

957 882 2360 129 novelle d'amsterdam vous serez adviser ie vous salue comme

989 956 2263 148 austy mad: vre espouse & ie suis en attendant l'honneurs,

977 1083 751 142 de vous voire icye

2727 1102 608 182 Adij 28 Juny 1713

787 1155 1044 161 brussel de wed: Borremans

973 1208 2324 175 verhope ul goede thuys omste diser om ue te adviseren als daetde

957 1301 2364 222 goedren, die albij mij heeft uyt gesoght heden p beurtschip op brussel aen

964 1386 2368 245 ue gesonden hebbe sijnde gepackt in een packie gemerckt B droogh

947 1497 2371 235 & wel geconditioneert naer soo dangen ontfangh gelieve de waght naer

970 1582 2344 212 reden te betalen, twijfele oft dese godren sullen ue volle genoege

960 1710 2318 215 gene & waer n voorders capabel ul eenegen te doen, versoeke van

973 1788 2025 227 te commanderen blijve naer cordiele groettenisse

2824 1872 455 211 Adij 28 ditto

791 1986 988 208 Brussel S gremberge

940 2031 2376 226 angevolge d'ordre van nicolas van den Berge van halle, soo sende

986 2151 2323 179 aen ue heden p beurtschip op brussel een pack gemarckt MB. droogh

973 2231 2318 179 & wel geconditioneert, naer soo danige ontfangh gelieve de craght

959 2322 2373 186 te betalen als naer reden voorders naer alle, op het spoedigtte

969 2400 2350 214 te senden het baeltien, hant in als aen den voet desen ul dinst

971 2561 1672 148 ick connende sijn gelieve te commandere

1122 2655 751 164 14 Engesche sarges

1176 2769 559 169 1 ditto drogett

1147 2832 747 205 4 stucken toeu

1135 2961 792 169 2 antwerste Jaspeal

1099 3100 388 164 21 Jud

2660 3105 655 190 Adij 5 July 1713

800 3203 968 195 Twetton ben Enckmarck

1002 3292 2280 184 ue aengename van 12 pass. wel ontfanghe dien volgens sal

942 3397 2323 149 de geordonneerde goederen verwaghten recomandere nochmael

982 3486 2333 177 van goede sorgente dragen, datr de couleura precies accorderen

964 3631 2269 134 &levendigh sijn, opca voor de lighte g geile blijven,

985 3696 2345 146 als voor groen & gule shaiek, ben verwondert dat ue penlieeren

990 3815 2319 131 wilt dat alle de sitting couleuren acoorderen op de stalen

967 3874 2361 149 N.12: 13: 14:15:19 voor eerst naer N. 14 isser noet een bij pe

990 3967 2186 173 heeft wch noydt soo danige gesonden, de andere sijn als

1000 4077 2313 163 genot eert hebbe, soo ue stalen ontfange, soo confrontere die

1001 4159 2301 131 attyt naer mijn ordre, & stalen, soo dat daer niet lichelijck

1015 4260 2317 172 in batiusere, Dheer henrico van havre, die onglanghs gestorven

3544 182 2470 116 is negotieerde seer sterck in perpet. & hadde maer 4 sortementen, sbe

3539 232 2481 154 geut meert dat hij aen ue eenige ordonneerde, soo wenste wel te weeten

3544 338 2428 117 van wat prijsen ue aen hem sondt soude geirne die calandisie naer

3533 416 2472 147 mij trecken, & sal noch wel eenige stucken voor dit convoij ordonneren

3548 518 2407 124 soo haest ue advies becomen sal hebben, mijn broeder kan mschvel

3524 586 2435 118 die mede erfgenaem is, sal mij mede eenigh light geven, op wat

3531 678 1090 154 manire, hy de perpet. regeirde

3529 750 2438 165 voorders ben versoght van eenige engelsche scheiren te later comen

3542 858 2409 147 alt mons. le blon hier was heeft mij een vercert die seer goedt is

3515 931 2440 198 & eet bequaem om stalen te suyde, soo winste wel dat ul mij

3533 1056 2428 148 tvee a dry soo danige toelent als oock eene naer dit in gelijde

3538 1110 2388 184 moddel, alle van de fijnste soorte, het impert sal ul op de

3544 1217 2379 167 eerste facture gelieven te stellen, p naeste sal ue remises senden,

3535 1347 1978 115 ue van hetn groeterde blijve naer Cordiale groetenisse

3534 1400 2467 174 PS terwijlen ue wel 40 stucken sacqet, chetmits oft priven couleure

3534 1526 2475 109 op de stale N.6:7 va 30 april ie de mact hebt soo morght wel

3542 1602 660 163 wil 15 ps senden

5176 1617 683 181 Ady 12 d 1713

3409 1690 562 181 Twitton up cott

3534 1754 2435 207 ue aengename va 22 pas. wel ontfanghe dan benevens fatture

3512 1868 2473 141 & stalen vn eene bale met 60 sacqet 22 g. monterende  111:4:0 et

3503 1967 2404 169 die niet soo geordonneert hebbe, wennel de blives. de 4 geile shalll

3519 2050 2487 181 als oose de prince couleuren, sijn goet, maer de groene shades niet versoopbe

5208 2137 627 173 43d 1

3519 2170 1707 150 te weete eps  2ps 3 ps u

3534 2252 2370 149 hebbe soo danige niet gevraeght maer wil naer N.21. 23.  van

3539 2368 2425 123 12 meij 1712 & soo moeten die hadis sijn, oft geene soo die ue

3517 2444 2454 182 geordonneert hebben preecs naer te come, als oocke de andere vn

3525 2520 2369 158 N. 32:33:34 van 12 mij ditot is gouverno. in twee lette

3509 2622 2456 183 gelondene packen, staen noch gehell, & daer is int minst geen

3529 2727 2394 180 de biedt & soo veel, alle van een couleur magh noet aennemen

3532 2824 2467 128 moete betiennen, dat dese bute sijn voorders sal sien wat in

3527 2906 2424 143 volgens mijn ordre senden sal recomandere doch, vande stalen

3524 2973 2446 232 preeves naer te comen, dat sevendigh & blosent sijn ue naeest

3522 3104 2493 174 geene mentie van mijne va 3 pes waer bij versoght hebbe

3476 3179 2507 184 vamy remise  150:- ittantelijck te don accepte

3512 3272 2422 213 Itgeepasseert wij t later weeten dat met desen andermael

3545 3383 1856 193 versoecke, & ue antwoort te gemoedt siende bly

5302 3472 634 175 Adj 13 d 1723

3411 3524 716 176 Aust fran. rousseau

3517 3610 2336 165 bryde ue seer aengename van 29 pas & 10 dester wel ontfanghen by d

3531 3717 2472 175 beliften verneme, dat present wijnigh oft wist te avavceren is, int remitte

3534 3819 2447 185 op tijdt soo moet me dat empby staken, oft me gen half p meis

3514 3916 2518 176 kan become, is het de moeyte niet weirdt dat me sogh daeree beu

3522 4021 2493 132 wat aengaet het biiefie op bereijta, moeten daer natientie mede hebben

3518 4137 2484 128 het is wil te bespeitren dat den trrieker & aceptante mijn rint janl

3496 4216 2406 181 hosivirr niet woorden, & leugenen paeyen dat het mijne scie
