8324 4644
2761 212 563 158 Adij 17 gbre 1713

862 223 1167 182 Brugge Gillis van Coppenolle

971 334 2279 185 op 15 deser wad aen ue mijnen laeste met de natitie van mijne packen

947 438 2368 152 it Cwings geladen sedert van u niets vernomen, soo ge sere mij aen

935 526 2390 177 den selve hadde geordoneert de ba 61:62  20 4 p baerde gugent

956 670 2365 144 te versonden lito doenelijck dogh niet alle gelyek maerider dat h een

970 718 2359 191 pack ut het sijn packie 3 dat van cuynge gelieve te vragen ende

986 803 2320 223 resteren de preken p beurtsihip advoicturez tot a govera gedt pro t

986 963 2268 123 advies vant ene cony passeert aen die naer cordiale groetenisse blijve

2800 1067 459 138 Adij 17 gbree

809 1053 1251 208 Brugge Gillis van Coppenolle

1000 1159 2257 182 ue aengename van gistren wel ontfange dienende tot antwoort op

993 1302 2262 112 mijnen van 15 ditto sedert, ben venandert van sentiment soo sal ue

977 1324 2335 164 de negen packen alle adroiture p beurtschip versenden, dogh terwijle

993 1474 2268 136 soo veel schepen ingevallen sijn, soo geloove vattetijck, datter

998 1510 2248 164 meer als eenen beurtman op hier van costij comen sal soo sal

995 1604 2341 155 ue vier a 5 packen met den eersten versenden & de balen & 61:62  204

989 1711 2295 167 met den eersten bene vens met noch 2 andre die het erste aen de

982 1802 2337 178 hant comen & de andre retterende met dent weeden beuntman gpeen

970 1918 2339 151 op gent dogh het packie & dat van cwings, maet gevraeght worden

1404 2055 114 75 en

970 2014 2294 168 dito so wegens toe te senden als geschreve wat aengaet de bele

2609 2106 306 97 soonte die

992 2108 2254 201 210 sijn 32 doogett ordinaire ende van de voor larget, pe sn

998 2255 2280 173 ider is, maer een stuck tot u governo. ue van herte graetende

992 2392 800 158 Blijve

1018 2472 1379 187 hebbe geen intrest in sd: grimbergen

2733 2628 535 143 Adij 18d. 1713

865 2628 888 162 Tirenton hernij Blasdon

1006 2703 2293 147 ue seer aengename, van 26 past wel ontfange John Eiwings sanior is goot

932 2836 2306 109 daneck eijndelijck behanden gearriveert, heeft wel 5 a 6 dagen tot duyn

1001 2889 2261 143 lercke geveeert en niet eens aenimant van de geintreseerde gescreve

987 2994 2252 142 dat seer qualijck gedaen is hebbe hem daerom tterck doen reproceren

1011 3074 2328 140 hebbe de nodighe ordres naer brugge gesonden tot de verclaringe, voorders

996 3219 2266 103 sien dat ue de resterende goedren sult prepareren, om met het volgendee

2566 3255 134 56 noch

989 3298 2315 106 schip te senden, waer op tot antwoort segge van te prepareren 120 sarges

1019 3398 2324 121 coffees 229d: 60ps met name a 60 ps sonder name, alle vant claverblat

1015 3440 2190 133 naer de leste stalen qinstrectie & moeten alle wat verschillende van

1006 3534 2253 177 couleur wesen d'een wat bruynder en d'andre wat lighter, als oock

1026 3661 2210 102 noch 15 coffees sarges royales 249d benevens noch eenige drogetten

1018 3697 2266 161 naer de stalen qp van 5aug lest als hier aen den voet deser genoteert

1006 3801 2329 118 ie leste gesondene bryn couleuren sijn niet al te wel goevinde wijnight

982 3880 2331 138 lighte soo ift dat meeste laghte ordoneren geloove met John buridge

1006 3970 2315 139 voor 3 maerden overcomen sal, soo sallen onse iek van desen loperde

992 4104 2328 128 jaere gaen sluyten, soo heden noch iets op de borse vinden kan om

999 4160 2325 116 ie te remitteren, salt hier berevens senden, even wel gelieve mijne res

1008 4238 2335 165 courant toe te senden. a narouwen d blijven noch leggen van d'andre

1007 4340 2335 118 soorte sijne eenige ps verkoght, tot ie governe ue moet mij noch crediteren

3535 145 2383 150 von t de bete een ist pe en te wel halve op de gae hepp ende

5859 199 126 87 1de

3531 246 2448 86 die bale noch geordoneert op de conditie van den auder prijs gelijck de bale  198

3515 312 2466 98 die bijde op een facture staen nu wont mij van costij geschreve dat de sarges

3537 373 2408 149 6e7 a 1p p ps gevallen sijn sijn, soo twijfele niet ofte u sal de selve oock

3506 482 2460 164 lager stellen, laet mij weten, wat ul oft m. thorne de mode couleure beste

3527 585 2493 100 gegd: claverblat met namt mij aen boort stelt, als oock hoe veel det weede sorte

3540 638 2353 145 laverblat met name, als gij lieden goet goet sendt qin prijs gelyef

3539 757 2441 127 andre roillemet ie int toecomende jaer grotter affairen doen, als wel tot

3539 834 2462 124 noch toe gedaen maer sout altijdt mijn ordres precies moeten volbrenge

3552 904 2443 156 want saude anders groote preiuditie lijden, wat aen gaet CV.W laethen

3536 995 2451 181 maer begaen, het sijn, maer drijgementen, die ons geen ongelijck doen sulle

3527 1096 2396 194 segge noch mael dat het ie seer avantagieus sal sijn bij sooverre ue

3511 1170 2499 205 geene coffees aen andre hier sendt als aen mij om reden voordes en gescreven

3542 1311 1274 145 ue van herte groetende blijve

3959 1397 1799 145 te Preparereren voor John burridge die nu in ladinge is

3985 1529 1084 129 60 sarges Coffeet, beste met name

3975 1614 997 115 60 ditto coffres sonder name

3989 1644 1417 182 15 ditto Pojales 24 gr coffees als gesonden

4124 1788 227 78 At

3799 1784 77 99 C

3926 1805 574 144 135 ps. sarges

3518 1845 1648 193 pl heden op de borte is niet een, voor de drogetten

3556 1994 871 112 brief te becomen geweest soo

4505 1971 506 171 2 ps naer N.4

3543 2038 919 174 moete wat patientie hebben

4921 2110 96 90 s

4526 2091 175 113 3d.

4847 2162 187 125 6

3505 2207 1188 118 laedt de 15 rojales niet gemaeckt 3d

4851 2270 177 115 5:7

3523 2275 1168 111 worden tot nader ordre omdat 3d

4848 2355 290 130 8:9

3509 2352 1167 132 de laeste verskoght sijnde, doort lang 3d

4862 2461 156 89 16

3495 2430 1196 134 tarderen van Cwings mij aen de 45-

4872 2492 628 164 11: geen bruynden

4536 2512 156 103 2d

3507 2520 481 142 hant blijven

4344 2580 1628 193 sijn 20 ps. drogetten dogh goet goet te serden  goede

3517 2724 2419 188 couleuren, ofte geene, moghten noch wel eenige sighter noch bij doen als

3525 2830 1347 178 10, maer goede  fijne mengelinge

5298 2941 681 204 Adij 18 gbre 1713

3427 2989 816 177 tverton John up cott

3537 3105 2411 134 sedert mijnen laetten van 27 sber lest van uu niets vernemen, twijfele

3529 3209 2458 128 niet, oft den selve u wel geworden is, hebben de nochtans in afwaghtinge

3517 3268 2432 179 gebleve van en antwoort ontrent de bale N.52 hadde niet gedaght

3522 3379 2416 135 son cwings soo lanck achter soude gebleven hebben nu gelieve mij te

3515 3454 2433 143 laten weten aft u van dese bale gedisponeert heeft, hebbe aen

3526 3555 2414 115 mijnen vrint tot brugge ordre gegeven, om daer naem te sien bij

3521 3646 2436 116 aldien u daer van nmet gedisponcert & heeft versoecke iitt u antwoort

3526 3729 2444 138 wat met die bale gelieeft gedaen te hebben de negotie blijft hier

3525 3803 2458 164 al even sleght gniets te profiteren nu men adviseert mij dat de sarges 6 en

3533 3899 2398 154 a 11 p ps. aen daelen sijn, soo gelieve te prepareren eene bale met 6

3516 4039 2463 112 sarges raijaelis 2t9da gelijck het ingeslote staelboecki 30 prince sarges

3487 4124 2498 146 gelijck de lette gesondene geene bale met 60 sarges bastardes hette

3528 4185 2476 120 22gb: naer mijne staelen van 12 meij 1712 aen u gesonden als hier onder

3525 4307 2420 124 gespecificeert voorders, sent mijne rek. courant om dit jaer te sluyten
