8385 4651
1052 229 1058 181 have nicolas van den Berghen

2856 260 398 149 Adij 22 gber

1079 358 2295 127 u mij altijdt seer aengename van 13 deser wel ontfanghen, dien volgens

1077 431 2289 164 soo hebbe op gistren versonden het daettien 172 p beurtschip op brussel

1066 571 2282 101 & het selve met vier gevarfde bayen van mijn broeder redro op

1080 623 2258 172 gepackt agemarckt A.B.R. ageaddresseert aen dheer grimbergen

1093 713 2265 172 inde stoffe halle tot Brussel aen wie u ordre daertoe gelieve te

1087 836 1092 144 senden & mij crediteren als volght

1162 926 2201 182 op 21 gber 1714 u 1 baeltien  112„ met 15 sarges jas pee clavers a ƒ 23:10 ƒ352:

1092 1007 2272 188 in wissel gelde dese sarges jaspee costen groet geldt soo dat wijnig

1093 1126 2274 192 oft niets daer by profitere sende dat alleenelijck om u t'accomoderen

1087 1226 2130 144 com onse goede kennesse andre sonden ƒ24:10. moet en

1070 1364 2237 131 betteden, bovendien de sarges sijn in Englant nu aent monteeren

1092 1410 2248 165 dat noch noyt geweest is, soo dat in toecomende de goedren hooger

1092 1551 2229 129 in prijs sullen comen, sal trachten u in alles te voldoen waer in

1074 1636 2174 133 capabel eden, waer op mooght vertrouwen aversoecke in alle

1080 1733 2128 186 occasien te commanderen die naer cordiale groetenisse blijve

2740 1863 512 129 Adij 24 d 1714

915 1869 927 177 Fiverton Beresnick marck

1090 1946 2153 180 op 17 desen was aen ue mijnen haetten, waer aen mij gedrage  sedert

1090 2034 2226 150 become a aengename, van 3 ditto met facture & staelen van . 18:79

1085 2109 2172 157 bekoopt £156:7:0e7 de roijaeles, sijn wel maer verwondere mij seer,

1085 2209 2272 166 ontrent de drogetten den staelboeck, die ue mij gesonden heeft staen

1083 2295 2209 190 de as by hoe veel den maker by hadde & hebbe nu ie gesondene staelen

1078 2414 2164 172 geconfronteert met den staelboeck & naer mijn ordre bevinde maer

1087 2505 2148 143 alleenelijck 6 ps. naer die staelen alle de andre geene apparentie

1087 2599 2165 135 hier aen den voet deser heeft ul de nitto notitie daer van, dat

1077 2695 2155 185 dan mede eens mooght confronteren, onder andre sijn couleuren

1108 2808 2107 123 met vercoopbaer & daer by soo grot, al, oft het gemijne waeren

1088 2889 2245 184 sijn seherlijck niet van qualitijdt gelijck de 22 ½ gog mij gesonden

1088 2977 2218 166 ick soude, die naer mijn staelen niet sijn, voor mijne rek. niet

1102 3090 2265 154 aen nemen, oorders, weete niet wat dencken dat u geene komps sarges

1116 3203 2207 136 sendt vertrouwe eghten, voor de t weede mael mij niet abuseren

1092 3300 2197 157 sult dat het minst nodigh hebbe, sent u voor t'geene meeet

1103 3369 2186 172 presseert hebbe bij andre vrinden, niet een stuck geordoneert mij

1112 3478 2212 181 op u alleen verlaeten, derhalve, sal die met groot verlange p u eerste

1086 3567 2256 184 te gemoet sien met t geene vorders resteert als oock het staelbrele

1110 3651 2146 230 roy alles van N.282 in moet de helft van de goedren assureren

1100 3796 1144 173 gelijck voor desen wel genoteert hebbe

1092 3857 2082 218 hebbe u gesondene rek. courant naer gesien yin alles d'accordt

1108 3940 2167 188 bevionden uytgenomen dassurantie die uttelde op N.65 a 6

1102 4069 2266 194 £3:15:8 et die niet te pas compt, gelijck u wel weet aversoeche

1097 4167 2281 190 op niuwe iek daer geene quettie meer af te formeren, het be de rek

1109 4281 2258 152 dan gesloten qu gereditert tot saldo van de selve voor ste £14:16:0

3616 158 2414 127 on nuwe a 2n se endel n gebitert op deseve voor de temie

3617 217 2397 179 £100:- op Edward fromd dat benevens mij gelieve te noteren, godt

3614 314 2420 137 wil geven het aenstaende jaer wat beter magh weesen & dat de negotie

3622 408 2398 123 anserleven magh, soo op de borse ten reghten can geraken, sal u

3623 495 1891 144 hier benevens remitteren groete u van herten geloyte

4158 572 1489 167 dotitie van de geordoneerde fijne drogetten

4236 683 1405 144 & de selve volgens de staelen bevinden

4260 825 388 125 als volght

3767 836 1667 199 geordoneert 12 us naer N5. bevonden ps in 6 283

4209 969 108 99 t

4940 976 125 103 1d

4491 972 169 144 „6:

4935 981 516 195 1 „ 264

4200 1032 105 126 de

5198 1068 254 90 „ 283

4483 1059 186 150 a p

4984 1129 97 118 d

4153 1127 151 133 1d

4488 1166 157 133 9 20

5214 1247 288 129 „ 284:

4997 1216 70 123 d

4164 1247 115 96 1d

4492 1283 145 106 „11

5204 1279 834 202 „ 284 &seer draetschijndigh

4967 1342 119 103 1d

4504 1342 158 106 „12

4130 1328 182 153 2d

4518 1434 170 157 „19

4146 1453 152 102 3d

5203 1541 274 130 „ 283

4992 1522 147 125 1d

4160 1545 163 107 1d

4516 1579 154 108 4 20

4144 1632 187 126 2d

4508 1669 195 107 „ 22

3603 1727 716 140 hebbe tor borse 2d

4492 1756 209 109 „31

3547 1839 590 99 niets becomen de

5200 1867 60 70 l

4498 1847 186 120 „37

3593 1840 722 145 wissel is van londen 48

3569 1906 987 173 gevallen gecomen & die van amt is medt

4543 1918 1482 171 bevonden 6: gis net gehal dandre gen parente

3582 1991 1489 131 aent vallen soo de treekers hebben niet willen resolveren, om

5134 2039 511 143 tot anaight

3573 2066 1514 138 inder te doen als 37p de rechte cours soude 36:9 en sijn

3502 2132 841 150 fwerten ken ry es lagion

5473 2151 553 156 Adij 24 gber 1714

3579 2225 2390 152 op 24 past. wasaen ul: mijnen laette met ordre voor 30 wette perpett. van

3591 2353 2433 114 puijsen naer de balle & 203 vorders referrere mij aen den selven sedert become

3576 2431 2454 121 ue aengename van 13428 past ditto, met den laete facture estaele, van

3576 2488 2362 135 36 drogetten an N 25 monterende st £119:18:9 et gelaeden in kan

3560 2602 2471 130 Bundge funior hebbe die staelen geconfronteert naer mijn ordre bevinde

3553 2702 2445 122 veele niet gelijck, principael de witte lighte couleuren sijn te goo

3559 2781 2445 117 van mengelinge ten minste 5 ps oock eijnder van de bruyne draps

3556 2876 2473 157 die oock die groote mengelinge hebben & groen olijf dat geen gedaghte

3583 2980 2362 135 van gehat hebben te ordoneren, is een couleur nuyt de connen

3579 3094 2387 116 vercoopen sal met du mijn betre doen voor u iek aen den man

3570 3166 2387 173 te brenghen, dogh can die voor mijne rek. niet aen veirden, de

3575 3279 2323 159 andre, sijn daer intrent wel, sal p ie naette de staelen van d2

3573 3410 2463 126 retterende verwaghten benevens de geordoneerde coffies & mooren mijne

3551 3481 2482 175 lette baele moren, is nu geopent, soo dat de selve haett nodigh sal

3571 3604 258 138 hebben

4565 3620 122 115 2a

3566 3638 2457 148 vorders terwijlen het jaer seer geeijndight is soo versoeke mijne te ceurant

3558 3790 2424 119 p u eertte toes te senden & alle de goedren, die ie p bande sunior senden sal

3551 3849 2445 164 op niuwe rek. stellen  de selve te beginnen, met de 36 drogetten in & 25

3526 4003 1750 124 & in afwaghtinge blijve naer cordiale groetenisse
