8392 4630
2778 201 619 127 Adij 2 8igher 1714

931 194 1250 198 Brussel de wed: Borremons

1090 251 2231 251 ue aengename van 24 deser wel ontfanghen daer Benerens

1721 393 161 82 oon

1078 395 2249 167 een wissel Brufie  catte philip l'heureus die de selve

1030 481 2308 212 fer presentatie heeft voldaen derhalve is ue gecrediteert voor

979 604 2314 194 de voors somme & sal deseie dienen tot quittantie uy

1048 678 2309 204 verwaghten dagelijckx het groot engls convoij met sarges

1068 805 2316 199 wart mede eene considerable partije sal becomen tot

1040 926 2308 206 n dierste, dogh dese goedren, sullen soo daer sijn datte

1050 1038 2263 195 onder de ƒ 24:- niet connen gegeven worden, soo door

1054 1147 2187 186 hootaecke van de hooght wissel als daeren in coop

1045 1292 2279 147 tot u naright de drapeer, sijn puncipael, het masse

1040 1347 2157 239 gemontaert waer in capabie ben ull dnst te doen

1022 1485 1746 240 gelieve te commanderen de altjtt sal sijn

2768 1586 588 211 Adij 28d 1714

926 1702 975 219 d remen Jan terheelle

1056 1734 2290 254 op 20 & 24 deser, waeren aen ue mijne laeste met den eerste remise

1051 1847 2313 228 voor £3608:12 hollants courant in vur differente Brieven met

985 1965 2348 244 den laette oock ƒ4188:17 ditto genegotieert ae 1 ½  suwer avance

1070 2094 2280 259 makende ƒ 4126:9, die verhope ul voor nu sullen sijn geworden

1030 2259 2308 198 sedert become u aengename, van 22 deser waerby verstaen den

1048 2375 2279 190 ontfangh van mijne remise van £510 courant oordersist

1048 2509 2193 167 mij lief ul: in tijdts geremitteert hebbe, soude du prijs nu

1056 2608 2280 186 niet connen becomen, hier benevens sende uy de netto r

1059 2703 2331 198 courant die nitto saldeert dat geleeve naer te sien & soo bevinden

1036 2848 2284 158 de conform te noteren & het wel Previnden te laeten weeten

1077 2984 2280 140 in soodanige, oft andre occasie voorvallende gelunn te comman

1040 3103 1198 183 deren, die altijdt sal sijn

2657 3270 484 218 Adij 28 gber

1109 3327 1058 156 Brijssel S grimberghen

1071 3441 2282 180 hebbe aen ul op 26 deser gesonden een pack per beurtschip gemarckt

1091 3546 2275 201 NN8& inhaudende 49 stucken engelse stoffe voor re. van mens

1359 3680 176 89 Jan

1067 3649 2277 216 nicolas hemelt den bergen van helle soo sult gelieve sijne ordrie

1059 3770 2196 215 te volghen, & naer soo daighen ontfangh gelieve de waght te

1040 3900 2179 193 betaelen als naer reden recommandere de goede sorge

1062 4035 1273 193 entrent de versendinge die Blijve

5527 219 475 163 Adij 29 sber

3482 218 974 160 twiton Beresnerk marck

3582 313 2441 173 op 12:15 & 19 desers waeren aen ul mijne laette met den eerste remise voors ƒ200:-

3555 415 2387 163 ten laste herm adrigue ol mius in london als oock ordre van 20 sarges 229d

3558 513 2457 148 gemengelde coffees & met den laette al noch remise van sk £200: -d' ten laste

3566 624 2427 132 charles du Bois in londen vorders referrere, mij  aen de selve nu hebbe

3574 697 2371 162 become ue aengename van 8 deser, met facture staelen & cognosement

3555 785 2453 154 van I N.71. a 75. monterende £ 479:16:11 en geladen en Jan ewings sunior

3559 912 2453 119 die noch met is gearriveert terwijlen, den wint contrarie is godt wil hem

3578 1010 2431 148 een behande rijse verlienen hebbe u gesondene goedren, oft staelen naer

3575 1110 2453 184 mijn ordre geconfronteert met groote vewonderinge gesien, implaets

3575 1212 2453 194 van 450 ps. te senden ue maer 220 ps hebt gelaeden awijnige van die

3566 1328 2456 182 het meeste nodigh hebbe dat mij sekerlijck wat moveert principael ontrent

3541 1433 2435 167 de drapeen u brief van 5 meij lest, heeft u genoegsaem verobligeert de

3553 1583 2435 139 selve te senden, terwijlen u die mij gepresenteert hebt ghadde die oock aen

3544 1663 2441 168 genomen, derhalve & sonde u die niet met goet satsoen aen andre senden

5248 1737 137 83 niet

3550 1785 2462 120 want dat verkoghtis can, oft magh men aen andre geloopen & coopluyden

3543 1889 2432 142 van reputatie, souden sulx met derven denesen, laet staen te effitueren

3551 1960 2429 166 alwaert dat sij de helft daer bij eende profiteren, soo oordele uu verplicht

3545 2071 2386 157 tijdt ie woort te handen & de selve te senden, tot den puys, als dan

3534 2208 2401 104 geroteert, a volgens ons accordt considenet wat nadeel gij lieden mij

3530 2252 2481 183 gedaen hebt, het schijnt dat gijlieden, meer begeirigh sijdt aen winckel

3530 2357 2475 189 handers ia verdervers van de negotie, in goedren, voor groote cooplay den

3536 2510 2315 161 te preferreren, weete wel aen wie gij lieden sendt, die somtijdts

3533 2587 2438 190 genoodssaeelt sijn de goedren geet om gelt te vercoopen, om te connen

3536 2718 2484 131 remitteren & dat is het verderf van ue zons, voor ons het meeste terwijlen

3544 2833 2444 157 gijlieden de ordre niet hebt connen voltrecken p lwings, soo gelieve

3533 2928 2460 172 de hett p buridge te volbrengen, hier onder aen den voet deser hebt

3546 3023 2468 162 u het netto restant dat dan geleve te besorgen & terwijlen van de 80 blijfdrapeen

3550 3144 2459 157 noch resteert 53 us., soo sal van ul de selve verwaghten volgens onse gemeckte

3533 3228 2441 141 conditien & u obligatie, vordors hebt mijn ordre noch geanlargeert die recom=

3538 3366 2435 114 mandere sorgh valdelijck te voltrecken a met buridge te versenden, I sal de

3528 3457 2343 147 staelen van de super fijn drogets p naeste verwaghten, & soo die mij

3545 3547 2462 162 aenstaen aen ue mijn erdre daer ontrent mede toesenden dit sijnde het

3545 3648 832 172 rodige deses & dut blijve

4207 3716 1275 168 rettant Jan mijn ordre om peluridge

4209 3834 521 97 te versenden

4368 3900 625 152 53 sarges drap een

4348 3978 759 152 90 d loupo 22 gd

4355 4069 750 146 30 d oliues 22gb

4359 4129 1577 146 30 d. Joyales 24. olives naer d'ordre van 8 auy 1714

4337 4240 1653 173 30 d: 8 gemengelde coffees iigd naer d'ordre van 12

4581 4346 274 115 3 deser d

4151 4374 525 107 rest 223 us
