8166 4685
2692 202 621 173 Adij 13 gber 1719

662 203 1022 194 Sierton Beretnck march

834 353 2482 146 op 2a6 deser, waeren aen ul mijne laesten, waer aen mij gedrage sedert geend

824 436 2441 137 van uls waer van ten uytersten terwondert Pben te meer, om dat in dug

802 505 2515 173 posten van ue: niet vernomen hebbe, daer nochtans voordere facture & stalen

826 605 2488 186 verwaghte hadde, geloove eghter niet oft sult mijne ordre te vollen volbrengen

857 694 2453 158 want soude seer verlegen sijn, om dat mij op ul, alleen verlaten hebbe &al

843 819 2483 201 londt seer qualijck doen mij tabuseren, andre scrijven, dat ewinge in cart stont

828 923 2470 197 over te comen & bij aldien gij heden compt te manqueren aen mijn ordre

812 984 2514 221 tijdt versekert, sulx gedeneken sal &peijse u meer genegen sijdt om crarmen

842 1149 2409 162 te bedienen voor mij, mijne ordres, sijn ul tijdelijck toegesonden, soo dat

822 1229 2486 208 geene exeusie cont voorbrengen blijve even wel p naette port in afwaghting

827 1355 2499 182 van facture & staelen & advies wan nier duto bwings staet af te comen agroete

836 1492 448 165 ue van heeten

2613 1624 673 160 Adij 14d. 1714

681 1592 992 226 Brussel wed: Borremans

832 1716 2489 173 ap 3 deser was aen ul mijnen laesten gmet facture van de 6 gevraeghde

854 1895 2459 146 coffeet sarges, c'averblat met name & de 6 perpet: als mede advies van

842 1986 2459 174 versendinge niet twijfelende, oft hebt voor nu die ontfanghen intot ue

833 2099 1015 173 contentement sullen wesen

839 2179 2389 167 neme hier mede de libertijdt van ul: toe te senden dete 3 ingeslotene

850 2280 2462 207 quittantie ten laste de stat brussel, verhopende ul noch mael de goetheyt

839 2410 2481 180 sult hebben, van de peningen daer vooren te laeten in veorderen & wat

843 2551 2479 138 en  reciproquelijck, daenst van doen, gelieve mede liber te commanderen

824 2649 2497 211 versoeke van den ontfangh deser t'adviseren aen die ue miensame

827 2769 598 196 groetenissen blijven

1048 2876 1131 214 eene quutantie van ƒ32:10

1837 3005 431 130 „ 45:15 ½

1022 3019 313 168 eene d

1780 3110 433 112 „ 43:15

1042 3107 266 133 eene d

1529 3122 1418 239 samen ƒ142:0 ½ in courant geldt

2712 3310 603 237 Adij 15 gber 172

655 3340 1151 223 brugge gillis van Coppenolle

863 3495 2435 206 ue aengename van 10 deser wel ontfanghen hope het pack N.9 voor

848 3653 2315 161 nu sal sijn gelost& dat uk het selve wel geconditioneert, sult hebben

838 3741 1564 163 bevonden, dat mij lief sal sijn te vernemen

850 3790 2461 242 recommandere de corste expeditie van de tre paeken tijsen a geeue

840 3992 2452 122 op ontfangh deser, de ocost rek daer van te sonden, omdat daer bij

834 4119 2472 118 verlgen ben aal hoe wel die noch niet cont laeten seepen ice weete

855 4176 2469 177 wel wat oncosten daer op fropen, soo cent die na advenant stellen

852 4272 2473 157 oft die gesceept waeren versoeckende niet te marquren sal de oier baeien

837 4400 1883 81 inde bale  28 ue gemoet sien ablijve na groetenissen

6025 113 79 132 4

3480 187 2663 183 Ds nuert scrijven deser, become ue van gistren met de cognossementen van de tuve

3568 289 2587 194 packen tijken, als oock die ick van oncosten op de selve die seer gecarigent

3556 397 2522 211 bevinde, sijnde daer op ider pack ƒ412:- mier alst behoorde de provisie a

3569 492 2607 248 costij is wel, maer de oncorten & provisien tot ostende seuten daer over de

3554 551 2611 277 crgnose menten leuyden a costij de packen geladen aontfanghen te hebben

3549 648 2624 285 hoe wilt ul dat mijne die ƒ4:2: en rek. brenge sij hebben soorde aen

3534 761 2630 285 seer gellaeght, vaer de groote en costen enu comen die wederom meer, sien

3578 931 2564 311 wel, dat ul genoegh is, van de packen maer quijt te maken, sonder den intres

3561 1031 2618 305 van ue vrinden te behertegen, & hebbe daer nu soo diehvils preuve van gehatde

3484 1147 2697 308 wille wel seggen, mij sulx begint te verdrieten, terwijlen door e nt

3574 1301 2592 300 diewils seade leyde & sal voorders trachten sultx te voorsien tot u

3549 1541 354 175 governo

5415 1550 654 206 Adij 16 gber 1715

3438 1633 715 208 London C. hanilton

3577 1698 2542 256 op 6 a 13 deser waeren aen ue mijne laetten, mij gedragende aen de selve sedert geene

3576 1858 2483 148 van u desen principael tot couverte van d'ingeleyde facture &cognossement van de

3557 1914 2554 230 haele N.3, beloopende samen in wissel gelde ƒ1162:19, ditto baele, is van brugge

3570 2039 2507 222 opostende versonden galdaer geladen in guilliame de mey, die gereet leght, om met

3575 2096 2594 237 den cersten goeden wint te vertraken, godt geleyde hem en salvo, a laete dese goederende

3575 2225 2516 225 ue wel geconditioneert, ter hant comen, niet twijfelende, oft sullen ul genoegen

3586 2295 2592 264 geven, de naeste weeele seicke de resterende 100 ps te versonden tot u naright.

3572 2464 2453 191 gistren avont, is het quaert voor elfuren, de bariere hier gesloten ende geteekent

3563 2548 2565 185 onder het drijmael cossen van het connon geleyde van de triomphcloeke, dat tot duy

3572 2656 2548 192 uren in den naght duerde, daer was een prachtige maettijdt op ons tathuysa het

3579 2744 2554 182 selve, was geirlumineert met witte shambieuwen &daer wint een vierwerck afgestolen

3576 2860 2570 163 onder den toeloop van veele menschen, men can niet achterhalen, op wat maniere

3560 2943 2579 242 die gesloten is, terwijlen alles seer gesecreteert wort, Ick hebbe het selver sien teeckenen

3556 3079 2522 173 door den grave van conineksergh adoor de vier gedeputerde heeren staten van

3557 3156 2314 199 hollant ue van herten groetende blijve met offres van mijnen dien n

5373 3320 529 167 Adij d: 1725

3464 3352 711 142 London John tatnall

3584 3428 2490 195 op 2 deser was aen ue mijnen laesten, waer aen mij gedrage, sedert geene van ul

3580 3479 2592 226 become, desen tot couverte van dingeleyde facture & cognessement van eene bale N2

3574 3626 2546 211 bedragende in wissel gelde ƒ 1173:14: dese baele, is tot ostende geladen in guilliame

3562 3716 2575 169 de meij, die met den eersten goedee wint staet te vertrecken, godt wil hem eene behande

3576 3824 2463 197 reyse verlienen claere dese goederen ul wel geconditioneert, ter hant comen miet

3569 3937 2493 166 twijfelende, oft sullen ue genoegen geven aanimeren tot meerdere partijen

3575 4037 2565 206 & bij aldien uh noch noodigh heeft, versoecke iul. tijdelijcke ordre, want wille

3571 4125 2586 177 die altijdt expres laeten maken, om geen uytseer van een ander aen te nemen

3576 4258 2589 197 geloove niet, als oydt seoonder goet gehadt sult hebben & sijdt versekert ul niement
