8366 4610
2719 191 597 140 Adij 5 xber 1704

861 182 861 154 ath Jan Ba Holivier

1045 298 2283 167 j'ay recu la tres aggreable avre du p courant y joint une traitte

967 369 2365 186 de  674:13 de france a quinte jours de vue que ie trouve bon

985 472 2356 198 de vous ren voyer cy joint pour en faire une outre a quinze jours

1032 601 2268 131 de date ou a deux usances ce qui sera pour vous les plus avante

1021 686 2162 221 gieus, pour la negotier a 15 jours de vue vous seriez trompe

1048 818 2171 175 a cance que veue rest vil & ie gens poirions garder la ditte

1041 894 2271 180 traitte jus qu au mois de cembre la derniere diminnation & si vous

1012 1023 2282 180 pouviez tirer paijable a deux usances ie coois d'avoir 814 a ½7

1020 1160 2240 131 & a quuile jours de date ou a vue sos ainsij mons. ayez la

1042 1228 2313 154 bente de m'envoyer une autre selon vous le trouverez convenioble

1058 1358 2217 157 ie suis tres ettonne, que mad. vre compa le plaint de la qualite

1024 1450 2155 179 des ballots que ie vous ay vendu d'autant plus que ie vois que

1011 1566 2345 195 touttes les ps sont de la marque a l'ettoie avec le nom alen tous

1049 1660 2221 177 ie vous jure mons. que toustes les sarges sont de la premiere

1040 1798 2202 201 qualite  superfine, comme ie vous ay toujours vendu, ie voix

1026 1889 2151 184 que vous quiez permis une ballot avec des jaspees que ie veut

1024 1970 2309 222 liun Croire, qui ils ne sont pas si fort que les aspines & les briuuroiges

1038 2095 2240 201 ca qui vous est aussij bien connu avez aussij  une ballot

1059 2172 2230 218 de 15ps. caffees superfinnes a le feuille de traifavec le nom

1033 2303 2320 188 alentour tous ce qu'il y a plus beau anssij ie ne peut me maginer

1041 2426 2176 251 quelle raison vous entaitte de plaindre. les sarges & toustes

1063 2546 2188 211 autres marchandiss, ett encor monte le caffe sont monte a

1019 2651 2349 269 ƒ25:- & cel a l'ettoie a le mode & du pingion a ƒ24:- sur, quoy

1040 2792 2296 213 vous pauvez vous reguler. le grand convoy viend d'arriver & j'espure

1036 2898 2245 235 d'avoir mes ballots uy dans 15 jours s'il y a quelque chose

1065 3052 1758 231 a vre service commandez qui sera toujeur

2760 3163 470 200 Adij 8d.

872 3241 587 188 ath wed: Lison

1038 3328 2231 200 Celle pour vous adviser que le grand ponvoy avec des sarges ett

1043 3452 2192 184 arrivez avec les quelles, auray une assortement sans pareille

1054 3517 2240 202 tans en sarges i2 veryes a lamode drapees coffees de la seuil

1002 3615 2297 193 de trait avec le nom&sans le nom gnoir perpett. de tous prix

1056 3716 2271 248 que drogetts,  a vre service j'aurez tous mes ballots icy dans

1054 3848 2311 214 10 a 12 jours esperant l'honneur de vous voire pour ce temps la

1024 3939 2335 227 & ie me recemmand a vre bonne inclination & sayez persuad

1052 4085 2300 214 que ie vous servirez toujeurs tres fidellement & de la superfinne

1055 4164 2280 229 milleurers qualite a l'ordinaire, ie vous de dire amad. vre slle

1059 4313 2285 119 que le convoij ett arrivez & comme aussij, quil me fairaij plaisir

3546 198 2469 103 de me resmettre puis que ie dois de grosses sommes en engleterre & que

3560 260 2517 185 ie suis en necessite, ce la grace que ie vous demande & croyez que ie

3552 351 1178 157 suis tres cincerement de bon coeut

3466 445 1015 189 Donmess de wed: CBdrocta

5481 445 490 219 Adij 7 gber 1714

3548 547 2383 142 ie viend de recevoir s'aggreable vre du 4me courant y joint une remise de

3536 679 2432 161 ƒ300:- argent courant faisant en argent de change £42:17:2 et

3553 767 2382 153 a la charge de mad. la veurve stoek a biux elles pour las quelle

3559 850 2441 187 ie procurerez le necessaire & quand elle serat paye p vous serez credite

5383 970 536 166 £4214:5 en

3538 967 1665 182 pour salde de la partie du 4 gber 1713 ƒ253:

3541 1042 2431 203 & pour le reste en compte de la partie 21 juin 1714ƒ3:16½ „ -:12: 9 et

4201 1171 1777 189 Sausant en argent de ckaense ƒ257:3 £ 42:17:2 en

3533 1321 2410 151 vous remarchiant pour vre remise le grand convoy avec des sarges, est

3537 1420 2473 202 bien arrivez, grace a dieu j'esperre, que jauray tous mes ballots icy en &

3531 1498 2482 194 jours & jauray un tres beau assortement a vre service, jay des drogett

3521 1625 2470 193 d'engleterre, les plus a la mode enfin quelque chose de beau & bon, si

3526 1746 2560 142 ie vous puis rendre service, au de l'un, ou de l'autre ayez la bonte

3532 1812 2541 190 de men commander ie fairay tousjours comme vous ettiez presente

3536 1958 1158 184 sur quoy vous pouvez vous sier

3546 1997 2430 241 ce qu'il regard la lettre dont en a payez la secende, ie vous direz

3524 2158 2464 193 que la ditte lestre n'at pas ettez negotiez, mais seule ment presente

3518 2275 2472 188 p mon amis de bruxelles dont nous avons vue noitre erreur appres

3504 2335 2477 212 & cel a peut arriver au premier banquer de monde cependant

3515 2484 2521 181 si ses gens avient cognoissance de la negoce, il ne devient pas

3536 2604 2442 162 un mot aseriont contant voyant l'abbus, ainsij il ny a rien de

3525 2727 1726 169 mal, ie vous sacue & suis de tous mon coeure

5408 2852 504 219 Adij ce mey

3439 2929 1009 183 Brussel Steph: rousseau

3527 2994 2394 196 le 4rme courant estoit a vre grace, ma derniere a la quelle ie

3519 3135 2440 136 me referre de puis ce suis sans vre, out m'est venue presente hier

3532 3234 2434 182 vre lettre traitte de ƒ185:19½ de change payeble a l'ordre de S

3525 3313 2466 182 herdick steen list dont ie n'aij point en vre advis jusqu'a present

3513 3446 2378 169 dependant pour y faire honneur ie l'ay payez pour l'advenir, ie

3499 3561 2440 158 vous prie de me donner advis en mesme temps, ou faire la estre

3512 3675 2450 140 sans autre advis vre remise de ƒ2044:- sur lheureuz ett accepte

3504 3783 2402 135 ie vous envoije cy joint une petite lettre de ƒ300:- courant a la

3511 3886 2440 182 ccharge de la veuve paul strek a bruxelles pour les quelle vous est

3518 3966 2280 193 prie de procurer le necessaire & vous serez debite pour ƒ257:3

3502 4085 2448 179 £42:17:2 et quey quelle est eschue depuis le 8me sber passé, ie ne

3509 4186 2498 198 doulte pas du payement il vous plairee donner advis de la reception
