8372 4623
2619 190 617 176 Adij 5 febr 1714

823 197 1178 208 Rotterdam Dionijs verburgh

840 320 2479 126 ul seer aengeneme 2 deser wel ontfanghen waer uyt verstaen aengaende

943 433 2354 131 de A B. d'accordt sijn dogh e maeckt  geene mentie van

952 489 2248 180 A C.D.N.4 schijndt gewilliger te worden, soo moet is sigh

936 598 2242 182 niet haesten, het soud sichtelijck gebeuren, dat werderom deg

933 727 2327 167 soude comen die soorte, wort hier sterck gesoght even wel, doet ne

962 792 2357 188 ue goedt duncken & sal te vreden sijn nmet t gene u sal effectuere

964 902 2291 145 niet twijfelende oft sult mijn intrest bekertighen, als eygen

969 1001 2200 194 als u op londen afgeeft hebbe een appint nodigh van

950 1143 2314 167 £86:10: on de rest gelijk het voor coten sal, tat

960 1216 2288 180 ue governo. hebbe partijen van ambt becomen a 35: 3 ½ den

980 1368 2216 143 agio was gemonteert a 4 ¼ p. dogh waeren van opinie

935 1440 2325 196 noch hooger comen sonden ul van herte groetende blijve

2554 1616 724 163 Adij 8 february 1714

869 1599 782 219 Brussel Seere Keeg

1176 1796 115 58 me

961 1773 2338 174 le 13: passe fat a vre grace ma derniere p la quelle ie vous ay

961 1870 2338 151 donne aves que ie vous avez envoyez une pettit packe marque

966 1952 2354 206 N:H:X pour compte de monsr nicoles hamalt a mons de suis

974 2073 2334 148 ie viend de recevoir une lettre de mons hamalt qui marque

974 2185 2316 187 qu'il n'at pas recue le sur dit paque done ie suis estonne pus

960 2295 2322 186 que le batellier est partie le 14me passe le maten, il pourait

972 2385 2299 174 ettre qu'il sera retenu en chemain p la gellee, cependant

962 2493 2331 172 il vous plaira vous insonmer chez le facteur you s'apelle

972 2613 2308 166 chere scheltans demeurant proches le rivay l a bruscelles et le

956 2741 2337 131 battelier s'appelle sun scheltiens condiu du facteur ie vous prie

977 2818 2308 183 mons. de me donne un petits modes avis de ce que vous autez

980 2925 1878 205 informez gett le jusect de cette ie vous salue

2669 3027 599 216 Adij 5d. 1714

783 3083 1004 166 Mons. nicolas hamalt

2576 3190 55 61 26

978 3188 2204 161 j'aij bien recue la tres aggreable vre, du 3 courant p la

982 3320 2194 154 quelle ie vois que le 14 ps de sarges, que jay envoyez p

980 3397 2187 121 vre ordre le 13me passé p la parque de brusselus a

957 3503 2301 157 monse Piere recq ne vous sont pervonu don ie suis surpris

962 3610 2331 126 la battesier est partie dicy le 14e au maten il peut estue

972 3679 2165 207 quil est retene p la gellee en chemin j'ay escrit

985 3804 2241 202 aujourdhuy a mons reeg a bruxelles et marque e nom

973 3901 2265 203 du battesier et donne addres au facteure, jaura sans doute

985 4017 2271 175 en dit battesier sera mons ic vous poura donne infor

977 4125 2233 162 mation, ne vous messe pas en peine, carpendant les

986 4257 2245 156 gelle les battehiers ne pouvent faire diligene & ie vous

3538 192 2488 147 sakue & serez en attendant l'honneur de vous roire icy avec le s

3518 257 2461 152 me pou faire une bonne emplaitte cependant ou ie suis capable

3530 392 2471 127 a vous rendre service ayez la bonte de commander casy que ce

3458 459 844 171 dit tres cincerement

5260 604 697 179 Adij 6 febru 1714

3449 576 1127 232 Monsr. Francois Lanoit

4555 754 97 75 me

3497 736 2499 161 la tres aggreable vre du 30 passe, ma bien ettez rendu p e messag

3519 851 2473 195 ien jonard, qui m'at compte le ƒ92:- de change selon la quittances

3532 948 2366 193 que ie luy ay donne. ie suis estonne que vre grace me marque

3511 1068 2516 224 qu'une ps de perpet. tombe jonate, il ont estez tous deux blanches commoi

3511 1137 2496 248 la haige cependant puis pue vre grace se veut avoir taint noircela

3510 1259 2468 244 ce peut faire ainsij vous les me pouvez l'envoyer et ie le fairay

3505 1350 2482 234 faindre un beau noir comme ie fait taindre tous mes perpet

3517 1501 2491 186 mais cela coute ƒ6:- de change de chaque ps mes peines sont

3510 1668 2491 135 toujours a vre sevae & ie fairez gloire de recevoir vos ordies

3508 1793 2432 152 iour des perpetuaenes blanchies j en ay encor, mais comme vre

3489 1863 2500 193 grace est si carieux pour les avoir dens la derniere perfation

3512 1966 2376 133 ie n'ose pas vous l'envoijer j'en ay d'autre aysij qui nesont pas

3497 2091 2439 151 Blanchie, en abondante mais presque tous avec des siggeres

3497 2196 2384 153 jeunes done la fabrique est toujours mieux & pour les faire

3496 2225 2587 202 bbanchies presentement n'est pas consullable a couse qui ne

3496 2361 2562 200 serent jamais si blanches qu 'au mois d'avril a lors cest la

3476 2472 2437 175 benne sesoen pour blanchies, si vous souhaite une ps pour

3514 2587 2450 178 le temps la ayez la bontez de m'indiner ie vous envoyerez

3512 2696 1834 236 quelque chose beau &bon & ie vous salue

5256 2862 689 224 Adij 7 febru 1714

3404 2888 1181 229 twerton Henry Blagdon

3499 3030 2465 181 op 3 desere was aen ul mijnen laeste waer aen mij gedrage sedert geene

3516 3121 2476 137 van ue: desen principael tot couvert van den ingelyden wissel brief van

3520 3199 2469 218 £100:- ten latte samuel shepheard in londen waer vone, het nodigh

3513 3296 2465 211 gelieve te besorghen & soo haest van mijne geordoneerde goedren mij sult

3500 3423 2482 174 toe senden principael eenige lighte drogetten sal u vordier remitteren

3484 3494 2504 205 hebbe van andre vrindn staelen & facture becomen die de selve genere

3489 3620 2451 180 liter 1  a 6 n p ps. minden stellen, als voorleden jaer soo dencke ue dat

3507 3748 2409 169 mede daer cont iae te betay op die geverfde daffeer als die oplaen

3508 3818 2408 197 ist redelijck u die opteeckt & in tegendeel ist boef billigh dat ue die

3493 3934 2466 184 logen un prijs stelt soo sal u antwoort hier op verwaghten als oock

3448 4023 2513 216 de bordde staelen g facture, sendt mij mede op ontfangh desen de

3505 4148 2442 183 cognossementen e moet wel sorghen, dat als u de packen schep

3498 4249 2497 165 goet dat die ontrent de water prmp niet gestont worden want alden
