8145 4706
2693 225 634 185 Adij 5 xber 171

743 265 890 177 Brussel Step: Rousseau

877 351 2364 207 ayant cachette l'inclose je recoif la chere vre dhier avec une remise de

864 519 2433 145 quatre cent trente adeux florins de change escheante le 12me courant pour la

876 608 2350 153 quelle ie procurerez le necessaire &a son esseance vous en ferez credite a

854 677 1473 187 l'advenant ie vous salue & suis de bon coeur

2708 777 571 212 Adij 6d: 1715

686 795 893 196 tard haut Jan B. Robert

853 873 2473 230 hebbe den ul van gistren wel ontfanghen, dien volgens, hebbe aen ul voorman

861 1032 2382 141 dierek wanters betaelt teshondert galdens wisselgelde, ue magh van het

857 1099 2445 185 restant desponeren ma ie wel gevallen, iets anders voor comende wert ul

827 1252 1600 164 geadviseert waer mede blijve naer groetenisse

2568 1361 623 215 Adij 9 xber 1713

796 1378 1041 224 Brussel de wed: Borremans

858 1465 2415 200 ue seer aengen van gistren wel ont daer benevens een wisselbrefte van

819 1593 2479 223 ƒ 240:- ten laste Dheer jacomo de caves die aengenomen heft de selve

844 1704 2339 129 op morgen te betaelen der salve wert ul daer voren gecrediteert tot

878 1783 2466 184 rebbeninge van alles tot dato heden & desen sal dienen tot quittartie

864 1888 2472 207 bedanckende ue hertelijck, voor ue goede betoelinge & waer mede u drenen

839 2036 1335 166 can, gelieve liber te commanderen

851 2156 2407 138 voorders terwijlen adreght inde soorte van perpet. ben van han kan

855 2220 2413 156 havoe saliger soo sal mede in de brughene doecken doen, sijnde syne

854 2315 2421 214 corespondentie mij deere mael overgelevert, avermits wel weete inl

865 2415 2410 183 vale van dese goederen, van hem vraeghde, soo versoecke vrindelijck

868 2472 2457 210 van mij kens te noteren, wat soorte, ul gewent is het meerte te

860 2610 2409 219 vragen, & van wat marcken, sal vervolgens ue goettie die meuss

866 2723 2447 203 ontieden alaeten verven vost ul eenige witte geliefde sal mede

850 2873 2508 160 gaerne vernemen, mij recommanderende, soo voor dien, als voor

854 2914 2494 220 l'arder, voort geene ue saude mogen noodigh hebben & syt versekert

856 3025 2493 215 sten minsten, soo wel als dheer van havre saliger in alles satiffactie

856 3198 2374 153 geven sal een woordeken antwe verwaghtende blijve met alle

874 3365 289 123 respote

2848 3374 485 151 Adij 11 d. 17713

740 3406 786 168 Londen C. Hanmilton

864 3440 2445 217 u aengen van van 25 past. wel ontf. doer benevens d'acceptotie van

846 3605 2367 131 henrij godongne tot mechelen in antwerp te betaelen voor ƒ 685:-

873 3680 2443 165 a 37: 10  waer voren op sijn tjst het noodigh sal besorgen op mijne

866 3711 2499 263 rek. vervolgens crediteren, voor £60:7:- en, voorders hebbe die rek. couran

865 3872 2506 175 nagesien & daccordt bevonden aus op niaw iek gedebiteert voor s£49:10:

879 3979 2489 172 ul belast die rek. stoek met biefpoorten, geloove cabusifelijck de brieven

879 4095 2465 165 die over de tijken gescreven hebbe, mede genoteert hebt, want het kan niet

854 4146 2507 227 gevenden werden, dat aengaende dese blijve rek, soo veele brieven gescreven

874 4294 2431 156 hebbe, dat versoecke texamineren, & twijfele niet, oft ue daer in ervens

888 4353 2486 148 sult hebben, ben oock verwondert, dat ul: mij de geheele semme niet hebt geremittere

3553 102 2584 220 ne verpeverehenemen ver pae

3573 255 2434 175 a dat ul: gelieft te seggen de brieven a costij getrocken a 38:1 et met protest

3572 348 2566 153 moeten te rugge comen, om dat de wissel, soo hoogh niet is geweest, soo seggen

3572 431 2439 208 noch mael ale de brieven, aoock door de berste coop luyden getroeken t seer

3548 542 2562 210 goede brieven, die differente van onse eerste coopheyden ontfangen hebben

3582 638 2102 206 nu patientie & sal de resterende £49:16:3½ et verwaghten

3585 784 2427 185 het pack N.4 blijft uf: ordre afwaghten tot verfendinge a groete ul van

3557 900 435 169 herten

5406 961 674 200 Adij 11 xber 1713

3426 993 823 212 Brussel Codt. Segers

3577 1117 2512 175 ue seer aeng van 8 deser wel ontfeden in hant wel verstaen, ick hebbe de

3598 1198 2512 164 beste colfvellen, alhier met de bale vercoght a 17½  pbt wisselgelde

3590 1321 2505 182 als men geen 18ft. a costij soude becomen, waer daer wijnigh avance bij

3571 1368 2573 247 te haelen twijfele ofter a costij eenigen last van dhalle, op dese goederen sijn

3573 1514 2589 195 dat gelieve tin quitteren & te laeten weeten, hoe veel, om vervolgens te reguleren

3589 1585 2562 230 hijdt versekert van schoonste & beste goet becomen sal, eghter hebbe noch geene

3577 1725 2502 216 geordoneent om dat het piesent weder aenstaenden is a die goederen mogen

3576 1837 2543 216 geen vorst hebben sal wel eens eene preuve nemen met 2 a 3 baettrens

3588 1908 2440 204 van 10 dosijnen ul te laeten toecomen, ul antw: ontrent het voors

3606 2085 1467 185 afwaghtende blijve na minsame groot ernissen

5353 2198 643 168 Adij 13 xber 1713

3507 2235 660 163 Gal Cornelis willems

3598 2301 2488 204 uee aen g van 11 deser wel ontfanghen, benevens het sackie mt vierstaghtigh guldens

3615 2423 2415 166 wissel gelde waer voren ul gecrediteert hebbe op rek voorders ingevolge ul ordre

3604 2510 2444 180 soo sende p voerman een stuck stof van 22gd, die sal breedt is gover goet van t

3605 2621 2549 184 claverblat met name gelijck u gehadt luft op 25 gante lest, die present meer costen

3604 2695 2560 254 ighter om dande kennisse stelle dat den selven prijs soo gelieve mij te crediteren

3620 2874 376 126 als volghte

5825 2883 303 179 ƒ24:10

3625 2930 1758 190 op 13 xber 1715.„ 1 sarge moor Claverblat met name ngdsu.

3616 3010 2533 172 in wissel gude ue sal een seer goede mate aen dit stuck hebben daer comen geen

3610 3055 2557 249 betere uyt Engelant, synde iets particulier, verhope int cort ue hier te sien hebbe

3635 3191 2455 206 nu van alle soorten, soo dat u bedienen can in alles, oock hebbe bastard.

3610 3330 2353 166 sacges 2gd, die voor ƒ23:- sal geven, groete ue van herten ablijven

5407 3438 695 177 Adij d. sber 1725

3455 3488 770 194 Turnhaut Jan B. Robert

3627 3558 2493 224 op 6 deser, was aen ue mijnen laesten, met advies, dat ƒ600:- wisselt gelde betaelt

3618 3682 2515 184 hadde voor ue rek. aen ue voor man dierck wanters, die vertrouuwe ul sal hebben

3619 3780 2438 214 ontfanghen, sedert hebbe van mijn voint uyt Engelant advies becomen, dat hij die

3619 3825 2541 276 goedren bij andre beter coop heeft te weeten de ¼ groot loot a ƒ 8:8ade 19 3 segels

3637 3964 2458 215 a ƒ 12:13: soo dat hij seght te wellen certen ƒ 13:-, op die 20 ¾ groot loot ato 4

3617 4064 2541 211 dmy segels, dat ul, mij moet tergoeden, & het is van ul seer quolijck gedaen mij die

3644 4179 2520 187 meer doet betaelen, als a cottijden generalen prijs is, hij sende meerdre partijen

3622 4275 2547 198 hebben geordonent, als die gelijck andre stelle wille soo comen met desen al wagn
