8351 4747
1010 275 2396 107 mijn liefste versoeckt hier benevens haer compliment t'accepteren

1004 352 948 111 & blijve met veel respecte

991 411 2413 164 PDmyn swagerinne heeft mij geseydt dat mijn broeder op voorleden

996 523 2415 98 dijnsdagh van costij is vertrocken & verwaght hem int beginsel van

975 598 2453 130 de toecomende weeke thuys men debiteert hier dat hij naer engelant

986 678 2362 125 soude gaen dat bujten onse weete is oock sonder die van sijn

992 763 2416 116 vroué watter van is sal den tijdt leesen permetteert dat onsen note

984 846 1564 162 hier van alle de vrinden gegroett worde

2794 862 639 184 Ady 11 fug: 1723

802 945 766 177 London Johns Batnall

962 975 2376 241 En suite a vre ordre p l'honneur de la vre du 14 jun 1725:8:3. ie vous

958 1101 2456 213 envoye cent pieces des ccoutils celon niencluse facture portant ensemble en argent

932 1184 2497 221 de change ƒ1145:12 estant charge, dans le bateau de Robert mils, dont y jont

968 1269 2454 250 le cognossement le batteau est prest pour partir p le premier vent favorable

971 1387 2456 165 dieu le laisse arriver en bon port ne doutant point que le contils seront a

975 1494 2415 163 vre entiere satisfaction. les 5 seale shoe stript celon vre eschantillion

977 1545 2443 241 m'envoye p vre derniere sont entre les mains des ouvriers & sles pere dee les

982 1668 2436 163 avoir au commencement du mois prochain, vous priant de m'envoyer vos

962 1749 2436 203 ordres pour d'autres pieces pour pouvoir former un ballot de 100 pieces

969 1835 2428 204 ou plus, comme vous le souhaiteray, estant le sujet de cette & suis tres

1003 2001 532 153 parfaittement

2584 2013 804 184 Adij 3 sbre 1725

788 2046 1133 192 Bruxelles mons: TBunbaut

1005 2152 2412 221 J'ay reccu la chere vre du 29 du passé y coint le pachet que

959 2247 2454 232 est bien presentement & ie vous le payeray a vre premiere voyag

1012 2337 2401 217 J'y trouve aussij un cordon de la hautenr & de la largeur d'rn

976 2505 2453 154 ghace y compris le padre ie vous assure qu'il est trop grant

997 2527 2417 212 il loccuperoit plus que la moitie de la sable & cela mous ne

1000 2633 2404 202 convient pas ce pourquoy il saut tacher de l'avoir comme

997 2730 2348 200 vous avez pris la mesure vous mesme & si vous n'en

985 2825 2398 199 trouvé pas de si petitte il faut le faire venir de parts

993 2925 2425 190 bien biscanne de la derniere mode car nous n'en voulons pas

1003 3015 2416 163 une glace sans biseau il faut bien vous depeches pour l'avii

993 3105 2435 182 cas vous n'avez que sux semaines du temp & si ie n'ay pad

986 3187 2431 178 le miroit pour ce temps la ie ne pourrait pas me servir de la

997 3273 2426 191 toillette ie serois mesme tres mortifie que vous deverois repred

987 3361 2385 198 la ditte torlette puisque vous l'avez faits expressement

1014 3463 2403 221 pour moj ie vous pris done de faire les diligence requise

1008 3601 1657 173 & en l'attendant ie suis tres parfaite

2547 3695 697 177 Adij 5 sbre 1725

806 3707 1050 154 Bruxelles mons: Pombant

1008 3771 2412 217 je suis vois surpris de vois p la vre d'hier que vous anneriez d'ae

977 3893 2451 194 ƒ600:- sur largenterie que vous m'avez mise en mains, i'ay l'honneur

982 3990 2430 135 de vous dire que ie ne donneray rien sans avoir le miroir de la

1008 4055 2375 195 toilote, & si cela ne vous convient pas vous pouvez disposer

1011 4129 2398 163 de vre argenterie celon bon vous semble outre soye persuade

1024 4271 2402 164 que madame sera accouche avant la fin du mois d'octobre

1014 4340 2400 176 prochain ainsij vous pouvez bien vois que le temps que ie

1021 4408 2315 164 vous ay marque est au plus juste et si ie ne peu avoir

3554 232 2562 127 le mirois pour alors il est imntile de s'en meler pour de viges d

3565 308 2453 118 apres pasque ne me penviennent pas voyez mons. si vous pauvez

3451 365 2498 163 m'accomoder, comme ie vous ay marque p ma precedente & eelon

3570 454 2441 111 vre demande ie vous envoye cy joint un cordon de la largeur du

3544 531 2473 183 mirois y compres le vadre coute il doit estre aussij la hautens

3571 634 2511 135 cependant la glace peut estre bien plus hant il vaut que la haute

3554 713 2331 130 de regle celon la largent, c'est le sujet de cette & suis tres

3542 832 509 130 Tinderement

4998 848 999 198 Ady 10 gber 1735

3461 896 958 190 Brusent de wed. Robert

3562 1028 2441 125 u: aeng van gisteren wel ontfanghen daer bij de notitie van de

3552 1147 2533 130 prijsen van de tijken gelijck ue die wilt vercoopen ick can onmoyelijck

3547 1207 2507 142 daer niet aencomen sullen moeten aensien tot de prijsen van

3543 1294 2536 190 de nmiuwe garens: sullen gereguleert sijn ingesloten het wissel

3569 1434 2511 113 briefie dat voor een iaer geprolongeert is dat gelieve te reekenen

3558 1514 2479 144 & mij sweder te senden met leventhien guldens & drij stuijvers

3543 1618 2444 134 wissel gelde voor den verloopen intrest sal op ontfangh

3556 1709 2508 169 dan uee voorige obligatie weder senden, die afwaghtenese blije

3545 1823 1116 158 naer seer vande graef

5255 1858 790 252 Adij 10 d. 1725

3457 1902 1258 197 Aussels Dhr Francisel Rousseau

3564 2064 2473 146 Peere van luf: seer geextimeerde van 20 pass op sijn tijdt wel

3582 2159 2473 131 ontfanghen daer benevens notitie van het versoght wolle goedt voor

3570 2235 2512 149 den kints korf bedragende te samen met het casstie ƒ22: hollante

3573 2325 2493 186 courant waer vooren ue met hertelijcke danck segginge is gecredit

3576 2428 2407 178 hebbe sedert het cassie wel geconditioneert becomen & alles

3527 2519 2406 184 & naer groot genoegen besonden sijnde mijn hefste ul ten

3567 2583 2503 198 hooghsten verplight soo voor de genomene moeyte & goede sorge

3585 2704 2470 167 daer ontrens als voor alle ue goede toewenschngen versoeet

3570 2781 2518 183 haer exspect hier te gelieven s'agreeren & blijve met verlanger

3546 2873 2465 169 d'occasie te hebben om ter betoonen dat in alle voorvallen

3487 3038 862 170 &op rechtelijck ben

5255 3089 791 168 Adij 12 sbre 1725

3482 3131 1021 167 mone Mons Jotn fatnall

3600 3215 2438 153 i'ay bien receu l'honneur de la chere vre du 16 jesme du passé

3560 3321 2530 154 S. S. y ioint deux remises pour  £200:- a 35: ten a la charge

3578 3440 2456 120 de mons: Cristiaen petro Vernoelen les quelles sont accepte et

3599 3502 2472 117 estant paye ie donneray ereut a vre compte outre vous avez

3584 3610 2475 124 la bonte de m'ordonner 120 ps coutils ordinaire & les 20 ps

3588 3684 2413 131 shre strips belon l'eschantillion m envoye les quelles j'ay

3582 3725 2526 173 ordonné a mon &abricaseur ie hey ay aussij marque que vous

3591 3876 2513 128 vous plainnez de £ 3 seales ie vous asseure que ie ferray mon

3600 3933 2485 92 devoir pour avoir ce qu'il j'aura de melieur ie veu avoir les

3592 4011 2533 120 dout ils a 2 patars p ps a melieur marche mais jusqua presen

3595 4108 2504 102 il ne veu pas me les envoyer soyez persuade que ie prenderay

3613 4204 2479 110 vre interest a coeur coure pour moij meme il me dit qu'il a

3609 4302 2476 95 que 8 a 10 pa shoe pript press selon vre eschantillion & 3t

3595 4376 2501 148 ½ great leads outre quil na pas press les sonal prips come

3610 4470 2260 63 vous me les demande cependant la difference sora
