8351 4726
2609 267 693 143 Adj 25 xbre 1725

821 280 828 178 Brussel mons Rimbaut

998 389 2375 122 J'ay receu p l'honneur de la vre dhier une jutte forme, d'une de sept glaces

993 461 2373 180 que vous avez reccu de parus, la quelle nous avons examine p la slouvons

966 552 2398 128 dune vielle mode, & dune mal tourmire de sate que cette & la ce ne nous

975 639 2373 174 accomoderoit point pour bien faire envoye s'il vous plait a la reeption

965 755 2350 120 de cette les desins de 6 autres glaces avec la auteir & largeur, pour le

976 796 2355 178 larqeur celle que vous avez envoye est asse bien, mais elle peut bien

962 896 2419 182 lettre plus aute, quand, nous vouront les autres dessins, nous choisirons, & vous

937 990 2407 207 donnerons responce d'abord, pour faire le cadre, & en l'attendant ie suis

975 1149 692 151 tres parfaittement

2593 1193 812 195 Adij 27 sber 1725

825 1217 1145 177 Bruxxells mons: Rimbaut

1000 1336 2429 179 je viend de recevoir a l'instant l'agreabes vre q ioint les nitte

987 1503 2441 91 formes & grandeur de deux sorses de glaces si vous auriez eu

1010 1567 2392 101 la bonte de les envoyer avec la premiere nous n'aurious

999 1635 2432 145 pas eu sants des difficultes nous somme enfin resolu pour N.

979 1721 2466 102 dont ie vous renvoye cy joint la forme & come ie ne doute

994 1804 2451 171 point que vous en avez deux places de cette sorte ie vous

1008 1897 2426 147 prie de prendre la plus belle glace qu'ell ne soit pas fatte

1010 1974 2410 127 ni qu'elle ne caisse mandaite forme quand on sy regarde

1005 2043 2444 122 aussij la plus 1blancke enfin qu'il ny la rien a redue il foit

1030 2150 2370 125 vous depescher pour l'avoir ascheve puisque mon esponze

1008 2227 2424 156 attend ses couches au premiere jour ce pourquoy qu'il ne faute

1020 2311 2410 147 pas negliser un moment du temps pour que cela soit fait

1020 2401 2373 135 vers la fin de la semainne prochare & vous aurez la

1028 2504 2349 136 bonte de l'apporser vous meme car ie veu vous payer

1007 2565 2023 194 davant m'en servir & en l'attendent ie me dit

2481 2665 858 176 Adij 27 sbre 1723

855 2696 1090 158 London dhr John batnall

1019 2809 2430 146 le 17 court diet a vre grace ma derniere y joint la sacture

1026 2909 2416 162 & cognossement dn ballot M.53 portant en argent de change

1011 2975 2429 208 ƒ1441:2½ estant scharge sans le baseau de francois moentaite

1023 3072 2410 180 qui sera desa arrive come ie supse puis qu'il a eu le vent

1011 3145 2434 157 asse favosable depuis ie recois l'honneur de la vre du

1018 3278 2422 148 courant y joint une remise de  £50:- a 35: 4 et sur mons

1038 3357 2402 144 y can Ba hjs a gand payable dans asvvers la quelle j'ay ene

1006 3433 2399 186 pour acceptations vre ordre pour 1oo ps potils est xccute

1026 3504 2417 124 i'espere de les avoir icy la semaine prochaind au reste

1040 3620 2402 131 de vre lettre vous le trouberay respondu p ma precedante

1033 3702 1097 160 estant tres parfaitsement

2634 3737 712 195 Adij 8 gber 1725

861 3781 1588 183 Brugge dhr Lansenie van Hentergenn

1025 3916 2368 166 beijde ul: seer aeng van 1 & 15 pass wel ontfangen daer bij

1016 3995 2278 193 cognossement & se van oncosten op het pack hjlen &353

1014 4082 2422 156 beloopende in courant gelt £4:9:10 en waer vooren ue in ass

1018 4209 2344 115 is gecrediteere voor ƒ23:2 oft £3:17:- desen tot voorder

1036 4289 2408 161 advies als dat gisteren ue toegesonden hebbe een ander patte

1018 4397 2425 164 D.N.54 inhoudende hondert en tyt stuck tijken dat vervolgen

3587 249 2522 135 gelieve te verclaren & p eerste vertrecken de schip op london te versenden

3563 337 2519 132 & t'addresseren aen d'hr John tatnall & sal het cognossement niet

3578 399 2423 190 de rett. van ue: debours cito mogelijck afwaghten waer mede

3570 498 1089 173 naer vriende groet: blyve

5263 512 716 206 Adij 9 gbre 1725

3457 613 928 199 Brussel marcq Rhubout

3567 665 2375 221 ie me reerre a ma precedante  pour le miroir de lavoir

3566 835 2480 178 dicy en 3 jours on de reprendre la toillette & me donner respona

5128 939 927 192 Adij 16 gbre 17132

3451 940 1112 172 Bruxelles Mons: Punbauut

3618 1034 2317 188 J'ay receu lagreable vre du 12 courant y joint une

3570 1172 2429 131 notice de ce que la toilette d'argent importe avec la

3588 1242 2380 126 facon  le mirois est arrive icy hier apres micy

3571 1351 2464 134 bien conditione vous me marque que vous ne pouve

3574 1432 2414 192 pas faire une voyage pour recevoir vre argent a

3567 1521 2482 194 pause de la petitesse de la somme ie vous assure

3578 1623 2491 212 qui vous est venul icy pour  de moindre bagatelles

3586 1716 2473 171 il est naturelle qu'on a de la satisfaction de voir

3586 1823 2449 211 paiser l'argenterie quoy que ie ne doute pas ou vre

3586 1959 2375 123 not cue soit juste outte ianneroit avoir le pou de

3588 2002 2447 257 chacque piece en partieulier ce pourquoy ie vous

3577 2120 2513 245 prie de venir a auvers pour de compter & ie vous payerz

3581 2220 2518 257 promtement car soye parsuace que ie ne me servirng

3593 2342 2459 228 pas de la toilette savant quelle soit paye & si

3582 2467 2411 197 cela ne se fait pas avant que mon espouce

3590 2579 2476 167 recoit des visites de sa couche ie vous assure que

3603 2653 2279 212 la toilette me serveroit pour des viyez apres

3608 2765 2491 243 pasque ainsij mons: si vous voule qu'on avit avec

3592 2882 2529 208 raison ie vous attenderay dimanche aprez demaire

3604 2995 2468 186 icy pour fuiire de toute cshose & en cette attente

3520 3148 1176 172 ie suis tres parfais

5181 3205 859 207 Adij 17 gbre 1725

3480 3275 1152 184 London mins John tatuall

3610 3324 2495 178 le 27 du passé fut a vre grace ma derniere a la quelle ie

3610 3462 2390 138 me referre& En surte ie vous envoye cy joint la facture

3610 3575 2403 172 & cognossement d'un ballot.D.N.54. contenant cent & cincg

3607 3624 2499 209 pieces de coutils, montant en argens de change ƒ11736-

3601 3786 2430 150 ce qu'il vous plaisa examiner & le trouvant i de m'en

3615 3842 2458 172 crediter le predit ballot est charge dans le batteau de Rochns

3605 3938 2506 166 tierts qui est party de bruge pour ostende le 11 du courante

3601 4068 2511 170 & se mettera en mair avec le premiere vend favorable vous

3615 4141 2453 168 trouveray icy 5ps plus que n'at este vre ordre ce sont

3614 4272 2382 165 encor des schoe prip celon vre eschentillion envoye

3612 4371 2391 154 qui n'estion pas presse pour vous envoyer  ie ballot
