8392 4747
866 306 913 126 Amst franc. Rouusseau

2472 308 639 138 Ady 4 mey 1724

1073 386 2258 160 elsj aeng. van 27 pass wel ontfanghen daer bij verstaen dat ck

1055 464 2285 135 de volle somme niet soecht te genveirden voor den tijdt van een

1068 572 2338 152 jaer & dat maer alleenelijckx de ƒ5000:- voor  geimployeert hadde

1055 652 2344 134 om mij plackes te doen & dat sonde disponeren van mijn penningen

1072 753 2311 108 naer voor val van occasie waer op d'eere hebbe van al te seggens

1063 863 2323 112 als dat sien de wissel sigh niet schreken wilt om sonder verlies te

1071 941 2282 139 trecken derhalven ben te vresen & contentere in het gene t

1072 998 2301 167 nmet sijn voorige mij heeft gelieven te schrijven te weeten

1025 1106 2158 171 de voors ƒ 5000:- voor  a een u vrij gelt hope het

1065 1230 2046 135 resterende, sonder verlies p occasie sal connen trecken

1069 1320 2373 127 gisteren hebbe advies becomen dat het fransport van mijne £500:-

1065 1413 2245 108 oost:aetien tot london geschiedt is & het mport ontfangen

1067 1490 2373 147 bidde van mij de oncoston & provisie van de versoopinge a costy

1082 1605 2336 145 te laken toecomen in hollants cour om al: vervolgens

1076 1685 2008 117 te prediteren waer mede naer seer rind groet blijve

1085 1774 937 146 Basseo ½  avance

1097 1876 781 147 Cutt   verlies

912 1903 885 213 London dehh John Saspall

2656 1919 688 190 Adij 6 meij 1724

1092 2058 2356 166 Beyde u seer aeng van 10 & 17 passto C.S. wel ontfanghen met den

1087 2178 2352 116 persten den seconda wissel brief van   £100:- adress to m. richard tayler

1077 2196 2259 205 met. behoorelijck indorssement die net in tijdts is gecomen & is buyten

1082 2314 2356 151 mijne verwaghtingh gisteren betaelt derhalven hebbe ue voor de selve

1070 2422 2374 139 remise gecoediteert in wissel gelde voor ƒ 1002:10 wensche ul veel geluef

1078 2479 2364 155 met dese betalinge want de hope van succes was seer sleght vermits den

1075 2592 2240 121 persoon bij wil het adres was mij geseijdt hadde sekerlijck niet

1087 2689 2324 119 soude betaelt worden & de betalinge is geschiedt door mi kersdecken

1079 2746 2267 108 ter eeren van den trecker, maer niet ter eeren van den acceptant

1096 2837 2345 134 haydon is gevangen geset & taylor is in een closter gevlught volgens

1078 2933 2351 115 het advies van mijn vrindt het is mij het dat sien ul: buyten schad

1081 3004 2358 121 want het banqueroet van haijden veroorsaeckt groote coustemate

1099 3093 2348 113 in Engelandt & twijfele niet oft s henrij kericks heeft veel daer

1081 3184 2367 152 bij geleden, un twee andere gesondene remises tsamen s 38

1087 3274 2321 175 van 5 march vervallen 13 deser & vermits de wissel brieven hier

1082 3374 2304 122 6 naer dagen hebben sullen op 19 deser maer connen betaelt

1089 3459 2317 144 worden ul magh wel geriest sijn in dese brneven want

1081 3528 2355 200 twijfele niet oft sullen bij tijde promt betaelt worden sijnde

1078 3652 2261 128 den treckes seer saffisant oock de acceptanten ingesloten

1075 3683 2373 184 sende aen ul de facture van de bale & N.A4. inhouden

1100 3797 2327 210 80 ps tijken bedragende in wissel gelde ƒ 840:0 ½ sijnde gelae

1093 3880 2354 195 in het schip van Edward monfield volgen nevegaende cognosse

1080 3987 2247 190 ditto schipper was gereedt om op 29 passo van brugge naer

1096 4110 2169 109 ostende te vertrecken om voorder sijn rege naer london

1101 4180 2133 144 te vervolgen godt geleyde hem in salvo & late dese

1103 4286 2028 160 goederen ul wel geconditioneert ter kant comen

1076 4389 2315 130 sal aen mijn maker ordonneren de 30½ segels shoe strips

3599 260 2482 147 & hem recomanderen dat hij sorgee draeght voor de kotts & dat sij mogen dt

3581 340 2509 160 sijn vorij nice & claer oock dat hij mij soude toesenden de 2 ps 43 segels

3593 403 2504 199 volgens ue gesonden stael die hij mij heeft laten sien & sal ul voorde

3600 503 2453 159 ordre afwaghten dn de andere sortimenten tot het opmaken van con

3593 579 2455 183 bale, mijn heer vernem dat m windnill gestorven is dat mij leedt is

3593 691 2489 179 ue heeft groote reden van te seggen dat men sigh op den sone soo niet

3582 802 2471 154 betrouwen can darom gelieve de twee versoghte oorologien te lasen

3603 866 2476 204 maken bij eenen anderen meester die ul het beste oordeelt lase dat

3593 1008 2357 156 geheel op ue goede disectie want weete wel dat ue liever den

3588 1065 2399 202 besten maker soude imployeren als den slegesten & naer dat die

3582 1147 2507 240 gemackt sullen sijn gelieve de selve te probeven oft sij oock just

3583 1279 2415 207 gaen & den masker recomanderen dat hij de selve wat sterck

3590 1391 2477 195 oft de cassen wat dick van silver maeckt daroin op een bagatelle

3582 1483 2486 205 in prijs niet te sien ick heb liever wat meer te besteden om goedt

3599 1589 2410 155 werck te hebben het presseets soo niet derhalven cont aen den

3588 1676 2428 185 maker tijdt geven om alles het goet & wel te hebben & als ue

3593 1762 2509 185 oock eenigen aeng duiste van doen geheve liber te comander

3594 1921 2261 137 sijdt versehert altijds mijn aeterste oeste sal doen om ue

3590 1981 2495 182 vergenoeginge te geven waer mede naer presentatie van mijnen

3596 2093 1629 141 dinst in alle voorvallende occasien blijve

5347 2166 716 168 Adij 6 mej 1724

3501 2221 669 169 Brussel Steph: Rousseau

3576 2281 2521 216 J'aij secen en son temp l'honneur de la vre du 8 passe avec avis que vous aviez

3597 2401 2493 195 receu mon &ssignation sur mons: Jean de broe de vre ville, & que vous procuriez

3595 2514 2507 167 le requis dont ie vous suis bien oblige, ne doutant nullement que la preditte

3607 2633 970 173 assignation sera paye desuis

3575 2687 2480 171 cette pour avis, que j'aj tirez aujourdhuy a trois jours de date la somme de

3614 2793 2468 160 neuf cent florins argent de change payable a l'ordre de monns. rumoldus

3609 2881 2430 191 baelix, vous prient dhonorer mar ditte toaitte & de ma comander En

3608 2978 2454 198 tous ocaasions, ou ie vous puis estre i, & loyez persuade, que ie suis

3616 3145 625 150 tres parfaittecent

5262 3190 711 178 Ady 1omey 1722

3506 3192 941 199 ondon mons: richard Hall

3627 3315 2479 155 j: brief van 24 passto O.Se wel ontfanghen waer op d'eere hebbe

3615 3412 2503 161 van aen ue: te seggen als dat de Engelsche walle negotie over eenige

3646 3490 2334 196 jaren gequitteert hebbe & dat niet anders in negotie meer doen

3621 3578 2456 174 als mijne oude vrinden van costij in onse tijken te bedienen darom

3633 3656 2489 210 soo sende aen ul hier ingesloten te rugge de facture & sognassene

3621 3751 2473 202 van de gesonden bale. Ko. H.N.I. inhoudende 30 ps mixt kerseys

3641 3855 2447 176 om naer ul: wel gevallen daer anders van te disponeren can ue

3639 3970 2420 172 nier bengen dinst doen iut bedienen van tijlen geliee te

3648 4039 2505 212 comanderen de prijsen sijn als valght waer mede naer het vrind grael beet
