8399 4713
861 270 1002 226 ales off: marge suyers

2452 279 814 209 Adij 2t meert s722

1055 421 2239 255 ue swee bieven van 21 deser wel ontfangen den eenen door

1036 572 2287 258 hofnagels den anderen door Jan Heppens Ick sal aen hoefnngelen

982 724 2381 276 de savee dugent guldens tollen oock een daysent aen Jan vepens

1037 854 2298 271 dogh oock niet eenen tuyver meer voor dat e de resterende smme

1054 1031 2233 256 van oudr sult hebben ten vollen ve daen alle ue. geliofte sijn

1043 1183 2273 223 vouchtelvos vermits geen afect sorteren & segge andermael dat

1051 1308 2227 232 ul p eerste het resterende mij voldoen moet want mede anderen

1056 1432 2268 263 niet willen peysen ict te avangeren tot ue naeight dincksens

1055 1552 2238 246 sal seherlyck russe maken soo hij geen gelt becomt sal dan cale

1035 1750 2329 203 mogelijck van ue het gelt af waghten oft advis dat ue de soon

1057 1891 2347 212 mij van voongh ompeterende, hom intesse tot brussel aen d'had

1038 2017 2300 218 Stephano Rousseau hebt hebben besalt maer ue moet waghten

1055 2187 2321 216 van aen hem lenter gelt te geven want hij heeft mij daer claghten

1061 2276 1669 265 over gedaen waer mede naer groetenisse blijve

2748 2351 470 239 Ady 25

886 2420 1061 228 Lille de lannoy de la rayere

1041 2517 2259 199 depuis ma derniere du 14 du courant ie ne ma trouve pas honore

1050 2655 2150 208 d'aucune vre, j'aij une grace a vous demarder p cette &

892 2792 2275 235 Cominghtere dehee Johan henich Helbinges Ady 26 d 1722

1083 3017 2203 163 ue aengenaeme 10 deser wel ontfangen waer bij ul gelieft te

1059 3086 2344 208 seggen als dat u paest is comende ƒ 21824 ge oock voor brief poors

1063 3213 2277 218 al noch ƒ4:18 ge te samen ƒ 26:12 ge& dat gaerne de ende rek

1081 3319 2266 220 soude luyten synde dat mede mjn beverte, als soo hied gene wissel

1082 3446 2271 211 op colsij is soo ist mij onmoyelijck ialt dat te remitteren derhalven

1074 3553 2331 224 gelieve die ƒ26:12g& op d' heer franmisco Rousseau tot Amsterdy

1062 3686 2165 222 te treken op sight sijnde de wissel volgens ue uoteert 275 gb

1102 3819 2285 203 mackt in anst £ 2:17:5 en hollandts courant sal ordre geven

1079 3931 2280 207 aen mijn voors vrindt ue traitte voor die comme te vereeren

1068 4063 2263 210 de negotie die met ick gedaen hebbe heeft mij aerschadelijck

1071 4208 2209 167 geweest de fwee laeste vaten borstels waren soo sleght

1094 4297 2311 181 volwomen soo dat daer aen £ 25: hollandte hebbe verlopen

1099 4405 2279 135 hebbe nuyt sleghter gehadt qut hadde wel 2 ge daed meer

5841 191 140 126 e

3561 239 2298 162 aen besseet als den prop court: was enfin patientie q bedancke ule

3543 367 2439 189 voor alle ue presentatien van dinst als den was goeder oopes contne

5739 463 217 92 blyve

3539 472 2372 189 avel eens een letterzen schrijven waer mede naer coriale groeteniss

3517 610 2410 144 - spen in ue gesonde ue ick: courant dat ue de brief poorten in

3556 715 2409 177 rekt heeft gebroght soo dat ue maer ƒ21:24 gesoude comen tot ue

3565 812 1732 181 naeright even wel treckt tgene ue is comende

3444 925 1243 207 Austerdam dheer franciio Rousseau

4919 913 795 196 Adij 26 neert 1722

3533 1051 2350 204 beyde ue mij eet aengenaeme van 59 i6 febre pass tsijnen tijde wel

3556 1194 2449 183 ontfangen met den eersten remise van £300:- wisselgelde op d'heer

3562 1281 2163 169 peeter curpentier & met den laesten alnoch eene renise van 8

3521 1417 2376 187 us a 34 t synde in wissel gelde ƒ 995:19 ten lasteravel de surck

3540 1545 2361 188 tot brussel binnen antwite betalen by pieter combaerts welcke

3543 1653 2278 202 sommen ten tijde voldaen sijn qi gevolge ue rek van d'heer

3530 1755 2491 222 stephano Rousseau ue broeder daer vooren gecrediteert ben een cleyn

3552 1921 2430 186 restie van ƒ26: 12 geopools schuldigh aen d heer Johanhinnch

3554 2005 2361 214 belbinges tot coningsberge aen wie heden ordonnere dat op uk op

3540 2160 2475 185 sight te trecken sal beloopen iet onder ofte boven de somm van

3539 2239 2283 196 £ 2:17: 5 n hollants nvant soo ul dat voor comt veroecke te

3541 2374 2387 216 vereeren sult mij verobligeen, mijn heer heeft ue occasie om

3543 2481 2273 212 van eenige peningen te disponneren al wel eene somme

3550 2615 2468 214 aveeneren voor reel intret dat tot ue goeverne versoecke

3517 2743 2465 203 dan bij tijde ue antwoordt om vervolgens mijne mesures te memy

3563 2843 2446 214 waer mede naer presentatie van dinst & seer vrindelycke groetenise

3548 2955 244 157 blijde

3505 3046 495 168 hier marge suyers

5297 3036 435 178 Ad7 221

3556 3100 2463 232 k brief van 25 deser gisteren naer noem maer eerst ontfanghen, waer op tot

3572 3279 2388 158 antwoordt segge, dalijck langh voor desen gesejdt & geschreven hebbe, dat

3546 3374 2414 146 eerst poet endere voldaen te sijn van het ondt, ick seght tot hier gelt sult

3557 3474 2401 156 vinden, ue: can mij dat senden, & dan sal aen dirvcksens betalen & ander

3551 3585 2447 128 oock niet niuwen huyse vraeght oock sijn tweede payement qui: stelt

3553 3678 2442 165 geen somme, gelijck gedaen hebt als hofnagels bij mij gesonden hebt hij

3534 3781 2483 140 seyde dat uk twee duijsent guldens geordonneert hadde, & dat hij het restars

3557 3865 2441 140 doce pretendeerde, omdat hij sijn eerste payement niet gehadt heeft hj

3547 3973 2334 127 sal ue den intrest van het laeste payement doen vergoeden, tot u

3565 4042 2445 136 naeright. het gelt dat ue: tot hier sal vinden, can ue mij brengen, gelijck

3563 4158 2223 142 datt schrijft & dan sal aen diveksens betalen waer mede blijve

3449 4231 2575 114 p thet de copje van u brief van 21 deser naer daer staedt en, ick verstaen dat

3561 4321 2380 131 duricksens bij u geweest heeft om 'twa duysent guldens, ende hoef nagels, ue

3565 4408 2337 111 morght het vrijelyck tellen, soo ick: geeft ordre voor ƒ2000:- aen hoefengelf
