8234 4692
2414 217 832 168 Adij 25 Janu 11729

682 226 1301 141 Brussel deecred: borremans

821 330 2424 187 ue aeng van 3 deser wel ontfangen, met advies van dheer

852 437 2414 166 Rousseau, dat ue hem getelt heeft ƒ 326:- waer vooren ueis

870 500 2389 225 gecrediteert & sien ue de seade van t groen perpeck tot mijn

871 636 2372 161 laste brengen welt, patientie ue isten volle gecoediteert

875 761 1779 122 in voldoeninge t dese diene tot quittantie

872 819 2388 207 voorders in gevolge ue ordre soo hebbe, met het beurtschip

852 892 2386 236 gistren al toegesonden, de s versoghte perpett. en een

867 1039 2375 181 packie B: waer voor ue mj gelieve te crediteren in

868 1133 1002 206 wissel gelde als volght

882 1155 2227 257 op 24 jan 1720„ 2 swerte perpett. N80. aƒ 58: ƒ446:

2199 1329 900 140 „30„ 952:-„ 10 4:

1468 1361 456 110 1 & dittof

2140 1416 965 150 „ 8„ 422-„ 47:

1484 1444 356 134 ditto

2131 1496 998 162 „56 ..„ 44:-„ 44:

1473 1548 356 140 „ 1 ditto

2178 1590 969 155 „ „ 38: „726:-

1469 1637 352 112 12 ditto

2833 1692 282 184 35d:

1469 1729 326 168 ƒ8 1d

917 1789 2310 249 dese sijn alle op trace uytgesoghe, soo vimde leingde als

885 1934 2409 233 qualitijdt  wel geperst, sijn int laeste vant iaer segge

876 2021 2384 208 gesoen, versen geverft, niet twijfelende, oft laet ten

907 2132 2381 186 uy terstene voldaen sijn iets voorders van ue dienst gelien

898 2264 2362 172 recommanderen, die met duytsersse afteatie blijve

2550 2324 631 168 Addj d. 1720

730 2384 1303 201 Brugge P: van Rentergene

897 2453 2312 212 ust aeng rau 14 deser wel ontfanghen, & benevens het

871 2523 2375 198 Dognostement Bant pack tijken, N.11 voor mad

899 2640 2383 210 hamitten geladen, ent schip dan stroevant twejlen

899 2755 2308 216 niet, oot pack voord heer vergoe heeft ue over leenern

917 2821 2299 250 ontfanghen & inden selven schpe geladen de 3

911 2957 2323 213 balen salfsvellen uyt ternewelle, hebbe gistren

921 3080 2317 199 maer eerst ontlanghen,  dat van Troobant in

917 3127 2391 260 herehoven, overgeslagen is oock aengesemen dogh nom

904 3224 2313 250 niet gelost, desen alleenelijck om uf te leggen, dat

927 3323 2328 250 wel verrondert ben, waer om de onort rek. op de

915 3445 2361 243 vellen, & mijne rek. courant, daerten uytersten bij

913 3582 2380 214 verlegen ben niet sendt mijn heer ick werde alle

910 3651 2396 289 jaeren, door ue hier mede gepatibuleert ue moet sign

919 3764 2387 237 laten voorstaen, bij aldien op ontfang desend een & d'andr

916 3870 2198 241 rek niet sendt, ue bedancke voor alle gedaene

914 3993 2353 220 dinste  devoiren, ick ben genoodtsaeckt iuwe

915 4109 2365 196 boecken te maken, met het m jaer, & moete alle

924 4209 2379 230 rekeninge laederen, volgens rek courant p fis naer

932 4303 2367 197 ue alleen dat tardere moete & dat is niet seer aengenam

3494 99 2476 202 n en nweven a    m

3465 240 2467 214 sal daer in moete patentie hebben, & ue geliefte moeten

3465 328 2463 216 loten volgen, echter geloove niet ue iet onredelijheyft

3480 395 2348 232 mij soude willen precuditieren derhalve sal mijn

3469 532 1593 232 ver soeck instantelijk afwaghten

5071 578 786 241 Adij 26 anu 1720

3365 657 1127 245 loven steren deville

3475 717 2510 285 alsoo ue mij heeft geadviseert dan overse comm, als mijre

3478 833 2422 217 calfs villen souden gearriveert sijn, soo est dat met

3446 962 2542 252 desen e come seggen, dat mijne balen caltvellen gistren

3480 1077 2456 229 ontfangen hebbe, conde ue morgen oft overmorgen hier

3474 1135 2504 306 comen, soude wel sijn, & sal ul verwaghten met mons.

3481 1244 2435 304 fabrie, aen vren mede geleve te laten reten dat de

3489 1372 2498 279 alfsvellen gearriveert sijn, maer mede in afvraghtinge

3487 1505 1834 253 van ue: te seen blijve naer groetenissen

5096 1601 662 216 Adij d: 1720

3398 1671 913 212 Loven Jan abrie

3500 1733 2432 254 desen om ue te laeten trreeten als dat mijne costvellen

3500 1853 2469 300 gistren alhier ontfanghen hebbe, verhopende het geluck

3416 1946 2554 290 te hebben ue hiur te sien, om ue provisie te coopue

3517 2042 2496 286 mij recommanderende en ut gnste, dat ue begeve

3526 2206 2460 275 sendon dende comen soude rese sijn geve oock advies

3513 2316 2488 243 aen monsr devillie, maer mede naer dinst presenten

3516 2448 1516 224 blijve groete u van hieten

5174 2557 737 192 dj di 1720

3409 2630 982 198 . bustel tillemans

3514 2683 2396 224 volgens aen ul hier sijnde gelooft hebbe te laten

3531 2803 2446 225 freeten het arrivemene van mijne salfs vellen, soo

3538 2893 2472 236 a1t dat met desen  seggen dat die gistren huy thuys

3529 3018 2471 226 ontfanghen hebbe derhalve can u met eene baledienen

3534 3082 2384 258 is tot ue: dienste, daer is p resent groote drage

3532 3164 2436 301 n dese goederen, is ue geeie overtecomen, soude ue

3552 3295 2468 303 anden van met uyt te stellen, om heur te hebbe u

3542 3392 2477 266 het et alle van de beste groete roesee, waer mede ue

3548 3568 1756 256 afraghtinge van ue te sien blijve

5272 3636 731 252 Ady 34d. 1720

3473 3714 1436 208 Brugge Lauren a Jan Rontergen

3548 3812 2387 244 ue aeng 26 courrant wel ontfanghnn daer benevens de

3534 3931 2481 191 o v rck. op de 4 balen calts vellen, bedragende in wessel

3530 4034 2100 265 gelde ƒ 90:13:6: waer vooren ue is gecrediteert

3543 4105 2473 273 hbbe de Rek courrant geexamineert, & d'accoort bevende

3543 4241 2434 228 & de selve in confermitijdt gesloten & op neuwe ick ul
