8406 4706
874 219 1195 171 n de e pailen

2642 241 685 152 d 7 dj 172

1035 340 2249 122 Mad: on 10 22t passi aeren aen ue mjn laeten den centen

1045 423 2315 169 tot antwordt op ue aengenaemm van 24 gbet les .5- waer bij or

1030 505 2328 162 ordonnerde 100 ps tycken die volgens mijnen voors van 24 pass op

1035 595 2328 129 19 ditto opgepackt waerene hebbe d'eene van ue te noteven als dat

1014 721 2355 95 die bale tot brugge heden sal gearriveert sijn waer van p naeste de fact

1039 802 2319 152 g cognessement hebt te verwaghten sedert mijne voorige hebben wigsten

1045 898 2322 140 wederom buyken van olh ontfangen de dato 5 deser famu: S:N

1045 985 2311 158 waer onder geene van ue seynde daer over verwondert venils mij adviser

1049 1107 2303 122 met ue van 14 gber lest in een post ofte swee remijes soude senden

1066 1189 2259 184 wil hopen dat eenige in disposcien daer geen oosalekke van is

1053 1290 2209 174 & dat ueerte ue mijnn sal ontfangen die dan met verlangen

1057 1388 2133 173 afwaghtende blijve naes ue gewenst te hebben in dit loopende

1074 1513 1807 180 nud jaet allen heyt gsegen  groeteu van herten

2358 1606 669 154 Adij 8 d 1722

875 1612 964 173 Lied mijonst marge suyers

1056 1689 2235 175 sedeit mijnen laesten van 2 deser waedaen mij gedrage geene van ul

1053 1840 2290 137 ontfangen dogh d' heer Rousseau heeft my geadviseert dat ue voor mijne

1070 1897 2267 185 es aen hem besalt hadde dansens gultens courant gelt waer vooren

1053 1996 2255 194 ues is gerediteert a ½ te verlies voor de wijselhadde ue alhier

1057 2143 2304 151 verwaght om previsionelijc een i sasel brieven te gujten schrijve ue

1056 2220 2212 206 desen andermael om ue se laeten weeken dsigh vervolgens te

1055 2342 2202 186 reguleren dat dese maenis geerne oude voldaen sijn u dan

1064 2450 1822 179 af waghtende blijve naer he viandelycke groetenisse

2327 2553 774 208 Ady 8d 1722

874 2605 1086 170 Loeven mons. heven de Viller

1078 2674 2293 219 use aengenaem wel ontfangen waed op tet antwooris segge dat ue

1063 2855 2292 136 my in antwerpen betalen moet sel also ue gelieft cont aen den

1069 2958 2253 181 bode wijns ordre geven om aen mij dersigh pouden wisel gelde

1074 3044 2282 180 te tellen op rek sal hem dan quitante geven de verwaghte

1073 3178 2287 213 alfs vellen sijn godt danck geariveert & hebbe wederom maer een

1069 3293 2288 218 bale om datteden Engellandt weynige sijn ick verwaghte die in

1060 3382 2301 214 port hier soo by aldien uee met mons. tabry gelieft soo moet bij

1081 3538 2278 188 advis geven ick vesoecke van ue brieven soo met te placken

1078 3661 2289 177 want moete dit byj naer in stucken scheieren om di te openen

1074 3781 2282 201 & heb dan noch moyte om die le lesen om dat het int geschrij

1080 3887 2282 266 geplackt is al het gelt verwaghten ue ordre intrent

1087 4016 1849 177 de salfsvellen geoete ue van heeten blijve

930 4171 2261 204 Bruge de heer facerenie van Aentergem Ady 10 d 1722

1116 4330 2209 134 p7 deser was aen ue mijnen laeten sedert become ue

1103 4450 2108 83 aengenaeme van selven date met deswee wissel brief es

3565 222 2372 161 niet behoorelge te acceptatie gudres waer vooren ue bedancke oock

3526 303 2380 144 de vreest ues van de beele calfsvellen die sal xammeren maer

3551 408 2411 161 wel bevinden ue vervolgens crediseren met mijnen voorigen hade

3554 500 2407 162 un versoght de bale tijken niet al te laden voor naerde erdae deen

3546 611 2467 160 an ue te vesrecken van de selve cito af te laden p eeste vertrecke

3561 771 2368 173 schip te versenden synde mjne vrinden present daed by verlegen

3550 863 2432 188 niet twifelende oft u: de selve wel geconditivceet sal hebben

3550 974 2283 196 ontfangen & verwaghte alle dagen de most ick g geilve het

3567 1072 1920 220 cognossement mede te senden soo het geschieden can

3563 1267 2425 121 neme de libertijdt uis andernael tnpartuueren om d'acceptate

3559 1340 2428 182 niet behoorelick adves te laten bejorgen van den ingesloten wisel

3568 1441 2371 186 brief van 4 £ 100: -36:1 ten laste Joseph van mifle a colly

3556 1582 2377 169 & mj te rugge te senden & waer in ue oock eenige aengenaem

3544 1691 2394 169 dinst can doen versoeckee comanderende naed seer vrindely

3562 1790 587 153 groetenisse blijvve

4371 1904 55 76 el

3461 1893 2118 207 London d'heet Jacques Frant de 2oitte  Ady 10d 1722

3553 2017 2447 216 p 85 pust was aen ue mijnen laeten waer aen mij geye

3553 2159 2322 130 becomen ist aengenaeme van 15 pass. ditto daer benevens facture

3564 2287 2387 145 & coynssement van eene bale salfvellen monterende se £55:10:87

3565 2421 2362 132 geladen in de headder die godt danck salvo is geaniweert hadde wel

3536 2478 2417 199 gelvent de swee balen te hebben als met inen voongen geschreven

3544 2628 2387 154 oe aen mij selven altrckeeren dat soo niet is dogh cie soude selked

3567 2748 2433 152 open weedvervaght hebben in dit zesven tis nu een bagutelle dat ue

3553 2810 2330 205 comt soo dat het de moeyte niet weert is te suecken kinnen swee

3563 2945 2386 121 maenden sal ue mijne voorde odre senden waelmede naer ul

3556 3074 2275 151 gevenst te hebben in die loopende nue jaet alle bedenckelijck

3554 3178 2191 159 beneicken de hemels blijve naer iel vrindeljck gquaetene

3477 3259 2435 214 London mad: Hebeua Hamiston & Coot Ady 10d 172:

3564 3415 2263 165 p deser was aen  mijnen laeten waer aen mij gedrage

3564 3567 2461 135 gisteren become ue aengenaeme van 22 xber 5 deser S:N. 2ka hollant

3563 3629 2380 196 daer bij remise voor sin £100:- a 36:19 ten laste Joseph van nutsel

3558 3740 2440 189 tot brugge in antwerpen te betalen welcke oam acceptate hebbe

3565 3858 2358 188 veponden tis mij wel leedt dat de baletijken soo tardeert uyt

3566 3956 2353 204 mjne vorrige can ue genogh sien dat met vernegligeert hebbe

3564 4084 2446 190 schrijve heden andermael aen mijn vrinde tot brugge om de

3554 4233 2394 176 selve op het spoedighst gae eesse versrecken de schip e soe

3567 4334 1785 180 senden hebbe de ncost rekk noch niet becomen
