8043 4747
686 213 2498 118 soude laeten, & dat e daer voeren ordre soude stellen op 9 april

680 305 2509 117 1718: beantwoorde ul Brief van 22 meert a3 waer bij : leyde

694 354 2514 161 a buijs gehadt hebt nd perpett. te senden Jan 55ƒ in plaets van

679 449 2556 186 48 p  noseerde dan dat van een ander srint perpett. gehadt hadde

663 558 2570 172 van 23 & dat dan gesagten was, dat het die selfde soorte wan

662 637 2542 195 de selve soude aennemen gelijck gedaen hebbe & dat de waerde

683 785 2501 155 u remittere soude p mijn naeste gelijk geschiet is op 23

679 877 2559 180 aprie ditto, nu heden die bale opene, soo bevinde die altemael

679 967 2502 215 van N.1. sijn, van 48, , dat mij seer chagrineert, eensdeels

678 1096 2542 162 om dat de leste baeles N.1 oock met 30 ps hebbe & tenlanderen

689 1170 2414 236 om dat nu deen sortiment kan N.55. hebbe, die altijt van

685 1266 2531 219 andere & rinden become & geencans sun datter n langen tjt

683 1406 2445 180 een convey van costij comen sal om die soorte te crijgen

671 1536 531 162 parientie

669 1576 2550 226 die bale N 209 is geopent in presenne v andifferen te perloonen

615 1758 2611 163 die mede de soorten van N.1 kennen & sijn tegens icliande

671 1804 2536 267 geexamineert, & die soo precius bevonden, soo en breede fijnie

668 1897 2550 244 en gewight, twant hebbe die inde seale gewogen, oock begenesde

686 2058 2547 171 soor van 55 ƒ van andere die een pondt swaerder sijn fijnden

694 2113 2548 265 2 dicken alt ue daer een attestatie van gelieft sal die ue toesenden

697 2212 2495 278 middelertijdt ul: sal mij gelieven te crediteeren & oons 10 „ 10

681 2338 2443 249 sijnde de 30ps a 7 pps. overgestelt, dat die bale niet

704 2450 2459 234 eerder geopent hebbe is geweest, om dat kan de soorte van 55

692 2550 2417 258 noch abondantelijck bij hadde, & hebbe die bale 209

719 2675 2444 232 willen aennemen, om ue geene gerepeditie aen bedoen

683 2751 2521 276 gelijck altijdt genegen ben one mijne vinden buyten seade

705 2858 2476 253 te handen, ick wille met dencken dat ue hur stegens

701 2969 2502 238 eenige licanen sal willen ue brengen & dat ue tegens

656 3111 2532 209 de rechtveerdight sig sende willen stellen, &om geene

721 3203 2508 220 mojelijckejt te hhebben sal alle die dops. laten leggen

728 3289 2509 259 tet dat ul antwoort become gals u ics daer overs soude

723 3390 2506 229 twillen legens inspannen, sto sullen die suwer disposctie

711 3537 2521 211 blijven ick can inmijn gemoet die perpett. niet vercoeyn

712 3618 2504 228 als voor N1. gelijck die inderdaet sijn, dit alles tot u naigt

702 3722 2466 259 geluve mij op ontfang deser te antwoorden om volgens

721 3843 2382 234 te reguleren & notteert mij mede, waer vooren u

704 3956 2417 241 de ordinaire meeren op het aldersaeghste sende

732 4077 2431 216 senden, ue antyt: op ontfang denue te gemoet siende

724 4249 1222 213 blijve naer groetnisse

5212 159 754 163 Ady 12 Juny 1719

3266 177 1153 199 Amst Mans Rousseau

3484 287 2456 153 als aeng. van Bo deser wel ontfangen, het is niet noodig dat

3488 352 2466 183 des Brief. Jan £it0- door selbinger getrocken mij toesendt ult to

3464 448 2505 195 voor die waerde gecredireert, hadde niet gesodirder een de reet op

3482 577 2489 132 y getrocken was, soo alles is hier ontrent wel & bedanckke

3486 688 2424 121 use voorders voor deere die sult aendoen, aende noch £40„-

3490 711 2493 225 door voop getrocken ul kan t gene ul compt op mij trecken

3472 851 1647 188 san hier soo eene bagatelle niet becomen

3469 950 2538 231 dien wel dat alle negotien soo wel a costij als hiern sleght sijn

3480 1040 2514 213 echter soo daer iets voorsomt uyt speculatie gelieve te saten

3487 1159 2528 176 greeten, verwaghte twee vaten Borstels Jan Honings bergens

3482 1268 2534 221 p schipper amse pierersen valck, die al over lanck van daer

3465 1373 2531 202 vertrocken was, hadde gewaght uyt de gaditte sijn arrive

3463 1474 2512 182 ment te vernemen dog sijn naem is daer niet ingemelt

3475 1561 2527 250 geweest, niet anders als datter 50 schepen inde sont waeren

3467 1660 2543 215 aengecomen & oock van daer vertrocken, soo soude het connen

3486 1754 2526 232 gebeuren buyten weete gearriveert is. jaer van t' succes

3480 1884 2532 252 van ul sal verwagten, ingesloten bij provisie laet sognosfem

3499 2006 2013 234 waer mede naer dienst presentatie blijven

5107 2123 894 195 dij 19 JJany 1719

3309 2137 1193 197 furnhant de wed: Robert

3479 2216 2545 219 beijde u deng. van 4&16 deser wel ontfangen, met den eerte

3475 2357 2539 213 de notitie Jan tijken 2 root in pujs, die naes engelant gesonden

3481 2432 2442 236 hebbe, oft ordre becomen dal moet den tijstleeren, met aes

3476 2538 2505 222 laeste seght ue dat kan hier ordre becomen hebt keor 11 groot

3478 2615 2487 230 loot, permits het seer onseker is, wanneer ick ordre voor

3476 2695 2532 262 die soorte becomen sal bj dat redelijck is, dat ue sijn avante

3469 2801 2509 323 gie soecht, soo soude sig daer van sonnen bedienen, tot noch

3480 2916 2516 257 toe hebbe geene ordre, nochte voor dan nochte voor d'ander

3479 3013 2528 251 hope evenwel die int cort te becomen sende aen ul hier mede

3509 3124 2516 246 het garen, bestaende en 11 ftreenen d 1½ mijn boden sullen

3497 3245 2428 246 noch spinnen, dog geloove toecomen salt dogom wat

3496 3336 2508 289 garen minder oft meerder mag het stuck wet bederven

3494 3444 2428 245 worden, ue heeft gelijck datt e gaeren moet ingeslagen

3502 3546 2511 240 worden om een rat stuck lynwaert te hebben saght aen

3473 3683 2483 203 den wever dat hij dapper voor sijn buijck slopt waer

3485 3814 1498 196 mede naer groeteniste blijve
