<?xml version="1.0" encoding="UTF-8"?>
<alto xmlns:xsi="http://www.w3.org/2001/XMLSchema-instance"
      xmlns="http://www.loc.gov/standards/alto/ns-v4#"
      xmlns:page="http://schema.primaresearch.org/PAGE/gts/pagecontent/2013-07-15"
      xsi:schemaLocation="http://www.loc.gov/standards/alto/ns-v4# https://www.loc.gov/standards/alto/v4/alto.xsd">
   <Description>
      <MeasurementUnit>pixel</MeasurementUnit>
      <OCRProcessing ID="IdOcr">
         <ocrProcessingStep>
            <processingDateTime>2022-02-11T21:40:25.83+01:00</processingDateTime>
            <processingSoftware>
               <softwareCreator>READ COOP</softwareCreator>
               <softwareName>Transkribus</softwareName>
            </processingSoftware>
         </ocrProcessingStep>
      </OCRProcessing>
   </Description>
   <Layout>
      <Page ID="Page1" PHYSICAL_IMG_NR="1" HEIGHT="4692" WIDTH="8200">
         <TopMargin HEIGHT="0" WIDTH="8200" VPOS="0" HPOS="0"/>
         <LeftMargin HEIGHT="4692" WIDTH="0" VPOS="0" HPOS="0"/>
         <RightMargin HEIGHT="4692" WIDTH="0" VPOS="0" HPOS="8200"/>
         <BottomMargin HEIGHT="0" WIDTH="8200" VPOS="4692" HPOS="0"/>
         <PrintSpace HEIGHT="4692" WIDTH="8200" VPOS="0" HPOS="0">
            <TextBlock ID="region_1644473697145_1125"
                       HEIGHT="4322"
                       WIDTH="2658"
                       VPOS="155"
                       HPOS="606">
               <Shape>
                  <Polygon POINTS="606,155 3264,155 3264,4477 606,4477"/>
               </Shape>
               <TextLine ID="region_1644473697145_1125l1"
                         BASELINE="2574,286 2604,287 2635,290 2666,291 2696,292 2727,292 2758,294 2788,294 2819,293 2850,292 2881,292 2911,291 2942,290 2973,288 3003,286 3034,286 3065,283 3095,281 3126,280 3157,277 3188,276"
                         HEIGHT="159"
                         WIDTH="645"
                         VPOS="195"
                         HPOS="2559">
                  <String ID="string_region_1644473697145_1125l1"
                          HEIGHT="159"
                          WIDTH="645"
                          VPOS="195"
                          HPOS="2559"
                          CONTENT="Adij 18 xber 1719"/>
               </TextLine>
               <TextLine ID="region_1644473697145_1125l2"
                         BASELINE="726,302 765,302 805,302 845,302 885,302 925,302 965,302 1005,302 1045,300 1085,300 1125,300 1164,300 1204,300 1244,298 1284,298 1324,298 1364,298 1404,298 1444,298 1484,298 1524,298"
                         HEIGHT="149"
                         WIDTH="830"
                         VPOS="218"
                         HPOS="710">
                  <String ID="string_region_1644473697145_1125l2"
                          HEIGHT="149"
                          WIDTH="830"
                          VPOS="218"
                          HPOS="710"
                          CONTENT="Turnhoudt Joseph Bregls"/>
               </TextLine>
               <TextLine ID="region_1644473697145_1125l3"
                         BASELINE="880,406 996,404 1113,403 1229,402 1346,402 1463,400 1579,400 1696,400 1812,400 1929,400 2046,398 2162,398 2279,398 2395,396 2512,394 2629,393 2745,391 2862,388 2978,385 3095,382 3212,376"
                         HEIGHT="144"
                         WIDTH="2364"
                         VPOS="295"
                         HPOS="864">
                  <String ID="string_region_1644473697145_1125l3"
                          HEIGHT="144"
                          WIDTH="2364"
                          VPOS="295"
                          HPOS="864"
                          CONTENT="ue ven 16 deser wel ontfanghen dar ingesloten den rentee brief iet"/>
               </TextLine>
               <TextLine ID="region_1644473697145_1125l4"
                         BASELINE="902,502 1010,500 1118,500 1227,500 1335,500 1444,500 1552,498 1660,498 1769,498 1877,496 1986,496 2094,494 2202,492 2311,492 2419,489 2528,486 2636,484 2744,481 2853,478 2961,474 3070,470"
                         HEIGHT="119"
                         WIDTH="2200"
                         VPOS="423"
                         HPOS="885">
                  <String ID="string_region_1644473697145_1125l4"
                          HEIGHT="119"
                          WIDTH="2200"
                          VPOS="423"
                          HPOS="885"
                          CONTENT="eene borght oghte die gant contraie bevinde daer het profeet n"/>
               </TextLine>
               <TextLine ID="region_1644473697145_1125l5"
                         BASELINE="880,604 998,602 1117,600 1236,600 1355,598 1474,598 1593,596 1712,595 1831,594 1950,592 2069,590 2187,588 2306,586 2425,584 2544,580 2663,577 2782,573 2901,568 3020,562 3139,556 3258,550"
                         HEIGHT="156"
                         WIDTH="2412"
                         VPOS="464"
                         HPOS="862">
                  <String ID="string_region_1644473697145_1125l5"
                          HEIGHT="156"
                          WIDTH="2412"
                          VPOS="464"
                          HPOS="862"
                          CONTENT="toegesaldenn daer niet wel om gelint bee, want ul moet weeten, dat ick"/>
               </TextLine>
               <TextLine ID="region_1644473697145_1125l6"
                         BASELINE="878,696 995,698 1113,700 1231,702 1349,702 1467,700 1584,700 1702,698 1820,696 1938,692 2056,690 2173,686 2291,682 2409,678 2527,673 2645,670 2762,665 2880,660 2998,656 3116,652 3234,646"
                         HEIGHT="172"
                         WIDTH="2391"
                         VPOS="553"
                         HPOS="860">
                  <String ID="string_region_1644473697145_1125l6"
                          HEIGHT="172"
                          WIDTH="2391"
                          VPOS="553"
                          HPOS="860"
                          CONTENT="us. de volle somme geve van eene vente daer een ander de boghte"/>
               </TextLine>
               <TextLine ID="region_1644473697145_1125l7"
                         BASELINE="894,802 1002,802 1110,804 1219,804 1327,804 1436,802 1544,802 1652,800 1761,798 1869,796 1978,792 2086,789 2194,786 2303,781 2411,776 2520,771 2628,765 2736,758 2845,751 2953,743 3062,734"
                         HEIGHT="169"
                         WIDTH="2203"
                         VPOS="662"
                         HPOS="876">
                  <String ID="string_region_1644473697145_1125l7"
                          HEIGHT="169"
                          WIDTH="2203"
                          VPOS="662"
                          HPOS="876"
                          CONTENT="betit wat reden ue vader ofte weder gehadt heeft, oft wel dan"/>
               </TextLine>
               <TextLine ID="region_1644473697145_1125l8"
                         BASELINE="886,906 1003,908 1120,906 1238,906 1355,904 1473,902 1590,900 1707,898 1825,894 1942,890 2060,885 2177,880 2294,875 2412,870 2529,865 2647,859 2764,852 2881,847 2999,839 3116,833 3234,826"
                         HEIGHT="229"
                         WIDTH="2381"
                         VPOS="713"
                         HPOS="869">
                  <String ID="string_region_1644473697145_1125l8"
                          HEIGHT="229"
                          WIDTH="2381"
                          VPOS="713"
                          HPOS="869"
                          CONTENT="notans, can niet bedencke tggne sij hoet doen willen an ul regarde"/>
               </TextLine>
               <TextLine ID="region_1644473697145_1125l9"
                         BASELINE="886,1006 1003,1006 1121,1006 1239,1006 1357,1004 1475,1002 1592,1000 1710,996 1828,992 1946,989 2064,985 2181,980 2299,976 2417,970 2535,964 2653,959 2770,952 2888,946 3006,940 3124,934 3242,926"
                         HEIGHT="220"
                         WIDTH="2390"
                         VPOS="821"
                         HPOS="870">
                  <String ID="string_region_1644473697145_1125l9"
                          HEIGHT="220"
                          WIDTH="2390"
                          VPOS="821"
                          HPOS="870"
                          CONTENT="borgh te blijven sonder eenigh dittriet gelijck gemelt is in de gesondene"/>
               </TextLine>
               <TextLine ID="region_1644473697145_1125l10"
                         BASELINE="892,1112 1003,1111 1114,1109 1225,1108 1336,1105 1447,1102 1558,1100 1669,1096 1780,1094 1891,1090 2003,1086 2114,1081 2225,1076 2336,1071 2447,1064 2558,1058 2669,1051 2780,1043 2891,1036 3002,1025 3114,1016"
                         HEIGHT="222"
                         WIDTH="2258"
                         VPOS="938"
                         HPOS="874">
                  <String ID="string_region_1644473697145_1125l10"
                          HEIGHT="222"
                          WIDTH="2258"
                          VPOS="938"
                          HPOS="874"
                          CONTENT="borghtoghte met die woorden te waten, mak ude tet dien eylde bij"/>
               </TextLine>
               <TextLine ID="region_1644473697145_1125l11"
                         BASELINE="896,1222 1009,1218 1123,1212 1236,1208 1350,1205 1463,1202 1577,1198 1690,1194 1804,1190 1917,1188 2031,1184 2144,1179 2258,1174 2371,1169 2485,1164 2598,1158 2712,1150 2825,1143 2939,1134 3052,1124 3166,1114"
                         HEIGHT="176"
                         WIDTH="2307"
                         VPOS="1064"
                         HPOS="877">
                  <String ID="string_region_1644473697145_1125l11"
                          HEIGHT="176"
                          WIDTH="2307"
                          VPOS="1064"
                          HPOS="877"
                          CONTENT="manquement van e voors J: Joseph: vereghs ofte de voornoemde"/>
               </TextLine>
               <TextLine ID="region_1644473697145_1125l12"
                         BASELINE="896,1324 985,1318 1075,1313 1165,1310 1255,1306 1345,1302 1435,1300 1525,1297 1615,1294 1705,1292 1795,1290 1884,1287 1974,1284 2064,1281 2154,1278 2244,1274 2334,1270 2424,1265 2514,1260 2604,1253 2694,1246"
                         HEIGHT="201"
                         WIDTH="1835"
                         VPOS="1162"
                         HPOS="876">
                  <String ID="string_region_1644473697145_1125l12"
                          HEIGHT="201"
                          WIDTH="1835"
                          VPOS="1162"
                          HPOS="876"
                          CONTENT="gehopetineerde rente van vwende sijne eijge schebie"/>
               </TextLine>
               <TextLine ID="region_1644473697145_1125l13"
                         BASELINE="826,1434 943,1430 1061,1426 1179,1424 1297,1421 1415,1418 1533,1415 1651,1412 1769,1408 1887,1404 2005,1401 2122,1396 2240,1392 2358,1386 2476,1381 2594,1374 2712,1366 2830,1359 2948,1349 3066,1339 3184,1328"
                         HEIGHT="193"
                         WIDTH="2392"
                         VPOS="1269"
                         HPOS="809">
                  <String ID="string_region_1644473697145_1125l13"
                          HEIGHT="193"
                          WIDTH="2392"
                          VPOS="1269"
                          HPOS="809"
                          CONTENT="dat woorrt by manqiement bevalt mij niet wat daer door woodt"/>
               </TextLine>
               <TextLine ID="region_1644473697145_1125l14"
                         BASELINE="902,1526 1012,1524 1122,1521 1232,1518 1343,1516 1453,1512 1563,1510 1674,1507 1784,1504 1894,1500 2005,1496 2115,1493 2225,1488 2335,1484 2446,1478 2556,1473 2666,1466 2777,1458 2887,1451 2997,1444 3108,1434"
                         HEIGHT="247"
                         WIDTH="2242"
                         VPOS="1353"
                         HPOS="885">
                  <String ID="string_region_1644473697145_1125l14"
                          HEIGHT="247"
                          WIDTH="2242"
                          VPOS="1353"
                          HPOS="885"
                          CONTENT="gedoord dat ul: vader als principael voor borge is, ick hebbe ue"/>
               </TextLine>
               <TextLine ID="region_1644473697145_1125l15"
                         BASELINE="850,1626 969,1626 1089,1624 1209,1622 1329,1619 1449,1616 1568,1613 1688,1608 1808,1605 1928,1601 2048,1596 2167,1591 2287,1586 2407,1579 2527,1573 2647,1566 2766,1560 2886,1554 3006,1546 3126,1538 3246,1532"
                         HEIGHT="188"
                         WIDTH="2431"
                         VPOS="1469"
                         HPOS="831">
                  <String ID="string_region_1644473697145_1125l15"
                          HEIGHT="188"
                          WIDTH="2431"
                          VPOS="1469"
                          HPOS="831"
                          CONTENT="mijn progeet gesonden, om dat soo correet te hebben, daerom ul vader"/>
               </TextLine>
               <TextLine ID="region_1644473697145_1125l16"
                         BASELINE="902,1720 1017,1720 1133,1720 1248,1720 1364,1718 1480,1716 1595,1714 1711,1711 1826,1707 1942,1703 2058,1698 2173,1693 2289,1688 2404,1682 2520,1674 2636,1668 2751,1662 2867,1653 2982,1646 3098,1640 3214,1632"
                         HEIGHT="196"
                         WIDTH="2343"
                         VPOS="1559"
                         HPOS="884">
                  <String ID="string_region_1644473697145_1125l16"
                          HEIGHT="196"
                          WIDTH="2343"
                          VPOS="1559"
                          HPOS="884"
                          CONTENT="moet dat soo precies passera van woorst het woordt om rede voors"/>
               </TextLine>
               <TextLine ID="region_1644473697145_1125l17"
                         BASELINE="874,1822 992,1824 1111,1825 1230,1824 1349,1824 1468,1822 1586,1818 1705,1814 1824,1810 1943,1805 2062,1800 2180,1794 2299,1788 2418,1781 2537,1775 2656,1769 2774,1762 2893,1756 3012,1751 3131,1746 3250,1740"
                         HEIGHT="194"
                         WIDTH="2411"
                         VPOS="1665"
                         HPOS="855">
                  <String ID="string_region_1644473697145_1125l17"
                          HEIGHT="194"
                          WIDTH="2411"
                          VPOS="1665"
                          HPOS="855"
                          CONTENT="derhalva ca hij morgen eene nuwe passeren gelieve dat oormorge"/>
               </TextLine>
               <TextLine ID="region_1644473697145_1125l18"
                         BASELINE="918,1926 1026,1924 1135,1924 1244,1922 1353,1922 1462,1920 1571,1918 1680,1916 1789,1914 1898,1912 2007,1910 2115,1906 2224,1903 2333,1899 2442,1894 2551,1889 2660,1884 2769,1878 2878,1870 2987,1863 3096,1854"
                         HEIGHT="192"
                         WIDTH="2210"
                         VPOS="1761"
                         HPOS="902">
                  <String ID="string_region_1644473697145_1125l18"
                          HEIGHT="192"
                          WIDTH="2210"
                          VPOS="1761"
                          HPOS="902"
                          CONTENT="mij toe te senden, &amp; soo haest dat become sal de drij duysent"/>
               </TextLine>
               <TextLine ID="region_1644473697145_1125l19"
                         BASELINE="876,2028 994,2028 1113,2028 1232,2028 1350,2026 1469,2026 1588,2024 1706,2022 1825,2020 1944,2016 2063,2014 2181,2010 2300,2006 2419,2001 2537,1996 2656,1990 2775,1985 2893,1978 3012,1971 3131,1964 3250,1954"
                         HEIGHT="193"
                         WIDTH="2407"
                         VPOS="1897"
                         HPOS="857">
                  <String ID="string_region_1644473697145_1125l19"
                          HEIGHT="193"
                          WIDTH="2407"
                          VPOS="1897"
                          HPOS="857"
                          CONTENT="guldens prompt betalen ue antwoordt beneneven het versoghte af waghten"/>
               </TextLine>
               <TextLine ID="region_1644473697145_1125l20"
                         BASELINE="2584,2112 2613,2110 2642,2110 2671,2108 2700,2108 2729,2108 2758,2106 2787,2106 2816,2106 2845,2106 2874,2104 2903,2104 2932,2103 2961,2102 2990,2100 3019,2100 3048,2098 3077,2095 3106,2093 3135,2091 3164,2088"
                         HEIGHT="185"
                         WIDTH="615"
                         VPOS="1985"
                         HPOS="2566">
                  <String ID="string_region_1644473697145_1125l20"
                          HEIGHT="185"
                          WIDTH="615"
                          VPOS="1985"
                          HPOS="2566"
                          CONTENT="Addy 19d 1719"/>
               </TextLine>
               <TextLine ID="region_1644473697145_1125l21"
                         BASELINE="872,2122 897,2127 922,2129 947,2130 972,2130 997,2130 1022,2130 1047,2130 1073,2128 1098,2126 1123,2126 1148,2124 1173,2123 1198,2122 1223,2122 1248,2122 1274,2124"
                         HEIGHT="153"
                         WIDTH="437"
                         VPOS="2050"
                         HPOS="854">
                  <String ID="string_region_1644473697145_1125l21"
                          HEIGHT="153"
                          WIDTH="437"
                          VPOS="2050"
                          HPOS="854"
                          CONTENT="blijve"/>
               </TextLine>
               <TextLine ID="region_1644473697145_1125l22"
                         BASELINE="744,2246 797,2246 850,2245 904,2244 957,2242 1011,2241 1064,2240 1117,2240 1171,2238 1224,2237 1278,2236 1331,2235 1384,2234 1438,2234 1491,2232 1545,2232 1598,2231 1651,2230 1705,2230 1758,2230 1812,2228"
                         HEIGHT="203"
                         WIDTH="1101"
                         VPOS="2111"
                         HPOS="727">
                  <String ID="string_region_1644473697145_1125l22"
                          HEIGHT="203"
                          WIDTH="1101"
                          VPOS="2111"
                          HPOS="727"
                          CONTENT="brugge laurence van Rentergen"/>
               </TextLine>
               <TextLine ID="region_1644473697145_1125l23"
                         BASELINE="864,2342 981,2340 1099,2338 1217,2336 1335,2334 1453,2334 1571,2332 1689,2330 1807,2330 1925,2328 2043,2326 2160,2324 2278,2320 2396,2318 2514,2314 2632,2310 2750,2304 2868,2300 2986,2293 3104,2285 3222,2276"
                         HEIGHT="221"
                         WIDTH="2390"
                         VPOS="2180"
                         HPOS="847">
                  <String ID="string_region_1644473697145_1125l23"
                          HEIGHT="221"
                          WIDTH="2390"
                          VPOS="2180"
                          HPOS="847"
                          CONTENT="ue: aengename 13 dser wel ontfanghe dien volgens sal mijne twee"/>
               </TextLine>
               <TextLine ID="region_1644473697145_1125l24"
                         BASELINE="900,2444 1015,2440 1130,2439 1245,2438 1360,2436 1476,2434 1591,2432 1706,2432 1821,2430 1936,2428 2052,2426 2167,2424 2282,2420 2397,2418 2512,2414 2628,2410 2743,2404 2858,2399 2973,2394 3088,2387 3204,2378"
                         HEIGHT="203"
                         WIDTH="2338"
                         VPOS="2320"
                         HPOS="881">
                  <String ID="string_region_1644473697145_1125l24"
                          HEIGHT="203"
                          WIDTH="2338"
                          VPOS="2320"
                          HPOS="881"
                          CONTENT="packen pequs: N. 22 a 25 verwaghten p schipper marten de cwijpere"/>
               </TextLine>
               <TextLine ID="region_1644473697145_1125l25"
                         BASELINE="872,2546 990,2544 1109,2544 1227,2542 1346,2540 1464,2538 1583,2536 1701,2534 1820,2532 1938,2530 2057,2527 2175,2524 2294,2520 2412,2517 2531,2513 2649,2510 2768,2504 2886,2499 3005,2493 3123,2487 3242,2480"
                         HEIGHT="191"
                         WIDTH="2402"
                         VPOS="2406"
                         HPOS="855">
                  <String ID="string_region_1644473697145_1125l25"
                          HEIGHT="191"
                          WIDTH="2402"
                          VPOS="2406"
                          HPOS="855"
                          CONTENT="dogh verwondere mij datter soo groet retardement a cotij is, y behoorde"/>
               </TextLine>
               <TextLine ID="region_1644473697145_1125l26"
                         BASELINE="910,2638 1026,2637 1142,2636 1259,2636 1375,2634 1492,2634 1608,2632 1724,2630 1841,2628 1957,2626 2074,2624 2190,2621 2306,2618 2423,2614 2539,2609 2656,2604 2772,2600 2888,2593 3005,2586 3121,2578 3238,2570"
                         HEIGHT="162"
                         WIDTH="2362"
                         VPOS="2524"
                         HPOS="893">
                  <String ID="string_region_1644473697145_1125l26"
                          HEIGHT="162"
                          WIDTH="2362"
                          VPOS="2524"
                          HPOS="893"
                          CONTENT="al hier te wesen. desen principael om ue te laten weeten dat on heden"/>
               </TextLine>
               <TextLine ID="region_1644473697145_1125l27"
                         BASELINE="920,2744 1034,2740 1149,2737 1263,2734 1378,2732 1492,2730 1607,2728 1721,2726 1836,2724 1950,2722 2065,2720 2179,2717 2294,2715 2408,2712 2523,2709 2637,2704 2752,2701 2866,2696 2981,2690 3095,2684 3210,2676"
                         HEIGHT="215"
                         WIDTH="2321"
                         VPOS="2594"
                         HPOS="904">
                  <String ID="string_region_1644473697145_1125l27"
                          HEIGHT="215"
                          WIDTH="2321"
                          VPOS="2594"
                          HPOS="904"
                          CONTENT="smorget p wagens van gent ul: gesonden hebbe een pack M "/>
               </TextLine>
               <TextLine ID="region_1644473697145_1125l28"
                         BASELINE="926,2842 1042,2839 1158,2836 1274,2834 1390,2832 1506,2829 1622,2826 1738,2824 1854,2822 1970,2820 2086,2818 2202,2816 2318,2814 2434,2810 2550,2808 2666,2804 2782,2800 2898,2797 3014,2794 3130,2788 3246,2784"
                         HEIGHT="193"
                         WIDTH="2353"
                         VPOS="2699"
                         HPOS="909">
                  <String ID="string_region_1644473697145_1125l28"
                          HEIGHT="193"
                          WIDTH="2353"
                          VPOS="2699"
                          HPOS="909"
                          CONTENT="inhoudende to ps. tijken voor rek van made rebecea hamiltan &amp; coosse"/>
               </TextLine>
               <TextLine ID="region_1644473697145_1125l29"
                         BASELINE="852,2940 971,2942 1091,2942 1210,2942 1330,2940 1449,2938 1569,2936 1688,2934 1808,2932 1927,2928 2047,2924 2166,2920 2286,2916 2405,2912 2525,2908 2644,2904 2764,2900 2883,2894 3003,2890 3122,2886 3242,2880"
                         HEIGHT="192"
                         WIDTH="2424"
                         VPOS="2796"
                         HPOS="834">
                  <String ID="string_region_1644473697145_1125l29"
                          HEIGHT="192"
                          WIDTH="2424"
                          VPOS="2796"
                          HPOS="834"
                          CONTENT="dat op ontfangh gelieve op london p eerste vertreckende schop te versond"/>
               </TextLine>
               <TextLine ID="region_1644473697145_1125l30"
                         BASELINE="894,3048 1010,3048 1126,3046 1242,3044 1358,3042 1474,3040 1590,3038 1706,3036 1822,3034 1938,3030 2055,3028 2171,3024 2287,3020 2403,3017 2519,3012 2635,3008 2751,3002 2867,2996 2983,2990 3099,2983 3216,2976"
                         HEIGHT="206"
                         WIDTH="2357"
                         VPOS="2897"
                         HPOS="875">
                  <String ID="string_region_1644473697145_1125l30"
                          HEIGHT="206"
                          WIDTH="2357"
                          VPOS="2897"
                          HPOS="875"
                          CONTENT="&amp; aen de gemelde t'addresseren, &amp; op het spoedighste de oncott vek: mij"/>
               </TextLine>
               <TextLine ID="region_1644473697145_1125l31"
                         BASELINE="900,3142 1018,3140 1136,3140 1254,3140 1372,3138 1491,3136 1609,3134 1727,3132 1845,3130 1963,3128 2082,3124 2200,3122 2318,3118 2436,3114 2554,3110 2673,3104 2791,3100 2909,3095 3027,3089 3145,3082 3264,3076"
                         HEIGHT="179"
                         WIDTH="2399"
                         VPOS="2988"
                         HPOS="882">
                  <String ID="string_region_1644473697145_1125l31"
                          HEIGHT="179"
                          WIDTH="2399"
                          VPOS="2988"
                          HPOS="882"
                          CONTENT="toe te senden benevens die van de fwee voors balen perpet: bovendie"/>
               </TextLine>
               <TextLine ID="region_1644473697145_1125l32"
                         BASELINE="928,3240 1042,3240 1157,3238 1272,3238 1387,3236 1502,3234 1617,3232 1732,3230 1847,3227 1962,3224 2077,3222 2191,3218 2306,3214 2421,3210 2536,3206 2651,3201 2766,3195 2881,3190 2996,3183 3111,3176 3226,3168"
                         HEIGHT="195"
                         WIDTH="2332"
                         VPOS="3096"
                         HPOS="909">
                  <String ID="string_region_1644473697145_1125l32"
                          HEIGHT="195"
                          WIDTH="2332"
                          VPOS="3096"
                          HPOS="909"
                          CONTENT="mijne rek: court: daer oock bij volegen been, om dat het jaer seer naer"/>
               </TextLine>
               <TextLine ID="region_1644473697145_1125l33"
                         BASELINE="928,3346 1044,3341 1161,3338 1277,3334 1394,3331 1510,3328 1627,3326 1743,3324 1860,3322 1976,3318 2093,3316 2209,3314 2326,3310 2442,3306 2559,3302 2675,3298 2792,3293 2908,3288 3025,3280 3141,3273 3258,3264"
                         HEIGHT="236"
                         WIDTH="2365"
                         VPOS="3186"
                         HPOS="911">
                  <String ID="string_region_1644473697145_1125l33"
                          HEIGHT="236"
                          WIDTH="2365"
                          VPOS="3186"
                          HPOS="911"
                          CONTENT="geeijndight is, &amp; treckt op mij tgene ul.  saldo is comende, op light "/>
               </TextLine>
               <TextLine ID="region_1644473697145_1125l34"
                         BASELINE="878,3446 993,3440 1108,3434 1223,3430 1338,3426 1454,3424 1569,3422 1684,3421 1799,3420 1914,3420 2030,3418 2145,3418 2260,3416 2375,3414 2490,3412 2606,3408 2721,3402 2836,3396 2951,3390 3066,3380 3182,3370"
                         HEIGHT="178"
                         WIDTH="2338"
                         VPOS="3307"
                         HPOS="862">
                  <String ID="string_region_1644473697145_1125l34"
                          HEIGHT="178"
                          WIDTH="2338"
                          VPOS="3307"
                          HPOS="862"
                          CONTENT="laste om soo alles van dit gepasseet jaer te effenen dit van ue"/>
               </TextLine>
               <TextLine ID="region_1644473697145_1125l35"
                         BASELINE="922,3540 955,3540 989,3540 1023,3540 1057,3538 1091,3538 1124,3538 1158,3536 1192,3536 1226,3536 1260,3534 1293,3534 1327,3533 1361,3532 1395,3530 1428,3530 1462,3528 1496,3527 1530,3526 1564,3524 1598,3522"
                         HEIGHT="154"
                         WIDTH="710"
                         VPOS="3442"
                         HPOS="905">
                  <String ID="string_region_1644473697145_1125l35"
                          HEIGHT="154"
                          WIDTH="710"
                          VPOS="3442"
                          HPOS="905"
                          CONTENT="verwaghtende blijve"/>
               </TextLine>
               <TextLine ID="region_1644473697145_1125l36"
                         BASELINE="2504,3604 2540,3603 2576,3602 2612,3600 2648,3598 2684,3596 2720,3596 2756,3596 2792,3594 2828,3594 2864,3594 2900,3594 2936,3594 2972,3594 3008,3594 3044,3596 3080,3596 3116,3596 3152,3598 3188,3599 3224,3600"
                         HEIGHT="214"
                         WIDTH="752"
                         VPOS="3446"
                         HPOS="2487">
                  <String ID="string_region_1644473697145_1125l36"
                          HEIGHT="214"
                          WIDTH="752"
                          VPOS="3446"
                          HPOS="2487"
                          CONTENT="Adij 28 d t114"/>
               </TextLine>
               <TextLine ID="region_1644473697145_1125l37"
                         BASELINE="766,3648 820,3646 874,3646 928,3646 982,3645 1036,3644 1090,3642 1144,3641 1198,3640 1252,3638 1307,3636 1361,3634 1415,3632 1469,3632 1523,3629 1577,3628 1631,3626 1685,3624 1739,3624 1793,3622 1848,3620"
                         HEIGHT="151"
                         WIDTH="1113"
                         VPOS="3536"
                         HPOS="748">
                  <String ID="string_region_1644473697145_1125l37"
                          HEIGHT="151"
                          WIDTH="1113"
                          VPOS="3536"
                          HPOS="748"
                          CONTENT="London Georges Gargoe"/>
               </TextLine>
               <TextLine ID="region_1644473697145_1125l38"
                         BASELINE="958,3758 1072,3756 1186,3752 1300,3750 1414,3746 1528,3744 1642,3740 1756,3738 1870,3736 1984,3732 2098,3730 2212,3726 2326,3722 2440,3720 2554,3716 2668,3712 2782,3707 2896,3702 3010,3698 3124,3692 3238,3686"
                         HEIGHT="211"
                         WIDTH="2314"
                         VPOS="3620"
                         HPOS="939">
                  <String ID="string_region_1644473697145_1125l38"
                          HEIGHT="211"
                          WIDTH="2314"
                          VPOS="3620"
                          HPOS="939"
                          CONTENT="op 17 deser was aen ul mijnen laesten, met cocture van"/>
               </TextLine>
               <TextLine ID="region_1644473697145_1125l39"
                         BASELINE="964,3850 1078,3845 1193,3840 1308,3837 1423,3834 1538,3830 1653,3828 1768,3826 1883,3822 1998,3820 2113,3818 2227,3816 2342,3814 2457,3810 2572,3808 2687,3804 2802,3800 2917,3796 3032,3790 3147,3785 3262,3778"
                         HEIGHT="184"
                         WIDTH="2327"
                         VPOS="3712"
                         HPOS="948">
                  <String ID="string_region_1644473697145_1125l39"
                          HEIGHT="184"
                          WIDTH="2327"
                          VPOS="3712"
                          HPOS="948"
                          CONTENT="eene bae, met 120 giotijken, opgepackt in N. 10 monterende"/>
               </TextLine>
               <TextLine ID="region_1644473697145_1125l40"
                         BASELINE="948,3948 1063,3942 1178,3935 1293,3930 1409,3926 1524,3922 1639,3920 1755,3916 1870,3914 1985,3912 2101,3910 2216,3908 2331,3906 2446,3904 2562,3900 2677,3896 2792,3894 2908,3889 3023,3884 3138,3878 3254,3870"
                         HEIGHT="218"
                         WIDTH="2341"
                         VPOS="3790"
                         HPOS="929">
                  <String ID="string_region_1644473697145_1125l40"
                          HEIGHT="218"
                          WIDTH="2341"
                          VPOS="3790"
                          HPOS="929"
                          CONTENT="ƒ 1194:14½ voorders reforrere mij aen den selven, sedet de"/>
               </TextLine>
               <TextLine ID="region_1644473697145_1125l41"
                         BASELINE="958,4052 1072,4044 1186,4037 1301,4030 1415,4025 1530,4020 1644,4016 1758,4014 1873,4010 1987,4008 2102,4006 2216,4002 2330,4000 2445,3996 2559,3994 2674,3990 2788,3986 2902,3981 3017,3975 3131,3970 3246,3962"
                         HEIGHT="207"
                         WIDTH="2321"
                         VPOS="3893"
                         HPOS="942">
                  <String ID="string_region_1644473697145_1125l41"
                          HEIGHT="207"
                          WIDTH="2321"
                          VPOS="3893"
                          HPOS="942"
                          CONTENT="niet gehadt eenige van ul messires te becomen sal soo die "/>
               </TextLine>
               <TextLine ID="region_1644473697145_1125l42"
                         BASELINE="944,4158 1055,4149 1166,4140 1277,4134 1388,4127 1499,4122 1610,4118 1721,4114 1832,4111 1943,4108 2055,4106 2166,4103 2277,4100 2388,4098 2499,4096 2610,4092 2721,4088 2832,4084 2943,4080 3054,4073 3166,4066"
                         HEIGHT="231"
                         WIDTH="2257"
                         VPOS="3988"
                         HPOS="924">
                  <String ID="string_region_1644473697145_1125l42"
                          HEIGHT="231"
                          WIDTH="2257"
                          VPOS="3988"
                          HPOS="924"
                          CONTENT="jaer opt eynde is, soo sal desen alleenelijck dienen tot"/>
               </TextLine>
               <TextLine ID="region_1644473697145_1125l43"
                         BASELINE="928,4276 1037,4265 1146,4254 1255,4244 1364,4238 1474,4230 1583,4225 1692,4220 1801,4216 1910,4214 2020,4210 2129,4208 2238,4206 2347,4202 2456,4200 2566,4196 2675,4192 2784,4187 2893,4181 3002,4174 3112,4166"
                         HEIGHT="230"
                         WIDTH="2218"
                         VPOS="4107"
                         HPOS="912">
                  <String ID="string_region_1644473697145_1125l43"
                          HEIGHT="230"
                          WIDTH="2218"
                          VPOS="4107"
                          HPOS="912"
                          CONTENT="gelijde van ul dck court, waer bij ul is comende"/>
               </TextLine>
               <TextLine ID="region_1644473697145_1125l44"
                         BASELINE="930,4386 1043,4374 1157,4365 1270,4356 1384,4348 1498,4342 1611,4337 1725,4333 1838,4330 1952,4326 2066,4323 2179,4320 2293,4318 2406,4315 2520,4311 2634,4306 2747,4302 2861,4297 2974,4290 3088,4282 3202,4272"
                         HEIGHT="245"
                         WIDTH="2305"
                         VPOS="4182"
                         HPOS="914">
                  <String ID="string_region_1644473697145_1125l44"
                          HEIGHT="245"
                          WIDTH="2305"
                          VPOS="4182"
                          HPOS="914"
                          CONTENT="p slot ƒ700:12:6 waer vooren ue op niee ick es"/>
               </TextLine>
               <TextLine ID="region_1644473697145_1125l45"
                         BASELINE="1238,4474 1337,4467 1436,4460 1535,4454 1635,4448 1734,4444 1833,4440 1933,4438 2032,4434 2131,4432 2231,4430 2330,4428 2429,4426 2528,4424 2628,4420 2727,4418 2826,4413 2926,4409 3025,4403 3124,4396 3224,4388"
                         HEIGHT="195"
                         WIDTH="2017"
                         VPOS="4303"
                         HPOS="1221">
                  <String ID="string_region_1644473697145_1125l45"
                          HEIGHT="195"
                          WIDTH="2017"
                          VPOS="4303"
                          HPOS="1221"
                          CONTENT="eert versoeckende de selve naer te fun  d'accoort"/>
               </TextLine>
            </TextBlock>
            <TextBlock ID="region_1644473701507_1128"
                       HEIGHT="4350"
                       WIDTH="2708"
                       VPOS="85"
                       HPOS="3299">
               <Shape>
                  <Polygon POINTS="3299,85 6007,85 6007,4435 3299,4435"/>
               </Shape>
               <TextLine ID="region_1644473701507_1128l1"
                         BASELINE="3528,276 3650,266 3773,255 3896,250 4019,243 4142,238 4264,235 4387,232 4510,232 4633,230 4756,230 4878,230 5001,230 5124,228 5247,228 5370,228 5492,226 5615,222 5738,219 5861,214 5984,208"
                         HEIGHT="154"
                         WIDTH="2487"
                         VPOS="162"
                         HPOS="3512">
                  <String ID="string_region_1644473701507_1128l1"
                          HEIGHT="154"
                          WIDTH="2487"
                          VPOS="162"
                          HPOS="3512"
                          CONTENT="bevindende benevins mij conform te notteren verhopende ue int "/>
               </TextLine>
               <TextLine ID="region_1644473701507_1128l2"
                         BASELINE="3510,382 3627,370 3744,359 3861,350 3979,342 4096,335 4213,330 4331,326 4448,322 4565,320 4683,318 4800,316 4917,314 5034,313 5152,312 5269,310 5386,310 5504,308 5621,306 5738,302 5856,300"
                         HEIGHT="165"
                         WIDTH="2379"
                         VPOS="235"
                         HPOS="3493">
                  <String ID="string_region_1644473701507_1128l2"
                          HEIGHT="165"
                          WIDTH="2379"
                          VPOS="235"
                          HPOS="3493"
                          CONTENT="aen staende Laers occasie dal hebben, om meerdere partijen te"/>
               </TextLine>
               <TextLine ID="region_1644473701507_1128l3"
                         BASELINE="3508,488 3628,472 3748,458 3868,446 3988,437 4109,428 4229,422 4349,416 4469,412 4589,408 4710,406 4830,404 4950,402 5070,402 5190,400 5311,398 5431,397 5551,396 5671,392 5791,390 5912,386"
                         HEIGHT="168"
                         WIDTH="2435"
                         VPOS="335"
                         HPOS="3491">
                  <String ID="string_region_1644473701507_1128l3"
                          HEIGHT="168"
                          WIDTH="2435"
                          VPOS="335"
                          HPOS="3491"
                          CONTENT="ordonneren, &amp; sijdt verschert mijn uyterste doen sal om ue in alles"/>
               </TextLine>
               <TextLine ID="region_1644473701507_1128l4"
                         BASELINE="3496,580 3618,566 3741,553 3863,542 3986,532 4109,524 4231,519 4354,512 4476,507 4599,503 4722,500 4844,496 4967,494 5089,492 5212,490 5335,489 5457,488 5580,486 5702,484 5825,483 5948,482"
                         HEIGHT="182"
                         WIDTH="2486"
                         VPOS="401"
                         HPOS="3477">
                  <String ID="string_region_1644473701507_1128l4"
                          HEIGHT="182"
                          WIDTH="2486"
                          VPOS="401"
                          HPOS="3477"
                          CONTENT="contentement te geven, de kinnes sijn seer opgeslagen &amp; nu is het"/>
               </TextLine>
               <TextLine ID="region_1644473701507_1128l5"
                         BASELINE="3512,686 3635,671 3759,656 3882,645 4006,634 4130,624 4253,617 4377,610 4500,605 4624,600 4748,596 4871,594 4995,590 5118,588 5242,586 5366,582 5489,580 5613,577 5736,573 5860,570 5984,564"
                         HEIGHT="244"
                         WIDTH="2505"
                         VPOS="486"
                         HPOS="3494">
                  <String ID="string_region_1644473701507_1128l5"
                          HEIGHT="244"
                          WIDTH="2505"
                          VPOS="486"
                          HPOS="3494"
                          CONTENT="den bestere tijdt om die op te coopen dog hebbe noch wijnige ingesoght"/>
               </TextLine>
               <TextLine ID="region_1644473701507_1128l6"
                         BASELINE="3508,796 3632,779 3756,765 3880,752 4004,739 4129,730 4253,723 4377,715 4501,710 4625,704 4750,700 4874,696 4998,694 5122,692 5246,690 5371,688 5495,686 5619,684 5743,682 5867,678 5992,676"
                         HEIGHT="250"
                         WIDTH="2518"
                         VPOS="593"
                         HPOS="3489">
                  <String ID="string_region_1644473701507_1128l6"
                          HEIGHT="250"
                          WIDTH="2518"
                          VPOS="593"
                          HPOS="3489"
                          CONTENT="omdat mijn soort soo niet voorde hant compt schter hebbe 2 get"/>
               </TextLine>
               <TextLine ID="region_1644473701507_1128l7"
                         BASELINE="3512,892 3632,879 3753,866 3874,855 3995,844 4116,836 4237,828 4358,822 4479,815 4600,810 4721,806 4841,802 4962,798 5083,796 5204,794 5325,792 5446,790 5567,790 5688,788 5809,788 5930,788"
                         HEIGHT="230"
                         WIDTH="2452"
                         VPOS="685"
                         HPOS="3493">
                  <String ID="string_region_1644473701507_1128l7"
                          HEIGHT="230"
                          WIDTH="2452"
                          VPOS="685"
                          HPOS="3493"
                          CONTENT="becomen van ¼ bradt die voor ue balen sal bewaren"/>
               </TextLine>
               <TextLine ID="region_1644473701507_1128l8"
                         BASELINE="3528,986 3617,975 3707,967 3797,959 3887,950 3977,944 4067,939 4157,933 4247,928 4337,924 4427,920 4516,916 4606,912 4696,910 4786,907 4876,904 4966,902 5056,898 5146,896 5236,892 5326,890"
                         HEIGHT="223"
                         WIDTH="1833"
                         VPOS="796"
                         HPOS="3510">
                  <String ID="string_region_1644473701507_1128l8"
                          HEIGHT="223"
                          WIDTH="1833"
                          VPOS="796"
                          HPOS="3510"
                          CONTENT="waer mede met ofies van dienst blijve"/>
               </TextLine>
               <TextLine ID="region_1644473701507_1128l9"
                         BASELINE="5196,1046 5229,1048 5263,1048 5297,1048 5331,1048 5365,1048 5398,1048 5432,1048 5466,1048 5500,1048 5534,1047 5567,1046 5601,1046 5635,1046 5669,1046 5702,1044 5736,1044 5770,1044 5804,1044 5838,1044 5872,1046"
                         HEIGHT="204"
                         WIDTH="710"
                         VPOS="908"
                         HPOS="5178">
                  <String ID="string_region_1644473701507_1128l9"
                          HEIGHT="204"
                          WIDTH="710"
                          VPOS="908"
                          HPOS="5178"
                          CONTENT="Adij 23 xber 1719"/>
               </TextLine>
               <TextLine ID="region_1644473701507_1128l10"
                         BASELINE="3402,1138 3456,1128 3510,1118 3564,1109 3618,1102 3672,1095 3726,1089 3780,1084 3834,1080 3888,1077 3942,1073 3996,1070 4050,1068 4104,1066 4158,1063 4212,1061 4266,1060 4320,1058 4374,1055 4428,1052 4482,1048"
                         HEIGHT="222"
                         WIDTH="1122"
                         VPOS="955"
                         HPOS="3377">
                  <String ID="string_region_1644473701507_1128l10"
                          HEIGHT="222"
                          WIDTH="1122"
                          VPOS="955"
                          HPOS="3377"
                          CONTENT="Brussel Steype rousseau"/>
               </TextLine>
               <TextLine ID="region_1644473701507_1128l11"
                         BASELINE="3498,1252 3621,1240 3744,1231 3867,1223 3990,1214 4113,1208 4236,1202 4359,1199 4482,1194 4605,1192 4728,1190 4851,1186 4974,1184 5097,1182 5220,1180 5343,1176 5466,1174 5589,1170 5712,1164 5835,1160 5958,1152"
                         HEIGHT="235"
                         WIDTH="2493"
                         VPOS="1062"
                         HPOS="3479">
                  <String ID="string_region_1644473701507_1128l11"
                          HEIGHT="235"
                          WIDTH="2493"
                          VPOS="1062"
                          HPOS="3479"
                          CONTENT="l'honneurs des cheres vres du 18 &amp; 21 courant avec la premiere"/>
               </TextLine>
               <TextLine ID="region_1644473701507_1128l12"
                         BASELINE="3516,1352 3633,1339 3751,1326 3869,1316 3987,1307 4105,1300 4223,1294 4341,1290 4459,1286 4577,1283 4695,1280 4812,1278 4930,1276 5048,1274 5166,1272 5284,1270 5402,1266 5520,1263 5638,1258 5756,1253 5874,1246"
                         HEIGHT="208"
                         WIDTH="2393"
                         VPOS="1161"
                         HPOS="3499">
                  <String ID="string_region_1644473701507_1128l12"
                          HEIGHT="208"
                          WIDTH="2393"
                          VPOS="1161"
                          HPOS="3499"
                          CONTENT="la lettre de  £100:- sur  clous  randen bergh, avec"/>
               </TextLine>
               <TextLine ID="region_1644473701507_1128l13"
                         BASELINE="3520,1454 3640,1441 3760,1431 3880,1422 4000,1413 4120,1406 4240,1400 4360,1396 4480,1390 4600,1386 4721,1384 4841,1380 4961,1377 5081,1374 5201,1372 5321,1370 5441,1368 5561,1364 5681,1362 5801,1358 5922,1354"
                         HEIGHT="171"
                         WIDTH="2436"
                         VPOS="1299"
                         HPOS="3503">
                  <String ID="string_region_1644473701507_1128l13"
                          HEIGHT="171"
                          WIDTH="2436"
                          VPOS="1299"
                          HPOS="3503"
                          CONTENT="acceptation de retourt  p la derniere vre grace me remette"/>
               </TextLine>
               <TextLine ID="region_1644473701507_1128l14"
                         BASELINE="3558,1550 3678,1548 3799,1546 3919,1546 4040,1544 4161,1543 4281,1542 4402,1540 4522,1540 4643,1538 4764,1536 4884,1533 5005,1530 5125,1526 5246,1522 5367,1516 5487,1511 5608,1504 5728,1496 5849,1486 5970,1476"
                         HEIGHT="193"
                         WIDTH="2446"
                         VPOS="1395"
                         HPOS="3540">
                  <String ID="string_region_1644473701507_1128l14"
                          HEIGHT="193"
                          WIDTH="2446"
                          VPOS="1395"
                          HPOS="3540"
                          CONTENT="ƒ2426:7:83 insemble ƒ 4443:0:8 payable chez monsr. "/>
               </TextLine>
               <TextLine ID="region_1644473701507_1128l15"
                         BASELINE="3568,1652 3599,1651 3631,1650 3663,1648 3695,1645 3727,1643 3759,1641 3791,1639 3823,1637 3855,1633 3887,1630 3918,1627 3950,1623 3982,1619 4014,1616 4046,1614 4078,1611 4110,1609 4142,1606 4174,1604 4206,1602"
                         HEIGHT="178"
                         WIDTH="681"
                         VPOS="1525"
                         HPOS="3546">
                  <String ID="string_region_1644473701507_1128l15"
                          HEIGHT="178"
                          WIDTH="681"
                          VPOS="1525"
                          HPOS="3546"
                          CONTENT="„ 1786:3:-"/>
               </TextLine>
               <TextLine ID="region_1644473701507_1128l16"
                         BASELINE="3484,1762 3606,1750 3729,1741 3851,1732 3974,1723 4097,1716 4219,1708 4342,1702 4464,1696 4587,1690 4710,1685 4832,1680 4955,1676 5077,1672 5200,1668 5323,1664 5445,1661 5568,1658 5690,1654 5813,1652 5936,1650"
                         HEIGHT="260"
                         WIDTH="2485"
                         VPOS="1550"
                         HPOS="3467">
                  <String ID="string_region_1644473701507_1128l16"
                          HEIGHT="260"
                          WIDTH="2485"
                          VPOS="1550"
                          HPOS="3467"
                          CONTENT="Jacomo de pret pour les quelles ie procurere le necessaire"/>
               </TextLine>
               <TextLine ID="region_1644473701507_1128l17"
                         BASELINE="3512,1860 3634,1848 3756,1838 3879,1830 4001,1822 4124,1814 4246,1808 4368,1803 4491,1799 4613,1794 4736,1790 4858,1788 4980,1784 5103,1780 5225,1776 5348,1772 5470,1768 5592,1762 5715,1758 5837,1751 5960,1742"
                         HEIGHT="226"
                         WIDTH="2482"
                         VPOS="1693"
                         HPOS="3494">
                  <String ID="string_region_1644473701507_1128l17"
                          HEIGHT="226"
                          WIDTH="2482"
                          VPOS="1693"
                          HPOS="3494"
                          CONTENT="je vous souhaite les coutes a tenir tres sautaire s&amp; suis"/>
               </TextLine>
               <TextLine ID="region_1644473701507_1128l18"
                         BASELINE="3532,1956 3563,1956 3595,1954 3627,1953 3659,1952 3691,1950 3723,1949 3755,1946 3787,1944 3819,1942 3851,1940 3882,1937 3914,1934 3946,1932 3978,1930 4010,1927 4042,1926 4074,1923 4106,1922 4138,1920 4170,1918"
                         HEIGHT="126"
                         WIDTH="669"
                         VPOS="1870"
                         HPOS="3515">
                  <String ID="string_region_1644473701507_1128l18"
                          HEIGHT="126"
                          WIDTH="669"
                          VPOS="1870"
                          HPOS="3515"
                          CONTENT="tres cincerement"/>
               </TextLine>
               <TextLine ID="region_1644473701507_1128l19"
                         BASELINE="5888,2008 5918,2005 5949,2003 5980,1996"
                         HEIGHT="100"
                         WIDTH="134"
                         VPOS="1928"
                         HPOS="5865">
                  <String ID="string_region_1644473701507_1128l19"
                          HEIGHT="100"
                          WIDTH="134"
                          VPOS="1928"
                          HPOS="5865"
                          CONTENT="3een"/>
               </TextLine>
               <TextLine ID="region_1644473701507_1128l20"
                         BASELINE="3436,2100 3461,2095 3487,2091 3513,2086 3539,2082 3564,2079 3590,2075 3616,2073 3642,2072 3668,2070 3693,2068 3719,2068 3745,2066 3771,2066 3797,2065 3822,2064 3848,2064 3874,2063 3900,2062 3926,2062"
                         HEIGHT="191"
                         WIDTH="530"
                         VPOS="1941"
                         HPOS="3412">
                  <String ID="string_region_1644473701507_1128l20"
                          HEIGHT="191"
                          WIDTH="530"
                          VPOS="1941"
                          HPOS="3412"
                          CONTENT="S G: Virgoe"/>
               </TextLine>
               <TextLine ID="region_1644473701507_1128l21"
                         BASELINE="3546,2182 3668,2174 3790,2165 3912,2160 4035,2152 4157,2147 4279,2142 4402,2138 4524,2132 4646,2128 4769,2124 4891,2120 5013,2116 5135,2112 5258,2108 5380,2104 5502,2099 5625,2093 5747,2088 5869,2082 5992,2074"
                         HEIGHT="253"
                         WIDTH="2479"
                         VPOS="1982"
                         HPOS="3529">
                  <String ID="string_region_1644473701507_1128l21"
                          HEIGHT="253"
                          WIDTH="2479"
                          VPOS="1982"
                          HPOS="3529"
                          CONTENT="naert voors become ul: lieve van 8 deser met wisselvoor   75:12:"/>
               </TextLine>
               <TextLine ID="region_1644473701507_1128l22"
                         BASELINE="3550,2280 3672,2271 3795,2262 3917,2255 4040,2248 4163,2242 4285,2235 4408,2230 4530,2224 4653,2220 4776,2214 4898,2210 5021,2205 5143,2200 5266,2196 5389,2190 5511,2186 5634,2181 5756,2175 5879,2170 6002,2162"
                         HEIGHT="187"
                         WIDTH="2484"
                         VPOS="2097"
                         HPOS="3532">
                  <String ID="string_region_1644473701507_1128l22"
                          HEIGHT="187"
                          WIDTH="2484"
                          VPOS="2097"
                          HPOS="3532"
                          CONTENT="ten latte sames prise waer vooren het noodig sal besergen &amp; u"/>
               </TextLine>
               <TextLine ID="region_1644473701507_1128l23"
                         BASELINE="3532,2392 3654,2380 3777,2369 3900,2359 4022,2351 4145,2343 4268,2336 4390,2328 4513,2322 4636,2318 4759,2311 4881,2306 5004,2300 5127,2294 5249,2288 5372,2282 5495,2275 5617,2267 5740,2259 5863,2249 5986,2238"
                         HEIGHT="250"
                         WIDTH="2489"
                         VPOS="2192"
                         HPOS="3510">
                  <String ID="string_region_1644473701507_1128l23"
                          HEIGHT="250"
                          WIDTH="2489"
                          VPOS="2192"
                          HPOS="3510"
                          CONTENT="ordre voor noch een pack tijken cito afwaghten mijn maser"/>
               </TextLine>
               <TextLine ID="region_1644473701507_1128l24"
                         BASELINE="3528,2500 3649,2485 3771,2474 3892,2463 4014,2453 4136,2446 4257,2438 4379,2432 4500,2426 4622,2422 4744,2416 4865,2412 4987,2406 5108,2401 5230,2395 5352,2388 5473,2380 5595,2371 5716,2361 5838,2350 5960,2336"
                         HEIGHT="277"
                         WIDTH="2467"
                         VPOS="2271"
                         HPOS="3509">
                  <String ID="string_region_1644473701507_1128l24"
                          HEIGHT="277"
                          WIDTH="2467"
                          VPOS="2271"
                          HPOS="3509"
                          CONTENT="heefter seer schoone gereedt princspael in 3 segels, tijdt"/>
               </TextLine>
               <TextLine ID="region_1644473701507_1128l25"
                         BASELINE="3536,2620 3656,2606 3777,2593 3898,2583 4019,2572 4140,2564 4260,2556 4381,2550 4502,2544 4623,2540 4744,2534 4864,2530 4985,2526 5106,2520 5227,2516 5348,2510 5468,2504 5589,2497 5710,2489 5831,2480 5952,2470"
                         HEIGHT="336"
                         WIDTH="2452"
                         VPOS="2355"
                         HPOS="3516">
                  <String ID="string_region_1644473701507_1128l25"
                          HEIGHT="336"
                          WIDTH="2452"
                          VPOS="2355"
                          HPOS="3516"
                          CONTENT="gevust &amp; sertroudt geene andere hebben sult als van den"/>
               </TextLine>
               <TextLine ID="region_1644473701507_1128l26"
                         BASELINE="3522,2732 3642,2720 3762,2710 3882,2699 4002,2690 4123,2682 4243,2674 4363,2666 4483,2659 4603,2654 4724,2647 4844,2642 4964,2636 5084,2630 5204,2624 5325,2618 5445,2612 5565,2604 5685,2597 5805,2589 5926,2580"
                         HEIGHT="263"
                         WIDTH="2442"
                         VPOS="2502"
                         HPOS="3504">
                  <String ID="string_region_1644473701507_1128l26"
                          HEIGHT="263"
                          WIDTH="2442"
                          VPOS="2502"
                          HPOS="3504"
                          CONTENT="maker daer ue de beste van geoordent hebt, ick hebbe"/>
               </TextLine>
               <TextLine ID="region_1644473701507_1128l27"
                         BASELINE="3536,2848 3649,2838 3762,2827 3875,2818 3988,2809 4102,2799 4215,2791 4328,2784 4441,2777 4554,2769 4668,2761 4781,2754 4894,2747 5007,2740 5120,2733 5234,2726 5347,2718 5460,2710 5573,2702 5686,2692 5800,2684"
                         HEIGHT="264"
                         WIDTH="2296"
                         VPOS="2641"
                         HPOS="3516">
                  <String ID="string_region_1644473701507_1128l27"
                          HEIGHT="264"
                          WIDTH="2296"
                          VPOS="2641"
                          HPOS="3516"
                          CONTENT="over 3 dagen ter plaette geweest, referrere mij aen"/>
               </TextLine>
               <TextLine ID="region_1644473701507_1128l28"
                         BASELINE="5142,2862 5173,2860 5204,2858 5236,2858 5267,2857 5299,2856 5330,2855 5361,2854 5393,2854 5424,2852 5456,2852 5487,2850 5518,2849 5550,2848 5581,2847 5613,2844 5644,2842 5675,2840 5707,2837 5738,2834 5770,2830"
                         HEIGHT="187"
                         WIDTH="666"
                         VPOS="2737"
                         HPOS="5123">
                  <String ID="string_region_1644473701507_1128l28"
                          HEIGHT="187"
                          WIDTH="666"
                          VPOS="2737"
                          HPOS="5123"
                          CONTENT="Ady 25 d 1729"/>
               </TextLine>
               <TextLine ID="region_1644473701507_1128l29"
                         BASELINE="3574,2958 3600,2956 3626,2953 3652,2952 3678,2948 3704,2946 3730,2944 3756,2942 3782,2939 3808,2937 3834,2934"
                         HEIGHT="173"
                         WIDTH="296"
                         VPOS="2821"
                         HPOS="3554">
                  <String ID="string_region_1644473701507_1128l29"
                          HEIGHT="173"
                          WIDTH="296"
                          VPOS="2821"
                          HPOS="3554"
                          CONTENT="voors"/>
               </TextLine>
               <TextLine ID="region_1644473701507_1128l30"
                         BASELINE="3424,3050 3456,3050 3488,3048 3520,3048 3552,3048 3585,3046 3617,3046 3649,3044 3681,3042 3713,3041 3746,3039 3778,3038 3810,3036 3842,3033 3874,3032 3907,3030 3939,3026 3971,3024 4003,3021 4035,3017 4068,3014"
                         HEIGHT="220"
                         WIDTH="683"
                         VPOS="2907"
                         HPOS="3402">
                  <String ID="string_region_1644473701507_1128l30"
                          HEIGHT="220"
                          WIDTH="683"
                          VPOS="2907"
                          HPOS="3402"
                          CONTENT="Caulen Gerard meuser"/>
               </TextLine>
               <TextLine ID="region_1644473701507_1128l31"
                         BASELINE="3544,3136 3665,3130 3787,3124 3909,3119 4031,3114 4153,3110 4274,3106 4396,3102 4518,3100 4640,3096 4762,3093 4883,3090 5005,3088 5127,3085 5249,3082 5371,3080 5492,3078 5614,3076 5736,3074 5858,3072 5980,3070"
                         HEIGHT="222"
                         WIDTH="2467"
                         VPOS="2972"
                         HPOS="3528">
                  <String ID="string_region_1644473701507_1128l31"
                          HEIGHT="222"
                          WIDTH="2467"
                          VPOS="2972"
                          HPOS="3528"
                          CONTENT="vinde mij verplight van over langh ul te bedancken, over de goetheydt de wel hebt"/>
               </TextLine>
               <TextLine ID="region_1644473701507_1128l32"
                         BASELINE="3550,3218 3668,3214 3787,3210 3905,3207 4024,3204 4142,3200 4261,3197 4379,3194 4498,3191 4616,3188 4735,3186 4853,3182 4972,3180 5090,3178 5209,3174 5327,3170 5446,3168 5564,3164 5683,3160 5801,3156 5920,3152"
                         HEIGHT="144"
                         WIDTH="2403"
                         VPOS="3110"
                         HPOS="3533">
                  <String ID="string_region_1644473701507_1128l32"
                          HEIGHT="144"
                          WIDTH="2403"
                          VPOS="3110"
                          HPOS="3533"
                          CONTENT="gelieven te hebben van mij de versoghte tecken tijde toe gesonden te hebben"/>
               </TextLine>
               <TextLine ID="region_1644473701507_1128l33"
                         BASELINE="3514,3310 3636,3306 3759,3302 3881,3297 4004,3293 4126,3288 4249,3286 4371,3282 4494,3279 4616,3276 4739,3274 4861,3271 4984,3268 5106,3266 5229,3263 5351,3260 5474,3258 5596,3256 5719,3254 5841,3250 5964,3248"
                         HEIGHT="185"
                         WIDTH="2482"
                         VPOS="3166"
                         HPOS="3498">
                  <String ID="string_region_1644473701507_1128l33"
                          HEIGHT="185"
                          WIDTH="2482"
                          VPOS="3166"
                          HPOS="3498"
                          CONTENT="s wenste de occasie te hebben va ue tot bevange dienst te connen doen, iets"/>
               </TextLine>
               <TextLine ID="region_1644473701507_1128l34"
                         BASELINE="3544,3398 3662,3392 3781,3388 3899,3384 4018,3380 4136,3377 4255,3374 4373,3370 4492,3368 4610,3366 4729,3362 4847,3360 4966,3358 5084,3356 5203,3354 5321,3352 5440,3350 5558,3348 5677,3346 5795,3344 5914,3342"
                         HEIGHT="119"
                         WIDTH="2401"
                         VPOS="3302"
                         HPOS="3529">
                  <String ID="string_region_1644473701507_1128l34"
                          HEIGHT="119"
                          WIDTH="2401"
                          VPOS="3302"
                          HPOS="3529"
                          CONTENT="voor vallende gelieve mij niet te sparen, sal mij altijet aen genaem tijn"/>
               </TextLine>
               <TextLine ID="region_1644473701507_1128l35"
                         BASELINE="3568,3482 3689,3478 3811,3475 3933,3472 4055,3469 4177,3466 4299,3464 4421,3460 4543,3458 4665,3456 4787,3454 4908,3450 5030,3448 5152,3446 5274,3444 5396,3442 5518,3440 5640,3438 5762,3434 5884,3432 6006,3430"
                         HEIGHT="144"
                         WIDTH="2471"
                         VPOS="3356"
                         HPOS="3550">
                  <String ID="string_region_1644473701507_1128l35"
                          HEIGHT="144"
                          WIDTH="2471"
                          VPOS="3356"
                          HPOS="3550"
                          CONTENT="voorders soo come met desen ul versoecken, ven mij te laten weeten, oft ue: etra"/>
               </TextLine>
               <TextLine ID="region_1644473701507_1128l36"
                         BASELINE="3576,3572 3697,3567 3818,3563 3939,3560 4060,3556 4181,3554 4302,3550 4423,3548 4544,3546 4665,3544 4787,3542 4908,3540 5029,3538 5150,3534 5271,3532 5392,3530 5513,3526 5634,3524 5755,3520 5876,3516 5998,3512"
                         HEIGHT="190"
                         WIDTH="2456"
                         VPOS="3444"
                         HPOS="3560">
                  <String ID="string_region_1644473701507_1128l36"
                          HEIGHT="190"
                          WIDTH="2456"
                          VPOS="3444"
                          HPOS="3560"
                          CONTENT="puyck moetel wijn bij heeft ick benevens mijne vrinden souden une provisie"/>
               </TextLine>
               <TextLine ID="region_1644473701507_1128l37"
                         BASELINE="3564,3664 3677,3659 3791,3654 3905,3650 4019,3647 4133,3644 4247,3642 4361,3639 4475,3637 4589,3635 4703,3633 4816,3632 4930,3630 5044,3627 5158,3624 5272,3622 5386,3619 5500,3616 5614,3612 5728,3606 5842,3600"
                         HEIGHT="187"
                         WIDTH="2310"
                         VPOS="3530"
                         HPOS="3547">
                  <String ID="string_region_1644473701507_1128l37"
                          HEIGHT="187"
                          WIDTH="2310"
                          VPOS="3530"
                          HPOS="3547"
                          CONTENT="vraghen maer het soude van den alderbesten moeten lijck die eo dit jaer"/>
               </TextLine>
               <TextLine ID="region_1644473701507_1128l38"
                         BASELINE="3562,3756 3684,3749 3806,3743 3928,3738 4050,3734 4173,3731 4295,3728 4417,3726 4539,3724 4661,3722 4784,3721 4906,3720 5028,3718 5150,3716 5272,3714 5395,3712 5517,3708 5639,3704 5761,3698 5883,3692 6006,3684"
                         HEIGHT="192"
                         WIDTH="2476"
                         VPOS="3619"
                         HPOS="3547">
                  <String ID="string_region_1644473701507_1128l38"
                          HEIGHT="192"
                          WIDTH="2476"
                          VPOS="3619"
                          HPOS="3547"
                          CONTENT="gewassen is, oft die der te vinden was van den cattepis gelijckk men die"/>
               </TextLine>
               <TextLine ID="region_1644473701507_1128l39"
                         BASELINE="3516,3862 3639,3852 3763,3844 3886,3837 4010,3832 4133,3827 4257,3824 4380,3820 4504,3818 4627,3816 4751,3816 4874,3814 4998,3814 5121,3812 5245,3810 5368,3808 5492,3806 5615,3802 5739,3799 5862,3792 5986,3786"
                         HEIGHT="137"
                         WIDTH="2500"
                         VPOS="3736"
                         HPOS="3500">
                  <String ID="string_region_1644473701507_1128l39"
                          HEIGHT="137"
                          WIDTH="2500"
                          VPOS="3736"
                          HPOS="3500"
                          CONTENT="noipt daer sijn hier heeren tot hun maeschap tot ceule hebbe  beroemen"/>
               </TextLine>
               <TextLine ID="region_1644473701507_1128l40"
                         BASELINE="3548,3948 3669,3940 3791,3934 3912,3928 4034,3924 4155,3920 4277,3916 4398,3914 4520,3912 4641,3910 4763,3908 4884,3906 5006,3904 5127,3902 5249,3901 5370,3899 5492,3896 5613,3894 5735,3890 5856,3888 5978,3882"
                         HEIGHT="165"
                         WIDTH="2464"
                         VPOS="3797"
                         HPOS="3530">
                  <String ID="string_region_1644473701507_1128l40"
                          HEIGHT="165"
                          WIDTH="2464"
                          VPOS="3797"
                          HPOS="3530"
                          CONTENT="lij van den besten te sullen becomen die et h costij te vinden sal sij  ick"/>
               </TextLine>
               <TextLine ID="region_1644473701507_1128l41"
                         BASELINE="3574,4040 3694,4035 3815,4030 3936,4026 4057,4022 4178,4017 4298,4014 4419,4010 4540,4007 4661,4004 4782,4001 4902,3998 5023,3996 5144,3992 5265,3989 5386,3986 5506,3984 5627,3980 5748,3978 5869,3974 5990,3970"
                         HEIGHT="169"
                         WIDTH="2448"
                         VPOS="3926"
                         HPOS="3557">
                  <String ID="string_region_1644473701507_1128l41"
                          HEIGHT="169"
                          WIDTH="2448"
                          VPOS="3926"
                          HPOS="3557"
                          CONTENT="benevens mijne voors hebben eene weddinge gedaen, om den betten te hebbe"/>
               </TextLine>
               <TextLine ID="region_1644473701507_1128l42"
                         BASELINE="3576,4128 3695,4126 3815,4123 3935,4120 4055,4118 4175,4116 4295,4112 4415,4109 4535,4105 4655,4102 4775,4098 4894,4094 5014,4090 5134,4087 5254,4082 5374,4078 5494,4074 5614,4070 5734,4066 5854,4062 5974,4058"
                         HEIGHT="190"
                         WIDTH="2430"
                         VPOS="3976"
                         HPOS="3560">
                  <String ID="string_region_1644473701507_1128l42"
                          HEIGHT="190"
                          WIDTH="2430"
                          VPOS="3976"
                          HPOS="3560"
                          CONTENT="mij vertrouwende, verwits het ul: negotie ls dat de weddinge winnen"/>
               </TextLine>
               <TextLine ID="region_1644473701507_1128l43"
                         BASELINE="3576,4212 3695,4211 3814,4210 3933,4208 4052,4206 4172,4203 4291,4202 4410,4198 4529,4196 4648,4194 4768,4190 4887,4188 5006,4184 5125,4182 5244,4178 5364,4175 5483,4172 5602,4167 5721,4164 5840,4160 5960,4156"
                         HEIGHT="157"
                         WIDTH="2418"
                         VPOS="4070"
                         HPOS="3558">
                  <String ID="string_region_1644473701507_1128l43"
                          HEIGHT="157"
                          WIDTH="2418"
                          VPOS="4070"
                          HPOS="3558"
                          CONTENT="sal, daeron het waer beter dat genen sonde als dat de weddinge soude"/>
               </TextLine>
               <TextLine ID="region_1644473701507_1128l44"
                         BASELINE="3572,4310 3693,4306 3814,4302 3935,4299 4056,4296 4178,4293 4299,4290 4420,4286 4541,4284 4662,4282 4784,4278 4905,4275 5026,4272 5147,4269 5268,4266 5390,4262 5511,4260 5632,4256 5753,4252 5874,4248 5996,4244"
                         HEIGHT="178"
                         WIDTH="2455"
                         VPOS="4167"
                         HPOS="3556">
                  <String ID="string_region_1644473701507_1128l44"
                          HEIGHT="178"
                          WIDTH="2455"
                          VPOS="4167"
                          HPOS="3556"
                          CONTENT="moetn voldoen, &amp; wel schande tee hadde recomanderende dan my reght uyt"/>
               </TextLine>
               <TextLine ID="region_1644473701507_1128l45"
                         BASELINE="3576,4416 3695,4409 3814,4402 3933,4398 4052,4393 4172,4388 4291,4384 4410,4380 4529,4376 4648,4373 4768,4370 4887,4366 5006,4362 5125,4359 5244,4355 5364,4351 5483,4348 5602,4344 5721,4338 5840,4334 5960,4328"
                         HEIGHT="196"
                         WIDTH="2418"
                         VPOS="4263"
                         HPOS="3558">
                  <String ID="string_region_1644473701507_1128l45"
                          HEIGHT="196"
                          WIDTH="2418"
                          VPOS="4263"
                          HPOS="3558"
                          CONTENT="te scrijven, ue opiniel sal tot antwoordt de quant it ijdt noteral waer"/>
               </TextLine>
            </TextBlock>
         </PrintSpace>
      </Page>
   </Layout>
</alto>
