8372 4692
1038 244 2317 108 als bij mede gaende facture waer vooren naer wel bevinden, mij gelieve

1025 331 2306 127 te crediteren, ditto schoppe as op 23 deser vertrocken, soo dat niet twijfele

1008 423 1393 154 oft sal voor nu a cottij gearriveert sijn.

1017 528 2315 127 ue gelieft mij te ordonneren op ue te trecken dat echter niet gedaen

1025 579 2306 177 hebbe om reden dat het aen ul profijtelijcker is te remitteren & dat

1026 666 2290 209 maert ue avantagie soeghe derhalven sal ue remises afwrghten

998 787 2343 181 te meer om dat ue occasie genoech heeft in ue ey gene brieven

1028 874 2318 190 te remitteren iets voorder van ue dienst gelieve te comanderen

1028 970 1569 194 die naer seer vrindelycke groetenisse blijve

2820 999 541 217 Adij 19 Juny 171

863 1101 1093 176 amsterdam francisio rousseau

1080 1219 523 173 Mijn neer

1061 1283 2221 226 op 16 deser as aen ue mijnen laesten

1060 1435 2262 166 waer bij adviseerde dat op ue getrocken

1053 1562 2265 141 hadde £ 41:0:6 dt banco pl faiyeeer van

1064 1625 2258 151 d' heer John frjer voordere referere mij

1062 1736 2237 172 aen den selven ditto keer heeft mij

1065 1817 2180 199 een coffer met bagagie ter chant

1052 1953 2322 149 gestelt com langhs sootende op londen te

1045 2025 2309 162 tersenden en hij heeft mij geseiydt dat

1056 2144 2302 195 het alles gedraegen goedt a de comesen

1068 2249 2240 170 hebben het cleffer tot brughe geopent

2682 2359 189 114 sedt

1064 2370 2215 182 en bevinden esatter Zeelin Bas

1074 2481 2261 207 noyt gedraegen soo dat sij dat hebben

1080 2611 2271 204 aengehouden en 2 willen hebben dat de

1085 2705 2243 195 abaerde gedeclareert gordr om de

1076 2850 2252 167 rechten jaer van te ontfangen en

1086 2965 2237 160 dermits mij dat onbekent is soo neme

1073 3057 2287 222 de sibertheijt heer ingesloten een brief

1079 3192 2271 203 aen ditto heer te benden die versoecke

1087 3348 2266 165 op het spoedighste hem te behandighen

1105 3424 2200 164 en hemps dese saecke issel te seennen

1090 3566 2169 185 geven dat hij de geseirde an de

1093 3670 2259 205 goederen moet de clareren Bermits soo

1095 3794 2228 194 Puponere daer wat, on kundigh m

1106 3907 2246 188 dal sijn hope noch a Coosty Jsijn sal

1124 4008 2113 181 anders sonde niet lleten lllot doen

1096 4144 2268 192 excuseert dat ue hier mede gimportunere

1119 4237 2071 199 en waer in ue eenigen aengenaemen

1112 4345 2253 134 dienst can doen geleeve te commandere d

1118 4432 1551 103 met de eyt terste affectie blijve

4861 206 1136 159 Antwerpen den 19 Juny 1721

3379 242 1644 154 brugge d' heer laurence van Rentergen

3588 353 499 196 Mijn heer

3557 438 2398 165 ue aengenaemen van gisteren wel ontfangen

3559 592 2420 159 daer bij met groote sisnoeginge bienst af de

3562 700 2457 155 comigen het koffer aengehouden hebben en pat

3578 768 2419 157 sij pretenderents de rechten van de weerde

3573 877 2260 176 sijnde een onredelijcke saecke dat noyt

3566 1003 2419 128 gepractiseert is is deker dat meert salle door

3568 1046 2352 227 heer frijer boone van den fors frijer is

3566 1170 2405 199 gedraegens geweert & al waer het niet t is

3561 1282 2299 196 opgemaeckt goedt dat in rechten niets

3562 1384 2379 193 betaelt bene seer gevoeligh dat het coffer

3565 1509 2450 142 sonder pasport aorsj aengecomen as dat

3581 1645 2448 142 moet tot tgendt sijn Blijvens leggen hier ingeloten

3540 1750 2488 136 een duplicaet wagbij de comse conne sien dat het ofter hot op bogge

3539 1825 2466 141 veilaert is geweest op 16 deser oock sende de notitie van den ichowdt

3553 1905 2447 140 wae bij wel te beniersien is, dat het geen coopmanschappen sijn & maer

3553 2014 2333 130 alleenelijck tot gebruyck van een passagie daer men niets voor

3545 2087 2435 174 betalen moet den vrindt is naer holcant op 13 deser vertrocken soo

3518 2190 2503 136 dat ick ue gen weirde noteren can heeft mij den in heudt p menoie

3554 2308 2466 146 gegeven goedt het cofter tegelen & goede sorge voor dragen, datter wt

3551 2379 2342 150 gemist wort, & als de comisen reden gebruyken, sullen dat soude

3490 2467 2457 148 eenigh terenstandt  volgen te meer als bij bij dingeslotene

3549 2562 2416 173 pespoet sulla sien, dat ue hier op behoorelijke forme dveelaert is

3544 2593 2491 208 bagugie betaelt nints dat ue wel bestent is & soo de comisen eenige

3552 2794 2432 96 dfliaultijte massen sal aen den hord naer londen selve tnije

3563 2880 2442 116 doedt het coffer in goede bewarenisse, al soude us: dat op borghtoghte

3555 2955 2463 145 onder ick laten berusten, oft wel voorts te senden, daer lijsckolijckx

3551 3058 2454 116 niets te gen hebben vermits boven dien, den inventans aen men

3547 3153 2469 120 hant te hant stellen & daer nae sal men sien watter van cma

3559 3239 2457 146 sal doet het coffer tegelen bij faute van refus door in & ue tegel

3569 3354 2407 146 want het soude mij van grost aengelegentijt sijn datter iets

3559 3426 2438 121 het minste van gemist oft bedornen ware, synde ditto lordinier

3543 3557 2450 146 van groote aensien, & vermogen in sonden tot ulsnaeright & laet

3566 3658 2454 87 ne wooryen weeten hoe de sake gelegen is on over morgen naer

3554 3727 2447 131 londen het den lord te comn mijv ue missive met groote

3563 3822 2414 136 dimpatientie te gemoet siende blijve naer s vridelijke

3557 3924 543 149 groeteniesse
