8365 4754
1013 301 2336 124 geinercks. F..B. met een adres briefie sijnde seer wel geconditioneert

1011 415 2314 109 naer soo danigen ontfangh gelieve voor de vraght niets te betalen

1001 460 2342 112 alsoo die hier voldaen is maer de ordres van voors  cannoij daer

999 571 2289 107 mede te volgen op het spoedighste vermits mij geschreven wordt

969 644 2387 159 dat dit stuck stoffe voor mevrouw de princisse dij sengheen is & dat

1011 726 2273 138 die dane daer naer waght om naer parys te versrecken waer

1020 825 1198 148 mede d'eere hebbe van te sijn

848 913 763 152 Tuinhout de wed. cobert

2647 898 663 145 Adij 23 sbre 1722

1003 979 2299 163 u: seer aeng. van 19 deser wel ontfanghen daer bij is het recke door

976 1103 2333 141 eerick wouters mij ter selves sijde over gelevert dat ten uytersten wel is

1007 1213 2367 129 & blijve ul ten hooghsten verplight voor de genomene sorge daer ontrent iet

1004 1308 2339 124 sal aen ue oft aen ul soone die het eerste over cont het verschet

1016 1393 2389 162 ten dancke restitueren met de 2 die ue gegeven heeft voor den gabten

1003 1473 2409 173 brief van het kint dat tot turnhout geboren is de chapen hebben aluys

1012 1587 2197 163 gehadt dat het sint doodt was hebbe over een dagh oft drij mijn

1004 1717 2389 111 kerck geing gedaen & aenstonts gaen examineren naer dat huit & hebbe

1014 1785 2397 128 t'selve bevonden gesondt & wel te passe deshalven sal het naer de julee

1026 1885 2317 147 toeonmende weeke naer turnhout senden met de noodige bescheyden &

1034 1976 1370 139 waer mede naer seer vrinde groet blijve

829 2028 964 177 Tunhout Eondeus. Samen

2605 2034 660 193 Adij 30 sber 1724

1032 2169 2352 157 De assignatie van duysent nier guldens & thien st: wissel gelde voor de

1025 2290 2402 105 partye tijten op 20 & 29 sber gesonden hebbe aen ul: sulter bewesen te ontfangen

1029 2392 2308 122 soo dat wj van alles samen geeffent sijn tot heden nu hebbe een brief

1011 2499 2409 92 ontfanghen met ordre voor 100p5: alles smalle strepen & seght ingevalle

1016 2546 2409 149 de 3 segels soo sleght sullen sijn als onder de 140 ps. van 29 Junij & de 1oops

1023 2633 2419 167 van 28 meij dat hij die voor mijne reke soude laeten leggen dat tuwen

1029 2761 2411 146 laste soude comen dama moght wel letten van beetere te senden

1027 2866 2172 139 om geene rusie oft schaede te lijden sent dese op ue gemack

1035 2929 1723 180 om de beste te hebben, & in afwaghtinge blijve

1053 3039 554 116 10 ¼ groot loot

1049 3122 453 131 20 ¾ 3 segels

1049 3220 510 105 10¼ groot loot

1044 3296 422 113 30 ¾ 8 segels

1041 3339 2355 177 100 ps. alle smalle strepen dit is de lette reyle dat tot den oudeu

1034 3486 2402 147 preijs magh comen can de £ 3 segels beter coop hebben & geloove noch

1045 3592 2380 107 voordere ordre sal becomen voor 2 balen maer moeten tot minders

1050 3663 2374 133 prijs sijn, ick ben nu godt danck op de been gerackt sal het kint

1036 3757 2244 146 nmet ten eersten naer turnhoudt aen de arm meesters senden

880 3865 1003 139 Amst dHr franccisco Rousseau

2705 3867 566 134 Adij 2 gber 1724

1060 3911 2283 176 bevinde my vereert met ue aenge van 17 aug: lest waer bij u gelieft

1049 4055 2156 124 te noteeren als dat mijne rek gecrediteert hebt voor ƒ50:- hollants

1042 4114 2317 127 pourt voor den verschenen intrest van de ƒ5000:- dat in conferamtijdt genotert

1042 4167 2334 143 hebbe s aekerboon heeft mij hier sijnde geseijds als dat haeckman ten

1053 4269 2330 110 vollen soude betaelt hebben & oft het niet en ware als dat ue van

1056 4332 2251 146 hem het restant soude ontfanghen & dat hij niet preten derden dat

1059 4428 1834 158 ick iets van den vercoop van ousen thee soude missen

3563 264 2505 148 soo twijfele niet oft ul: sal mij ten vollen gecrediteert hebben de wissel begint

3561 337 2422 126 wat savorabelder te worden, & soude gerne mijn advance op ul trecken. &onse

3556 409 2519 144 ret ter selver tijdt sluyten warom versoecke een extraet van onserek cour om

3563 502 2499 159 het slot iust te connen trecken dit van ue afwaghtende blijve naer seer

3573 614 565 155 minsaeme groet

5318 619 627 178 Adij 7 gbre 1721

3448 688 1081 155 Lille mons: de Lannoy de la Haiere

3595 777 2490 116 J'ay reccu En son temp. l'honneur de la vre du 14me passé avec avis que vous avia

3572 865 2513 151 tirez sur moy doize cent florins de change a veu p caisse a l'ordre de therdore goddiay

3579 944 2478 175 les quelles j'ay paye a la presentation & vous en est debité, j'ay envoye le 15 sbre

3572 1060 2398 156 passé la piece d'estosse en or a mons: le pamus a courtray ne doutant point

3564 1129 2472 180 quelle vous at este rendue en son temp j'ay paye pour le tol & voiture d'icy

3580 1257 2484 139 jusqua courtray, quatre Llorons & quatre pattars de change don il vous plaira

3564 1292 2512 183 m'en crediter, mons. sanson a eu la bonté de m'envoyer les talippes de bruxelle

3588 1417 2491 154 & ie les ay receu bien conditione vous estant intinement oblige pour le bon soing

3565 1515 2427 101 a cet egard ie vous ay credité pour cincq plorins dore pas que vous avez

3589 1585 2427 167 payé pour les predittes sulippes estant le suject de cette & j'ay l'honneur

3538 1666 795 163 d'estre tres parjaite

5339 1699 653 180 Adij 12 gber 1724

3498 1760 547 186 doeh wed. le page

3579 1859 1863 190 geschreven om het restant lant pacht ve banis 1722

5198 1927 749 209 Adij 25 gbre 1721

3472 1984 1111 188 Brugge Lautence van Hontorgen

3570 2103 2528 127 beyde ul aen g. van 12 & 13 passt op hun tijde wel ontfanghen die by faut

3594 2170 2439 160 van materie tot nu toe onbeantwordt sijn gelleven midtelertijdt hebbe

3601 2244 2356 198 u gecrediteert voor d' oncosten op het pack N.A7 monterende in

3594 2408 2504 142 court. gelt £4:9-1½ is in wisselgelse £3- 16:5 ot ƒ 22-18:6 en dat co

3492 2459 2558 165 nfoingelietne te noteren desen principalijck oim ue t'adviseren als dat voor

3566 2533 2514 163 gistelen morgent p wagens adroiture ue toe gesonden hebbe een packk

3586 2684 2509 119 tijken N.AP. inhoudende coopt tijsen dat vervolgens gelieve te verclaven

3593 2737 2503 133 & p eerste vertreckende schip op london te versenden alsoo mijn vrindt

3550 2840 2543 125 d'Hr. iohn tatnall daer sterck bij verlegen is aen wien het selve gelieve

3585 2909 2500 199 t'addresseren & aen mij d'oncost ick te senden waer mede naer seer

3595 3051 837 135 vrind groet. blijve

5409 3056 595 188 Adij 28 gbre 1721

3464 3110 838 180 bruxelles Stephano Rousseau

3597 3217 2512 205 se ne me suis pas donné l'honneur de vous seriere depuis quelque tomps faute

3573 3345 2448 149 d'occasion je n'espere pas que vre anitie suisere deminnnera pour cela soyez

3604 3423 2494 116 persuade mons: que vous me trouveray toulours prest a vous rendre service en tous

3597 3507 2424 153 occasions esperant que vous auraj la meime bonté sur quoy ie piend la

3599 3588 2475 158 liberte de vous envoyer ciy joint quatre quitances a la charge de la ville

3600 3673 2435 162 de bruxelles vous priant de procurer le payement & me donner une petit

3623 3762 2418 147 mot d'avis de la reception de cette a celuy qui a l'honneur d'estre tres

3632 3864 299 129 parfaitt

3611 3934 992 180 une quitance de  ƒ98:-

3635 4033 317 123 uire ditto

4417 4070 219 86 53:10

3641 4134 305 87 une ditto

4383 4127 320 115 „46:15 ½

4388 4204 241 111 128:-

3639 4201 315 114 une ditto

4064 4296 1649 169 Courant ƒ211:5½ en argeant de change ƒ 192:4:9
