8378 4713
942 1791 2348 226 now all men by these prsents that  of Antwere

952 1912 2323 201 brabant mercht de mace constinite and appoint d'thonin

944 2031 2215 206 dawen of London Kinyit mij Lanfull atforney for me

923 2124 2305 150 & my name and on mi behalf to demand and recters rom

2928 2262 307 94 England

908 2219 2321 206 re Cathier of the Pathier of the south sea Cospany all such

873 2327 2073 174 ovidens or interest noneys payael

898 2483 2216 162 r shall att anu time hereaffer become due to nie opall

855 2534 2258 205 stock and ant stock of Jouth len annuitijs toch t now

840 2634 2389 233 have and to give the necessary receipts acquittences and discharge

836 2748 2153 194 for all the said r u intareste dividents and presuiuins

826 2879 2371 148 ranfing and contirming all the said Sr. Thomas Seaveen shall

822 2968 2304 197 do by virie of this present act n wtnes where of tharl

831 3071 2327 170 here unto setmy hand and seal at Antwerp th  day of

834 3154 2237 140 Egidius van  deember ope thousand leven hunderes

817 3225 506 89 ahobut Elin

1517 3246 1330 151 autre and twintie new sull -

826 3277 563 98 5arrevoets not

3097 3279 70 147 ti
