8372 4699
3547 207 2443 150 van dheer John tatuall, dat int eerste vertreckende schip gelieve te laden

3543 320 2465 132 doncott ick met cognossement toe te senden, aen die naer vrindelyke

3548 384 579 169 groetenisse blijve

3525 398 2460 228 Pliden vrint van costij heeft a mad: broeckmans noch niet gescreven

3553 537 1476 168 versoeckt hem noch eens te vermanen

5301 582 668 166 Adij 31 may 1221

3424 617 1123 204 London John Schoppens & Edwards

3553 698 2441 186 op 28 deser was aen ul: mijnen laetten, waer aen mij gedrage giten

3555 829 2346 148 become ue mij seer aengename van 12 court:0.3 met noteie

3559 923 2444 133 van incoop van £500:- banck actie tot 128 te bedragende niet

3544 1031 2468 138 matielaerdij e & provisie p £644:- waer vooren e  is geoediteert

3544 1141 2466 159 &ben ue bedanckende voor het waernemen van mijn intrest ul hade

3544 1213 2364 125 oock op mij getrocken £400:- in differente brieven waer aen

3537 1326 2487 133 alle eere sal bewijsen als mede aen het restant dat ul: noch trecke

3534 1394 2481 195 sal, ingesloten de noodige procuratie om die £500: banck actie

3555 1500 2422 153 op mijn naem te laten stellen conform aen ult gesonden project

3543 1618 2472 137 & het sal mij aengenaem wesen, den notaris thos puckk te gebruyssn

3543 1708 2378 134 tot het opstellen van de notariale certificatie als voorgaende

3545 1777 2339 192 & versoecke de selve mij te laten toecomen gelieve mij mede te

3540 1878 2413 150 noteven, wanier de intresten van de banck & oostindische comp.

3553 1987 2351 156 actien comen te vervallen ontrent wat tijdt betaelt worden, ue

3554 2083 957 159 van herten groetende blijve

5321 2088 409 163 Adij d:

3516 2189 659 175 ndon george virgoe

3545 2236 2417 174 ue mij seer aengename van 15 deser 8. 3. wel ontfanghen daer

3552 2348 2423 163 benevens remise voor s £100:- op us a 35:2 tot latte dheer

3544 2488 2472 134 abraham cochuyt tot gent in antwepen te betalen welste om

3554 2534 2471 188 acceptatie hebbe versonden, & sal ten tijde het noodigh daer voren

3556 2641 2482 182 besorgen. sien met groete verwonderinge een persoon ue gescreven

3544 2759 2423 141 heeft dat de negotie quitteerde hebbe geen gedachten gehadt sulx

3556 2869 2434 134 te doen, het moet mijn gewese comptoir gast gerardus van wangen

3553 2924 2423 194 sijn die ue sulx geadviseert heeft om ue comissien te becomen

3557 3034 2457 160 den it van hem eenen sleghten acht & sleghte vecompense hy, sijnde

3546 3172 2442 138 van geringe honders is bij mij voor 6 jaren besteedt geweest, om

3571 3236 2450 174 mijn comptoir dagelijcx te frequenteren, & mij te dienen, & omdat

3564 3354 2385 190 jough man tjnde alleen ontrent 2 jaren tot geselsel ap in mijn huys

3547 3429 2431 202 genomen hebbe, & hem bequaem gemaeckt tot het boeckhouden, dat

3562 3559 2453 183 present bij deen & dander excrceert & vermits mij tot den heuwelijk en

3559 3637 2490 187 ftaedt resolveerde hebbe hem geqvitteert, sijnde over 3 maenden getrouwt

3570 3736 2459 177 met mejousf: anne maria josepha de lannoy dochtere van d heer jacqus

3565 3829 2478 152 de lannoy, heere van swijndrecht capelle pe niet soude mij aendenam

3569 3948 2460 159 sijn als d'een te mogen hebben ul te bedinen, & sal ue ordre voor

3579 4078 2435 143 een sortement tijten afwaghten & mijn tijck maker gelooft mij sijn

3579 4156 2352 152 woordt a 4 p rabat te presteren voor eenen keer, alhoe wel

3559 4252 2435 170 seght de garens opgeslagen sijn, tot ul gouverno mijn beminde

3578 4323 2475 162 versacht hat compliment hier te gelieven t accepteren, & tmijne daer bij volgende

4089 4447 1070 77 blijve nar 17resentatie van dienss
