8419 4719
1025 281 2263 192 soo sendt dan sonder uytstel de 80 ps soo gelijck met mijnen voorighen

1039 418 2322 151 ul: genoteert hebbe & sal die tegens donderdagh toecomende verwaghten

1027 517 2359 173 verneme oock dat ul het sijn geren niet sult laten suyden ofte weven

1037 606 2184 207 voor al eer m hier sal sije geweest het geoden garen dat

1002 743 2254 199 hier noch hebbe weeght 2¾ kont het soude mij aengenaem sijn

986 838 2322 227 dat ul op donderdagh met de lijken over oonde socken om dat inde

1031 989 2105 188 naeste weeke met mijn lheffte wel een tout naer brussel

1026 1084 2146 189 seriecke te doen ue dan verwaghtende met de sjken blijve

1975 1195 595 120 naer groetenisse

843 1171 972 235 Mons charre albert Laugie

2426 1233 866 177 Adij 25 Janvier 1723

1035 1349 2300 164 le 16m d'avril de lanne 1722 passé ie vous ay envoyez p le messagier

1026 1431 2370 202 Jonard le quatre perpet que vous m'aviez mandé p la vre du 14 d'avril

1017 1542 2338 200 ditto & En meme temps vous m'aviez marque de le payer six mois apres

1046 1661 2330 179 ou au plus tard sept mois estant ce serve loin sems passé ce pour quoy

1038 1760 2323 225 ie viend p cette vous renouveller la memoire vous priant de m'envoyer

1039 1892 2296 215 cette argent portant ƒ192:- de change et ou ie vous puis rendre service

1036 2010 2092 196 comande librement ie suis pourvrue d'une belle partij de perpet.

1053 2150 1778 182 a vre service ie vous salue & suis tres cincerement

910 2171 2135 250 Lu marge Jugers Daffelierelle Ady 27 Janui 1723

1040 2379 2224 119 ck miseve van 25 deser door den voerman van de wouleere wel

1042 2475 2319 168 ontfanghen oock den sack niet selensestigh pouden vlaems wissel gelde

1038 2553 2266 166 die en sijne presentie sier geselt hebbe fses oorden daer inne te veel

1052 2671 2100 187 bevonden die hij ul: reslutueren sal & hebbe hem quitantie

1044 2796 2203 215 gegeven voor de voors somme quli daer vooren en pourant gelt

1010 2919 2226 195 gecrediteert sien dat ul misnoeght sijdt over mijn schrijven laete

1055 3010 2363 220 ul: oordeelen wie mijnoeghder is ul: oft ick g avie dat meerder reden heeft

1048 3132 2242 207 ul is de schelt dat en het laeste schip dat op dindien staedt

1054 3244 2289 182 te vertrecken geen intrest hebbe connen hebben den intrest die van

1047 3370 2195 195 ul: trecke is weijnigh & dat imploey door ue conduite heeft mij

1056 3455 2319 178 andere belet die mij verordeeliger souden connen weesen als het godt

1039 3588 2340 216 soude gelieven ul seght de toecomende weeke soude over comen q noch

1059 3738 2371 179 gelt te brengen om eenige afrekeningen te doen  moet weeten

1024 3821 2328 193 als dat heden en acht dagen wortsdagh toecomende uyter tadt

1072 3919 2198 215 gaen voorses a 8 dagen darom wenste uk: opt eijnde van dese

1050 4027 2253 209 weeke geliefte te comen om eenighsents af te rekenen oft wel

1073 4142 2267 167 maendagh ofte uiyterlijck dinsdat toecomende hier onder heeft

1075 4242 2172 223 ue desnotitie wat schuldigh sijdt & wat ontfanghen hebbe

1062 4366 2273 206 sonden den intrest om gelt naer advenant mede te brengen

1042 4492 1517 92 dit an u l verwaghtene uk bn naer groe

5933 229 109 85 136

3568 256 1039 163 den tagelbrief van hoenagels

5355 263 365 145 ƒ 2729:

5380 358 444 145 „1:595019

3540 360 1115 176 den safelbrief van Jan Rispens

5372 440 371 154 „ 1271:

3558 459 1042 185 den taselbrief van muevenhuyse

5019 672 827 156 15 samen ƒ 5595:19

4141 686 747 213 hier op mij gesonden

5202 784 357 221 ƒ 224:

3584 845 1434 172 op 3 fanie 1723 tot lier sijnde ontfanghen

3639 938 1957 174 4 d. tot brussel aen d' hr rousseau ƒ 900: 8 ½ we ... „ 8 95:10

5194 1061 362 129 „ 500:

3649 1058 1338 168 8d: mij toegesonden p van de woulvere

5208 1147 397 144 „ 600:9

3594 1151 963 194 16d mij tbegesonden p ditto

5209 1259 355 114 „ 462:-

3576 1260 969 185 26 d my toegesonden p ditto

4802 1357 789 238 bhmen ƒ 166:17

3485 1494 2030 210 Turnhout de wed. Jan B. Robert Ady 29 fanu 1713

3582 1660 2459 161 u aengenaeme van gisteren met de 2 packen tijten wel ontfanghen die bedrgen

3574 1767 2388 172 ƒ 771:5 wissel gelde daer toecomience sondagh van gelieve te sdisponeren loft

3566 1861 2414 182 anders moet uls tot int begssel van denwasten waghten om dat uyt staet

3562 2011 2470 165 gaen gelijck ue geschreven hebbe sende ue de sacken wederem gwat aen gaet

3542 2011 2547 239 het goedt oft dat soo is gelijck ul schrijft sal den tijdt leeren & sal ul. hierde

3561 2204 2521 223 voloaghten om van het stuck sijn lijnwaet te spreken waer mede naer graet see

5026 2321 733 219 Adij 29 di 1723

3507 2332 1102 213 Bruxelles mons: Stephano Rousseau

3558 2446 2505 211 j'ay reccu En son temps l'honneur de la vre du 17m cour avec avis de la

3585 2612 2408 173 reception de ma remise de £220:- de change sur  B dux ie prend

3576 2689 2474 204 la liberte de vous envoyer cy jount ue autre de £ 25:7:8 et faisant ƒ152:6

3583 2801 2468 206 argent de change sur mons: oannes Beeckmans marland de draps de vre ville

3567 2929 2505 208 vous priant de procurer le requis & s'il demand quelque jours de delay de luy

3576 3058 1844 216 les accorder estant en tous occasions tres pasfaittement

3493 3157 1347 218 Brugge dHHr Laurenee van Rentergen

5059 3171 708 226 ad di e 1

3589 3307 2486 247 ul aengenaem 25 deser wel ontfanghen & niet veel plaiier verstaen dat het pack

3581 3389 2413 239 tijken N.6. voor dhr. virgoe ul swel was gewoorden desen tot advies als dat op

3567 3512 2479 261 gisteren e voerman van brugge adroitures ul toegesonden hebbe een pack F. N.3

3586 3616 2475 262 inhoudende chops tijten dat vervolgens gelieve te verclaren geveerste vertreckende

3569 3786 2486 147 schip op london te versende ate consigneren aen d'hr Roger Coote  aen mij het

3588 3876 2431 208 cognossement benevens de oneoft rek. op het spoedignste te laten toe comen

3568 4001 2501 204 de vraght van hier op costij te betalen als het voorgaende waer mede naer

3602 4091 727 170 Cordeaele groetn blijve

5551 4186 159 94 Dons

3483 4202 836 165 Turhaut de wed: Rebet

5225 4206 839 189 Adij p. fevrier 1723

3583 4337 2350 147 ul soone heeft mij getoont u assignatie tot enn laste te betalen aen

3973 4406 2093 117 2 cocelis Pauwels dat hem heden voldoen sijnde voor de somme van

3577 4397 296 141 dondn
