8419 4719
1089 309 2088 191 om andere voor mij de calaudisie te connen can niet

1083 426 2273 157 bedencken echter hope int toecomende niet meed geschieden

1060 558 2180 189 sal daer resteert noch van de partie van 2 xber 1720

1060 725 2340 144 de somme van ƒ116:1: seggehoudert, est hier guldens eenen

1068 835 2238 191 teved wisel gelde ue  sal mij pluiied doen van die

1039 916 2198 240 te voldoen sijnde verde s5 maenden geleden dat

1050 1046 2035 220 gelieft te ngederenen derhalven die van u

1011 1175 2143 185 afwaghtende blijve naer ser vrinde groeten se

2606 1302 709 171 Adij 5 mart 1722

900 1315 676 191 lier margo Suyers

1090 1420 2329 149 verneme van de wed: diricksens als dat uk diricktens gendd ressent

1065 1539 2347 169 hebt bij mijn broeder, om de twee duysent guldens, die ue mij versoght

1056 1614 2317 204 hadde aen hien te betalen, weete niet wat ue, daer mede leggen

1085 1691 2265 228 wilt het waer van ul niet wel gedann dat ick voor iu plaisir

1083 1805 2259 234 mijn gelt soude laten leegh leggen, soo come bij desen ule te

1067 1893 2312 207 voagen wat daer van is hebbende mij gelt bij gehouden, om ue

1077 2025 2268 196 niet verlegen te laten, in dese & meerdere sommen soo laet mij

1076 2093 2355 210 desen avont antwoordt becomen, om mij vervolgens te reguleran

1069 2215 2256 240 & van mijn gelt anders te bedienen, us: antwoordt daen

1066 2383 1494 221 afwaghtende, blijve naer groetenste

924 2463 2456 250 London mons: bhomus Seulven g comp Ady 7 & 1722

1090 2647 2261 214 J'ay bien receu l'agreable vre du 12m passé.D.S y joint

1074 2787 2360 206 £150:- en deux lettre seavoir £100:- a 35: 7 7 a 2 usant

2464 2914 972 170 „50:- oot can ue van harck

1096 2934 779 187 sus pedro van dief

1099 3029 2218 244 sef Jean 3 van heures  £150 les quelle sont

1113 3240 2271 130 accepte sy vre grace n'auroit pas eblie de me remestie

1099 3332 2338 149 quez l'elheance de ma remise de £80: le change m'auroit

1137 3448 2290 183 ette plus favorable puis que jiay recu alors des remises

1114 3580 2252 226 a 56:2 7. j'ay aussij l'exfril de mon coimt courant

1134 3718 2264 234 qu jj'ay examne q ie truivve que vre grace ait oublie

1141 3859 2088 213 de me crediter pour ƒ5:17 de change a 35 ssasant

1109 4004 2300 237 £0:10:2 et que j'ay payez pour les frais du costre

1097 4113 2178 225 ve mons: John Bres pour la voysare d'icy a bruge

1115 4247 2257 202 tellement qu'il me revind pour salde au lieu de

1141 4403 2228 166 £2:7:9 £2:1718- p ce que il vous plaira

5838 203 141 130 15d

3522 275 2463 168 de notter en conformite ad compte nouveau il est vray que

3541 383 2326 228 le 5: de wille at escrit a mons. oyens la lettre Coutenont

3545 527 2409 210 beaucup de compliment q peiu de utisfaction l'une afaire

3535 676 2483 249 semblable asveroit icy ous auroit bien sest suitice cependant

3548 829 2401 253 puis que les excautedus out sant de priveleyer de ne pas papr

3540 993 2407 249 p'il ne veulent chez vous il faut avoir patience  pacher

3509 1104 2447 284 d'obtenier payement p l'assistance de vout amis ce pousquoy

3542 1283 2468 263 mons: oye us vous priefies humblement dyteniee la main

3537 1421 2330 254 & volus l'abligerez cm moy qui suissaes perfarlement

3459 1591 2153 259 iet men  marge sapes End 9 meert 1722

3548 1744 2500 238 ue aengenaeme van 5 gb deser wel ontfangen oock sien van

3534 1902 2514 279 uls bemende van 5 deser den eersen bij conevert van cannelie

3552 2010 2451 297 direksens die op gehouden is, geweest & het abuys is geschiedt

3533 2159 2363 288 door sme monder de wedu derechsens dan is op 7 deser bieny

3548 2318 2460 300 geweest met syn tatelbrief & hebbe aen hem de tweedeyent

3538 2456 2433 284 guldens courant gelt betalt hij seght dat op half meert noch

3525 2659 2396 231 twee djesent guldens hebben moet q dat hij ue daedover

3534 2790 2472 251 schripfsen soude ick wille die wel mede avanceren dogh t gene

3545 2926 2490 298 mij noch van oudtr comt nwet ule mij eest betalen de rhalven

3547 3059 2314 276 sal dat veruaghten volgens ul mij heeft geloeft &ben

3549 3221 2379 188 verwondert noch niet geschiedt is can ul dat tot brussel

3552 3369 2310 255 niet tellen cout maer de resterende some sver brengen

3558 3533 2459 239 waer mede en af waghtende blijve naer cordial groetenise

3465 3659 2351 278 Londen mad: Roebelea hamisson eofe Ady 15 d 17212

3538 3837 2346 241 op 21 pass was aen uls mijnen laesden daer benevens den

3563 3961 2363 235 gesonden wisselbrief ten caste bartholemens van wingen te

3571 4106 2281 219 ugge oock het cognossement van de bale tyeken N. 213-

3556 4268 2473 227 geladen in den schepe van John wortell die met shversal
