8392 4706
850 198 462 168 neen tac

2874 272 243 111 come

904 299 616 156 Egidius Janen

2428 271 931 206 Ady 8. 7brr 17

1064 424 2237 149 ssij aengenaeme wel ontfangen van 30 pass oock de

1034 491 2147 129 t packen tijken die noch niet naer gesien hebbe

1038 583 2218 165 dogh hebbbe ue daer vooren geer als volght

1057 734 604 199 30  groot loot

2202 746 367 188 ƒ7:57

2871 777 466 180 ƒ 235:10

1059 874 495 171 30 ¾3 segels

2208 889 358 185 59:19

2947 905 385 156 „ 298 40

1059 1013 561 170 30¾ g roet loot

2970 1016 366 162 „ 298-10

2262 1019 321 169 29 s

2259 1113 216 161 732:

1052 1111 531 194 30¾ 3 segels

2981 1151 316 150 „360:

2649 1273 76 145 2

1026 1259 365 239 10 pr

2925 1305 430 195 ƒ 19:14

1496 1401 1247 215 af 4 de contante betalinge

2936 1456 421 130 „ 47:14

1922 1555 1440 224 rest notto inwisselgelde ƒ1444:16

1084 1711 2194 207 sijnde alsoo ons geworde de laste reijse als ue

1037 1832 2119 137 geer was & ick magh die niet anders veerrenden

1037 1908 2319 123 gelieft op vrijdagh hier van dese somme te disponere

1062 1994 2207 171 bedancke ick voor de 5 gesondene sneppen &rgroet

1085 2093 1061 186 ue van herten & blijve

892 2203 1159 221 Amsterdam franc. Rousseau

2475 2143 881 271 Adj 4 gbre 171

1023 2349 2167 160 met over groot gevoelen verneme yt  misive

1164 2466 66 88 2

1227 2463 101 102 2

1071 2474 2240 142 deses het afsterven van ue wande lisste kan ue

1102 2590 2263 146 niet genogh betoonen het paert dat neme in ue verlus

1093 2653 2270 196 & hoe het mijter herten gaet considererende genoech sae

1095 2762 2036 184 hoe onsnakelijck het voor ue is sensweder el

1082 2864 2086 161 bevooft te wwonden t gods wil haere ielt de

1100 2964 2123 150 eeulvige gelove laten gemeten & ck vertrouffen

1074 2998 2227 240 voustercken in ue droeheyst & het soe dat

1092 3152 2223 149 die lieve moederter wenelt heeft gebroght tot we

1093 3236 2120 178 contentement lesten behouden op dat ue droefheeydt

1099 3330 2190 155 niet verdobbelt soude woorden sal niet naelaten

1086 3431 2234 160 voor de overlederte siele te bdden & uk in de heylige

1097 3524 2027 141 pretectie van den almogenden bevelen 2 sijds

1108 3589 1212 176 venschert dat wavelijck ben

1271 3778 1536 225 P.S us: twee ingeslotene hebbe

1347 3925 1080 171 prompt doen bchandigen

5873 222 124 80 13

5082 232 917 207 Ady 6 gbre 1721

3415 264 935 214 London Deorge vergoe

3557 368 2455 183 my seer aengenaeme van 7 pass: a.5. wel ontfangen

3562 477 2303 161 daer by remiss: voor ftr £100:- £ 35:7 op twee usos

3552 571 2455 155 tot laste N. Pedre beneditto dux tot brussel in Antwerpen

3545 660 2427 144 te betalen waer vooren het noodigh sal besorgen & besalt

3560 775 2411 157 sijnde ue voor des selfs crediteren ue soodie voor: 130

3552 838 2190 226 ps is volsoock en & sijn die tijken ongespackt in

3550 891 2450 258 N 3 dogh noch niet versonden alsooo rusie hebbe met

3571 1029 2255 192 mijn tyce maker die mischewest hadde de ½ £. te

3563 1133 2318 205 latenkorten ten prijse N.1 sme wilt dat niet doen

4100 1293 53 50 2

3562 1223 2264 228 & maer 2 consinteren dat de reden is waeronm

3545 1319 2385 160 de factuxe hier benevens met sende hebb hem

3568 1400 2451 244 de contante pennigen neveck het goedt gepresentie

3558 1574 2222 206 gelijck ons avoort altjt is, waerom van andere

4361 1699 106 79 en

3551 1639 2461 254 somwylen 1a 2 ckorte ick sal hem wel sijn woordt doen

3551 1746 2463 194 houden tot det7-& soo hast hem voldaen sal hebben

3574 1901 2440 165 werdt ue de facture toegesonden t de bake aen de heer

3565 1968 2350 186 laurence van Rentergem iets voorders van ue dinst

3557 2110 2361 203 gelieve te comanderen sal altijt mijn uyterste

3516 2154 2520 225 sevoiren doen om ue intrest als eygen te bevoorderen

3562 2278 2247 226 waer mede naer seer mingame groetenisse blijve

4970 2399 992 226 Adij 6 sber 172

3443 2433 915 223 London John Jamalle

3539 2556 2424 199 Op 27 pass. was aen ue mijnen lasten waer aen mj

3370 2620 2673 172 gedrage sedert geene van iue ontfanghen desen sment

3553 2769 2471 146 alleenelijck tot gelijde dieges lofene factune lognisse

3553 2827 2366 208 van eene bale 31 monterende in wisselgelede de

3548 2962 2472 170 somme van ƒ 1265:3: waer vaeren naer wel bevinden

3517 3052 2428 154 mis gelieve te caediteren ditto bale is geladen in den

5846 3204 134 92 les

3567 3176 2142 188 schep van sacbb forme ville die op 4 deser naer

3572 3226 2468 212 oft ende was vertrock en om met den eryt en savorabe

3571 3388 2392 136 windt naer costij te aslen godt geleyde hem in sal ve

3576 3461 2304 131 iets voorders van ue dinst gelive te comanderen

3574 3552 2449 182 sal alteot devoiren doen e res naer genoegen

3551 3686 2128 131 traghten te volbrenghen & blijve naer seer

3576 3754 1116 173 en in same groettenisse
