8426 4726
1060 288 2230 191 et luy donneron un frere pour luy servir n'aimant point des valets

1056 416 2264 154 puis qu'ils ont quelque fois plus de ruse avec le domestique qu'avec

1047 496 2184 186 le maistre il me dit aussij que sy en cas le frere qui luy serviront

1044 623 2307 121 ne luy plait pas, qu'on luy donneroit un autre qui pouroit gagner sa

1042 715 2278 178 grace a prix de la sable est ƒ 400: argent courent p ans et outre

1036 841 2248 144 cela douze escus en espece pour les freres en generael anuellement

1064 930 2253 179 sur quoy vous pou pouvez vous resondre ce qui vous contienne

1055 1018 2316 160 de faire & j'ay l'honneur de vous souhaiter la nouvelle anne a venir

1047 1131 2304 181 tres heureuse et salutaire surbies de nombre d'autres et ie vous prie

1050 1239 2311 185 de me faire la juistice de me craire en tous occasions avec bien du

1014 1356 470 170 & du respect

904 1455 678 188 et ier margo Suyers

2340 1445 717 190 Ady 30 xber u717

1051 1568 2309 212 p 22 g26 deser waren aen ue mijne laeste ghadde niet getuyfelt

1071 1697 2243 170 oft ue soude gisteren oft heden met gelt gecomen hebben selfs volgens

1061 1820 2158 153 ue geleft glot nu soe en hebbe noch gelt nochhadvis van ul

1068 1849 2281 280 becomen oock hadde gelooft van dht Rousseau te verstaen dat hy

1067 2011 2266 181 van ue gelt voor mij soude hebben ontfanghen ae ageert al oft

1075 2172 2271 176 ue mij met schuldigh waert & terwijlen het gels gnoodt mij soo

1066 2273 2299 205 presseert ingevalle ul morgen niet over comt met gelt soo moet

1065 2368 2335 191 ue niet qualijck nemen dat ick op saturdagh toecomende mij tot

1061 2510 2333 178 hier sal laten vinden om van ue betalinge te becomen tsij metter

1074 2625 2123 196 minne oft met reght waer naer cont reguleren gvastelijck

2934 2726 177 91 1m0

2708 2751 707 172 Ady 8 janu 1723

1085 2758 818 188 sal geschieden & blijve

1863 2803 665 132 a  de

929 2854 2421 186 iver marge myers, et palx que virginis mariz stano domme 723

1084 2929 2318 200 referrere mij aen mijne 5 voorgaende, aen ue geschreven, waer op

1081 3054 2336 205 int minsten van ul oft van ue: man oft dochter geen antwoordt

1065 3188 2345 200 hebbe becomen, soo al oft gij: calle doort waert dat ue. gisteren

1073 3285 2324 197 niet gecomen is, met gelt, supniere om het overgroot quaet weder

1066 3357 2322 240 doch ul hadde wel een lettersten mogen schrijven nu wil niet

1068 3450 2299 229 twijfelen, oft iuk morgen comen sal, sijnde den laesten dagh

1052 3552 2186 242 van de weeke die 18: selfs gestelt heeft der halven u

1070 3682 2193 222 dan met de groetste patientie afwaghtende blijve

1076 3806 2179 197 oft ul: uijttr stadt ware, dat ul mak ten minsten eens

1067 3948 1260 185 schrijft waer op mij regueren can

908 4019 2354 254 Amsterdam Dhin Francisio Rousseau Ady 4 Janu 1723

1077 4229 2101 175 deyde ue miy seer aengenaem van 28 g 31 pass t sijner sijde wel

1093 4321 2049 190 ontfanghen met den laesten mijn rek. couvant waer bij mij

3563 249 2485 176 p jasvo is comende ƒ24:1½ hollants courant dat soo met ue en confirmbede

3567 352 2495 204 hebbe gesloten, ben noch al bedught voor onse thee t' sal mij seer lieft wesen van

3577 477 2405 143 ue te vernemen soo daer eenige avantagieuse veranderingh voor so men

3569 569 2211 222 doedt mij hier hopen dat in den vasten daer wel eenige veranderinge

3556 687 2471 223 en conde comen dat godt give, sien de lvee afdractsels van pachebten du my

3569 834 2495 178 seer wel aenstaen het looswerck vant cleyne is niet dogh soude mijn caslet soo leyn

3553 943 2350 197 niet soecken oock niet grooten als met mijnen voorgen genelt &hope die

3585 1102 2314 159 moester sijn beste sal doen om daer eere van te behalen die man moet veel

3570 1168 2468 191 werck hebben om dat het sacket noch niet gedaen is sal het met verlangen

3564 1320 2364 148 afwaghten, wensche u reciprotelijck in desen coopenden saere nue jaet

3567 1380 2456 207 gveele naer volgende alle bedenckelijcke benedictien des hemels gmyn liefste

3584 1531 2369 180 veroeckt hier t'selve compliment te gelieven agreeren gblijve naer dienst

3556 1601 1001 183 present & seer minsaeme groet

3486 1714 1173 227 Aesens de amede Jan Thr Rebet

4882 1713 766 219 Adij 8 Janu 1723

4118 1858 157 86 2 nictt

3565 1852 2442 187 aengenaeme 0 deses wel ontfanghen waer bij verneme dat ul het steeck fijn

3585 1980 2428 177 lijnwelet op het gesougaedt doen & dat het sult laten maken de breede ordinaire

3569 2082 2398 154 f schaers waer op mijn lhefste seght dat niet wel soude wesen dat het ten

3576 2221 2411 194 minsten ¼ breedt e moet geblieft blijven ghet groofte de selve breede

3569 2294 2366 233 qniet  ue moet weeten als dat hier noch fijn garen gesoden bi hebbe

3580 2439 2385 187 soo laet het noch niet opt gesoun gaen voor dat ul over pont & dat dat

5908 2529 96 98 noo

3565 2589 2496 141 garen cont mede nemen dn alles op het beste te doen ul dan hier verwaght

3541 2668 2474 211 blijve naer u van gelijken gewenst te hebben in dit loopende mue jaer

3545 2784 2135 211 alle bedenckelijckx benedick dis hemels ggrecte ue van herten

3481 2907 600 149 het marge suijers

5001 2905 731 231 ad 1 6 di 1735

3599 3047 2433 177 ue miseve van 5 9j deses wel ontfanghen met den laesten een sack

3582 3161 2493 163 met gelt toegesegelt die in presentie van den voerman van de wauivere

4846 3271 149 82 ninder

3572 3250 2427 197 hebbe over gehelt & daer in drij tuyders als vijf hondert guldens bevonden

3562 3366 2461 222 die hij mij heeft opgeleijdt gelijck ul uyt de quitantie salt sien daer sijn

3599 3511 2343 205 3 ducaten te light onder gveele queay schellingen d'hr. Rousseau heeft

3590 3607 2429 235 mij geadviseert als dat al tot brussel sijnde aen hem voor mijne rck eenen

5366 3753 92 102 2e4

3591 3746 2490 212 sack iet neghen houdert guldens hebt behandight op  deser &dat hij dien

3587 3819 2482 229 geexamineert heeft g ende ƒ3:6¼ se kort bevonden eenigh gendt se

3606 3975 2489 213 soeght gveel quaedt gelt dat hij bij sigh kout om ul wederom te geven

3551 4052 2042 209 daerom als ul tot brussel comt moett ill: dat gaen afhalen

3603 4185 2480 205 voorders ben seer verwondert dat soo weijnigh gelt van ul besome ul: moet

3619 4322 2412 156 mj continueele gelt senden dat ten minssen in d'ander week tot de dri

3584 4414 2471 125 dagsent guldens hebbe gelijck ul hebbe geschreven want soude andermael
