8091 4761
779 192 2198 144 noodige deses  dat naer cordieele groetenesse blijve

611 265 1279 168 Brussel de wed: Borreman

2598 283 619 196 adij 2 sber11119

775 422 2478 125 ul seer aeng. van 31 past wel ontfanghen, waerbij gelieft beadvisen

782 491 2478 159 als dat ue getelt heeft aen dheer rousseau voor mij ne rek ƒ681:10

761 587 2483 149 wissel gelde waer vooren ul hebbe te bedancken dog ƒ6:- devule

771 678 2298 196 gaerne soude sorten, can omogelijk niet sijn vermits mij de

752 794 2486 198 perpett. hooger incosten, als ojt, & soude daer niets aen toecoment

765 899 2487 193 sijnde de winste toe sleght dat daer geen intrestie bij te halen is

764 961 2478 164 u maeckt geene mentie meer van het groen perspett. dat sien ue

789 1100 732 152 laet open staen

764 1143 2404 179 het is mij liedt dat ue op passelycheyt nmet toelact over toe

754 1257 2505 218 connen comen, verhope den goeden godt ue een volce ersteltemite

767 1322 2484 209 sal verleenen, dat ue van herten ben wenschendee in gevolge

767 1412 2288 184 ul versoec hier ingesloten eenige staelen, vande

765 1543 2466 198 alderresse bastard sarges 229 de baeltiens die ue aggreeren

750 1642 2476 249 gelieve te beechenen & mij de selve beneven as order weder

770 1757 2353 185 te senden,  in afwagtinge blijve naer seer hindelycke

777 1932 581 159 9 oocke wisse

2438 1937 734 194 Adj d. 1719

575 1989 1169 222 Tiverton Samu. BBandge

797 2101 2416 213 un aend. van Apass oS. wel ontfangelheen daer veneven

762 2223 2306 183 facture van 2 balen perpettt. ider van Paps monterende

804 2295 2442 204 £203:10 p op te packen in N. 22. 23. bevinde die van N60

783 2392 2439 202 al te hoogh gestelt, moogen maer 63 s sijn a rato de andere

721 2499 2529 243 daerom moet ul dat gedresleren & als sal ider no op de lijde

786 2599 2416 261 gelieven te reekenen met inck 60:70: als voorde sen

779 2719 2458 201 E in plaets van alle de 3opo in en pack te packen

803 2814 2424 237 sal u 25 ps. en one lett & soo tvee selts in one bale

794 2952 2317 156 oppacken, soo wel van N.68: 10: als N.56. die ul

779 3079 2446 180 noch besorgen sal volgens eijne vooige, dit gesendende

811 3142 2420 198 om niet te veel goederen van een foort los te hebben

808 3251 2463 194 als men een bale opint dat ude hertelijk re commander

822 3355 2351 220 dat aengaet de soorte van 48ƒ gemerck & ½ sendt

796 3431 2441 278 mede 10pst voor eene preuue & soo die vallen gelijk

785 3532 2504 299 gewent ben sal veele nartyen daer van dragen tin dat

806 3654 2456 245 endie soerte het grootste te biet is, soude ue hier nevers

790 3759 2400 253 wel remitteren, maer omdat het niet redelijk is, dat

827 3896 2335 205 naer de betalinge het goet soo lanck achter blijf

809 4006 2368 245 gelijk mij voorledere gaen overkomen is, soo sal ue

808 4077 2453 260 adries cerst ofracheir als twings ontrent pact

795 4257 2470 183 maeckt te vertrecken, schter dat de wessel eenighints

3469 172 2522 142 voordelgg iaere soude daer niet op luny ue ant toort sal dan

3449 217 2505 234 verwaghten, als mede ick van N.56 & advies ontrent de

3472 330 2522 187 10 ps a 48ƒ alwaert 49 s a 50: dog noyt hooger gewees

3489 458 2509 168 oock niet hooger te stellen waer mede naer groeteniste

3499 582 308 203 blijve

3470 579 2531 309 Supponnere de loorte van 48 ƒ Van Boncomen ande

3492 699 2495 268 mes. sommers & granchin & den makie sende sijn

3499 817 2486 278 pallin, soo us die rechte soorte kan becomen laeten

3499 870 2497 331 in plaets van 2a ps 30 ps comen oock opgepackt

3493 1010 2458 279 in weel setts ider lett van 15 ps & de 2 setto in

5242 1169 692 191 Adij 4 sbre 129

3475 1238 494 138 one bale-

3431 1338 712 197 Gendt van de velde

3488 1370 2388 202 sende ad ul heden  wagens van gaadt eene bale gemerckt

3476 1526 2316 149 H.8:x droogh & wel geconditioneert, sijnde voor e vo

3478 1624 2518 158 mons. hernes Broete vandernick, die mij belast heeft de selve

3489 1699 2510 168 an ick toe te senden & ul te versoecken van die bale  dassen

3486 1818 2317 154 op het spoedighste va costij t versenden, met den vordaen

3492 1891 2377 198 Jacques bourllaer, hier an den voudt dps de nordige ordre

3482 1964 2464 257 tot de verclaringe & versendinge waer mede naer groetenisse

3471 2168 305 135 blijve

3724 2156 1366 236 32 engelshe sacges & A perpet

3769 2301 1378 175 tweel pent Spiimael weirde ƒ3:-

5282 2375 701 198 Adij 6d. 1719

3361 2422 1352 204 Brussel de wed: Bornemans

3502 2514 2446 192 ut: aeng. van 3 desen met de stalen berugge ontfangen ooc

3485 2658 2428 159 ordre voor 33 ps sargelt, die alle van de beste star met

3481 2707 2524 226 den naem sijn, die op ontfang van u. Brief al op gepackt

3482 2799 2520 227 hadde te weeten het Baeltien 554: 553. ider met 15 gis

3490 2902 2470 248 & de 3 geteckende 2 uyt 341: ick hadde van gedaghten

3495 2997 2521 295 geweest, dat u de sarges niet minder als tot ƒ23:- gehadt

3510 3142 2490 200 heeft, & naer dat het goedt op gepackt was & dat de facture

3487 3213 2515 229 soude mateen, soo sien uf het voorlede iaer, die gehadt heeft

3500 3339 2502 204 a ƒ22:13: daer over verstelt ssondt, soo dat aen dese goederen

3472 3431 2539 260 die us toesende niett profitere, costende aen mij selfs sonder

3507 3522 2500 225 de assurantie blandelie, be reienen ƒ 22:10: sien oock

3471 3645 2362 273 dat ul vande beste coffees niet name gehadt heeft

3513 3785 2487 223 a ƒ 23:15. wel die costen mij oock al soo veel, met een

3504 3860 2507 231 woort daer is niet een duyt aen te profiteeren, de heyden

3494 3988 2449 260 die wat gemijnder goet hebben winnen noch eets, al

3494 4145 2497 203 hoe wel seecht genoegh, maer ick niets, hebbe van

3500 4211 2494 221 die beste loff ies noch 1ter in & 15: dat ue hier ingesloten
