8385 4699
832 252 1188 195 London John Batnall

2617 240 744 179 Adyd27: aug:171

1019 352 2224 235 & mij seer aengenaem van 28 pass 0:5: wel

1046 474 2321 185 ontfangen daer bij ordre voor 128 s tijken geasloteerd

1045 568 2297 208 als de bale N 30. welke op 22 deser als naer brugge syn

1056 682 2200 169 versonden opgepackt in N31 dheer renterjene

1053 794 2213 187 adviseert mij dat alle de aenliggende schepen op

1062 893 2315 172 londen waren vertrocken soo dat het pack sal moeten

1067 1025 2188 136 blijven leygen waghten naer ocasie dit retardement

1063 1120 2286 175 kan ue op miy niet leggen vermits bij tijde ueeordie

1075 1216 2208 173 versoght hebbe & ut heeft gedilyeert twejfele niet oft

1049 1307 2241 201 ick sal de bale N. 70 aen boordt folin worselle me

1061 1384 2271 193 ontfangen hebben dat goedt is vanden besten maker

1049 1480 2284 215 die niett heeft willen laten cortee seght sijn goedt

1081 1663 2068 131 beeter te sijn als van andere vermite meer voor

1059 1749 2244 146 arebijdt betalt om de tijken vost adick te hebben

1072 1827 2275 170 & dat meer gaven in sijne tijken gaet als wel in

1083 1939 2226 159 andere de 120 ps in N:31 sijn oock van Jan gaedt

1072 2028 2231 156 vermits ue eik van st £100:- a 35: ven moet op

1084 2132 2235 154 17 sber toecomende betalt worden von dat ser lanck

1093 2220 2285 138 niet meer te loopen heeft eerde betalinge I sal geschieden

1080 2320 2111 175 soo hebbe een  gehout, gemijn naste sal ue de

1081 2416 2174 138 factuele toe senden oock het cognostement soo

1089 2477 2289 194 moyhelijck is  iets vooreene van ue dinste gelieve te

1095 2593 2276 202 comonderen & by sjde ue ordre te laten toecomen

1086 2692 1903 173 aen die naer vrindelycke groetenisse blijve

892 2769 2497 242 London Rebesca Hamilton & Cooke Ady 27 auy 171

1101 2958 2180 211 ue aengenaem van 4 deser wel ontfangen daer

1101 3050 2294 191 benevens ordre voor 80 ops tijken aen mijn leste madi

1095 3150 2162 181 bestelt hebb & verwaghte de morgen hier de sal

1088 3240 2307 233 de selve overmorgen oppacken & naer brelyge versonde

1101 3385 2266 172 om op coltij aldaer ingescept te wworden e  van

1090 3473 2236 207 mijn naste vorder advis hebt te verwaghten als

1116 3577 2069 176 mede facture & cognossement dien dat ue

1114 3696 2271 151 de herologie te echsten sal toesenden gelieve de selve

1095 3764 2283 202 t addresseren aen dher collens off icrael van het post

1112 3884 2133 163 Comtou tot Intwerpen & gelieve mij te noteren

2037 3978 55 83 2

1099 3974 2089 179 hue veel ue daer voor betalt heeft om ue daer

1113 4115 2284 132 voren te crediteren e remise op gerard de witte

1120 4179 1973 177 is geaccepteert iets voorsders van ue dinste

1133 4314 1852 139 gelive te comanderen di  am

1109 4382 820 157 groetenisse blijve

5874 172 134 104 d

5240 209 752 179 Adij 29 Aay 1727

3382 235 1557 232 Aderehaudt de wed: Jan Deo Rabert

3565 354 2327 191 u brief van gisteren wel ontfangen ue doedt wel

3571 423 2407 216 liever te waghten als sleght goedt te senden  kan ue

3564 516 2421 215 de 80 ps tegens sondagh niet kaer hebben laet het teyens

3570 606 2161 225 toekomende donderdagh sijn want geen genm goedt

3557 666 2419 281 begeire ick hebbe ordue noch vor 130 nr dogh vermits ue

3550 775 2403 254 gien tijken hebt soo ben genoetsaeckt die aen andere te

3555 884 2260 248 vragen sal de voors geordonneerde 80 ps verwaghten

3556 970 2447 231 ue asssantie voor ƒ N56:18 wisselgelve hebbe aen dirick

3571 1118 1368 160 wonters betalt waer mede blijve

5055 1166 926 230 Ady 29 hey 1721

3425 1256 924 192 rt Cquius kanen

3557 1368 2421 213 eyndendijck is de langh verwaghte ordre gecomen van

3556 1461 2459 216 130 stucken teghen daer ue van gespocken hebbe gelieve

3565 1614 2259 167 de selve mij toe te seden dogh het wel toe dat geene

3541 1660 2414 267 gemeyne stucken daer by doeet gelijck in de voorige gedaen

3580 1790 2420 177 hebt want ick selvers soude naer by prejudiie ljden

3557 1895 2466 179 oock moght gheen andere stuepen bij doen swert onder notene

3575 1962 2438 257 & kan ul die op sondagh niet senden laet het donderdagh

3574 2104 2427 192 sijn op dat u tijdt heeft omde tijken nauscwigh uit te

3552 2233 2316 192 soechen ick sal ue partije pcomt content betalen

3572 2308 2454 201 & selfs hopt daeer van disponeren ten dage van leveringe

3577 2411 1819 204 waer mede naer cordiale groetenisse blive

3576 2551 2226 259 130 groot loot „ 16 small8 14 brelde strepen

3578 2754 321 133 430—

3572 2700 1857 270 430 10 3 segels -„ 20 Jmall7 10 breede

5833 2832 142 123 en

3838 2786 1600 209 groot loot & 14 small 8 16 breed

3566 2886 1884 210 1t0 ½ 3 seyels -520 smalle 8 20 breede

3761 3029 192 93 4

3575 3182 353 114 130 ins

5018 3257 994 229 Adij primo 7brei 171

3449 3301 1294 216 Dendrnhout Me Jouff Robert

3565 3420 2296 184 ue breef van gisteren wel ontfangen oock de

3565 3580 2469 176 twee packen tijken die naer gesien hebbe &bevinde

3566 3671 2456 163 de 3 segels niet naer min ordre vermitt naer sijn

3571 3791 2359 188 9 sinalle &is breede daer ich lijck wel om gestoort

3585 3905 2423 185 ben te meer om dat wie tijt gegeven hebbe tot toecome

3591 4016 2411 192 vrjdagh de somne is wel ƒ 331:5 vermits het wissel

3568 4098 2374 204 briefe van ƒ 1200:- in dese mant compt te venvallen

3578 4204 2423 190 op s5: soe gelieve een ander te maken & van dese ƒ 771:5

3581 4306 2427 144 te disponeren mitt afssechende den intrest van ƒ45:-

3587 4388 1726 126 couvant waer meee in haste blijven
