8070 4754
775 213 2427 95 coopen is wel geraet saem, & maer groote speculatie

803 272 2424 140 on voot mijn eijgen iek te doen, want fager conu

804 344 2308 141 niet comen. hadde heden wel op us getrocken st£ 100:-

773 465 2477 126 mair sien dat dewissel a costy wat gemonteertes, iet brieven

705 503 2458 176 die wij heden hebben becomen, & hier heeft het sig niet naer

808 619 2303 163 advenant geregaleert, daerom hebbe dat uytgestelt, com

794 685 2409 185 avantagie te betraghten, sal schter trecken t'sij op 2 asso

792 790 2486 182 oft op sight, souwer meeste beneficre, cort te trecken is presen

801 905 2416 172 het profrtabelste, sal doen als voor eijgen, swaer mede

795 1000 1509 174 naer sordeale groeterisse blijve

803 1053 2472 259 op London efser heden niets gedaen geloove tot 35:7 soude

776 1208 1246 207 Lonnen brecken hebben

2367 1278 823 212 Adu 18 aury 1719

582 1335 913 190 Furn hautt senen

818 1385 2446 189 om ue eenighsints te volcomen, dat gaerne de ordinaire strepen

788 1511 2384 181 van tijken leveren soudt,  dat gelooft hebt ten minsten soo

760 1593 2470 224 schoone goederen te senden, als imant danturnaier becomen soo

786 1689 2392 221 geluve toecomende sondeg te senden soo het geschieden can 95

770 1780 2481 203 ps als aen den voet deser alle smalle streghene twijfele, oft

734 1854 2386 189 de blauw w hebben sult, dog alsoo ul mij gesijdt hebt

809 1986 2457 198 dat contrnucel daer van laet maker, soo sendt die gereet

800 2056 2473 166 sult hebben, hebby geene patiernte, de roye & witte moocken

816 2151 2427 167 vreete wel dat hebt, oock de ordinaire strepen, als ue

763 2244 2471 181 de roye moorkerd heeft sendt die benevens de ordinaire

802 2358 2383 171 strepen, soo haest mogelijck, dog sonder de roije niet

794 2440 2372 206 & doet daer by de blan moosckene, die ue soude connen

809 2547 2298 226 becomen, echter alle schoon goedt oft geene dam

808 2642 2451 239 ordinaire goedt begeere geene. oock op condiie van twee

813 2763 2445 268 p Cento Rabat, voorcontante betalinge us met ennen

837 2897 2354 202 een assignatie maken van het impot, daet mede

823 3020 1865 223 in afvraghtinge blijve naer groeteisse

899 3118 1034 191 20 gpd. g. groot foot

907 3250 914 165 20 ps  3 segels

902 3352 891 168 15 ps 26 6 segels

868 3451 1737 180 35 ps ordinaire alle smalle A repen

904 3500 2364 224 28ps moorkens ¼ 3 segels blauwriet heet sijn strepus

900 3646 1974 188 15 gpd noerkens  & segels roodt ritt d

864 3808 493 220 9d p

5261 173 700 176 Ady: 19 aug. 1719

3312 181 902 207 London Joen tatnalb

3498 259 2487 218 op 16 deser was aen ue mijnen laetten, met facture & cognoltement

3497 366 2481 168 &an eene bale N.29 bedragende ƒ 1193:2½: wissel gelde voordere

3505 446 2418 173 referrere mij aen den selven, sedert become lt aing tan geene

3490 527 2504 190 kan ue ontfanghen desen alleenelijck tot advies, dat heden op

3495 627 2501 206 us: getrocken hebbe st£100:- op sight a 35: 9en te betalen

3478 701 2387 211 aen d'ordre van dheer pedro meulenaer welcke mijne traitte

3486 822 2361 231 versoecke alle eere te bewijsen, sijnde tot ul beste voordeel

3478 907 2552 267 getrocken & hebbe ul daer vooren gecrediteet in ƒ 1012:10 wissel

3477 1027 2531 250 gelde, iests anders van ue dienn voor vallende geleve tecommand

3486 1125 2088 217 even, die naer seen vrindelycke groetmisse blijve

5244 1225 647 208 Adij 2 1b 1719

3309 1300 960 174 furnhautE sanen

3512 1346 2453 218 ul: aeng. van gistren wel ontfangen, oock de tewee paesien

3496 1439 2140 248 tijken waer vooren ue: gecrediteert hebbe te weetenn

3568 1481 2333 277 12¼ 3segels heel s maece strepen roodt&wit aƒ 13:- ƒ 132:

5346 1604 542 126 „ 12: 3180:

3594 1671 1356 188 15¼ 3 segels ord: imalle Strepen

5338 1714 543 156 „9:19 x499:

3560 1773 948 174 26 ¾ dhe gels ord: ditto

5337 1811 557 135 „ 3:1¾„ 153:

3572 1860 905 152 20 ¼ a root doot ditto

5617 1900 274 158 668:

4470 1973 1479 173 af:2 p contante betaling ƒ13:7

3566 1967 352 179 67 pbr

4603 2082 1362 171 Brest nitto in Grisselgeed  634:13

3494 2159 2406 255 geluwe toecomende donderdag hier kan te disponeren, sal

3485 2301 2463 202 prompt betalen, het is mj leedt de roye moorhents niet

3490 2354 2529 258 comuleet sijn, & dat geene blauw  wit gereedt hebts sal aen

3499 2463 2529 193 mijn vrinden scrijven, e een partije opt getale teslaten selten

3510 2534 2457 294 soo sij die vragen, sal ul daer hennisse van geven, waer

3508 2663 1341 227 mede naer groetenisse blijve

5343 2761 618 157 Adij 22d: 1719

3308 2801 1320 235 Brugge  Van Rentergem

3518 2861 2432 269 ul seer aeng. van 16 13 deser wel ontfanghen, bijden persten aen

3497 2965 2486 216 sentiment, ten regarde den ondersoech vande opgevene goederen

3516 3076 2471 196 dat stiptelijk hebbe gevolght, bedancke ue hertelijck voor de

3503 3172 2534 259 genomene moyte & in soodanige oft andere voorvallende occasien

3491 3266 2554 285 gelieve mij oock niet te spaeren ue is gesrediteert voor ƒ 42:14

3499 3337 2463 301 wissel gelde, voor oncosten op het pack sarges met ep

3487 3441 2482 269 laett become cognossement, & on cost ret. op het pacte

3495 3509 2444 263 tijken N.1 geladen ant schip Jan Lucas Hrosbant, ditto

3467 3668 2435 289 Rick hebbe oock wel bevonden, & conform genotteert

3508 3714 2532 320 desen morgent hebbe ue noch een ander pack toegesonden

3523 3840 2464 307 gemarckt N.9 inhaudende bj4 tijken, sijnde voor

3500 3971 2478 249 Rek kan mad: Rebeca hamiston son, dat p eerste

3520 4076 2512 242 vertreckende schip gelieve te versenden & t cognestement

3514 4231 2509 198 benevens de oncost ick aen die naer cordiale groetenisse blijve
