8310 4706
2701 229 590 133 Ady 14 sber 1720

811 256 994 130 London rebecea hamitton & cooke

953 319 2263 162 ue1 aengename van 22 pass wel ontfangheren daer benevens remise voor

938 399 2315 158 £50:- a 34:9 et geaccepteert door hue jodoghe ten verval dage te betalen

963 489 2302 170 binnen antw. bj pieter wijns waer vooren ten tijde het noodigh sal besorgen

970 589 2324 149 voorders ueordonneert 1oo ps tijken, om met de gecouleurde schoen tijssen op te

950 669 2283 202 packen, de 60 ps. bet tijken sal morgen hier hebben, maer vrecke geene oft

969 749 2356 209 wijnige van de tops £3 segels blou & wit shoue tichs, om dat die expret moeten

961 839 2353 232 gemaeckt worden, sal daer niet nae waghten, & sal de bettijlen overmorgen

970 957 2274 205 oppacken, & naer brugge versenden met eenige shooe ticht die sal connen

959 1037 2379 185 becomen, waer van soo haest mogelijck de facture & cognossement hebt te verwaghten

968 1109 2350 209 ick twijfele niet, oft uk sal al vernomen hebben hoe dat de clous & van den bergh

963 1192 2304 252 sich nae eenige vrem de landen geretweert hebben, hij hadde de unte gepacht als

962 1303 2320 224 met mijnen van 19 junij laest, geschreven hebbe, men wil seggen datter wel om een

984 1396 2200 186 millioen crediteuren sijn, het is niet te gelooven, waer die man dat crediet

982 1470 2303 267 gehaelt heeft, gisteren tijnder veele engelsche tratos tot sijn laste geprotetteert

977 1568 2291 221 wil hopen, dat ick daer bij niet sal sijn geintresseert, & goot wil alle verliesers

978 1691 2283 220 vertroorten, & soude ue vadens met mnant te handelen, tan sij dat hij ick

989 1776 2281 215 wel bekent sijn, wat aengaet dat op ue trecken soude segge tot antoort

975 1839 2301 208 dat de wissel al te veel schidt tat sal wel 5 a 6 p profiteren als ue

986 1959 2289 213 reittert daeron sal sultt niet doen, maer ue remise afwaghte wae

2742 2081 484 160 Ady 14 d

994 2122 1221 154 mede naer cordiale groetenisse blijve

826 2227 872 138 London Jaaq. Fvan: de witte

993 2243 2373 201 beyde ue aengename van 19 & 26 pass wel ontfanghee bij den eersten verneme

991 2372 2223 160 dat ue het terfhuys van dheer charles bolengier saluger sal regeren & in

997 2487 1359 156 meerderen deel van sijne affaires succederen

993 2532 2286 186 het zesoen van cafsvellen compt mu aen, derhalven gelieve mij drij balen

1003 2657 2346 142 ider bale met 14 dosijnen vellen toe te senden van het alde bette goedt van prise

1014 2702 2341 189 maer moete ue recomanderen, dat het goedt niet te swaer is, oock geen verlegh

989 2847 2225 191 goedt, & mooght die vellen niet laten oppackeen voor datter een bijlander

1001 2912 2313 201 gereedt staet, om te vertrecken, want die goederen sijn seer suyect int scort te

996 3015 2304 199 bederven, soo het wat warm weder is, & dat se wat lang gepackt sijn, oock

1015 3114 2258 201 mogen ontrent de pompea in de schepen niet gestouert worden want soo

1008 3220 2202 182 deaer water aen compt, sijn le strae verdorven, & ick: moet den schipper de

1018 3295 2260 188 selve recomanderen te openen, als hij wat lang onderwegen soude sijn et

1025 3402 2295 196 als hij voor hutte, oft voor water bevreet soude wesen. m. prise houst

1015 3507 2299 176 die goederen te hoogh 1t¼7 tracht die te becomen a 1t 57 g let wel toe

1010 3555 2336 223 dat de vellen blanck vallen, niet barijn niet te swaer, & dat te soubbel sijn

1023 3691 2307 178 met een woort het schoontte dat hij heeft de voorgaende die dheer bollengier

1021 3810 2198 164 saeliger mij gesonden heeft sijn seer sleght geweest, & hebbe daer veele

1013 3884 2291 204 silaghten over gehad, & om de duerte wijnigh avance. doet nu eens u

1023 3948 2344 230 bette, om mij te nimeren, in dese & andere voorvallen met ul te continuere

1030 4069 2235 194 schijpper preter heye is (godt danck wel gearriveert, & de rek. van w

1033 4144 2274 222 bollengier, wort gecrediteert voor  £1:14:- oncosten ept pack 1

1040 4297 2250 191 wat aengaet de luyfse comp. oft sijne kan brecken opent, oft tlwyt

3521 200 2444 121 daer is mij niet aengelegen, want sowde in geende hij manire mijne amdrryten

3529 271 2416 146 laten subscriberen die veranderinge van aetren maeckt tremenig in celle

3532 327 2438 156 negstien, sal a costij oock schaersheyt van gelt causeren, & de vertrouwingh

3519 420 2454 169 onder de wissel negotianten seer cooronperen, daer men al experientien van

3529 496 2396 175 heeft de ingesetenen van costij hebben goedt vertrouwen op de aetven, maer

3532 585 2298 166 vrande gans niet voor mijn deel als de comp. mijne aneitijten sal

3536 669 2319 199 rembourseren sal al te vredn wesen, dese maent vervalt wederom

3541 738 2413 179 een half jaer intrest supponere ust de maght heeft dat te ontfanghen

3529 843 2426 155 vermits dheer bollengier mijne procuratie dae toe heeft gehadt ontfangen

3540 924 2450 214 sijnde, gelieve te adviseren, waer mede blijve de rek van de geordoneer

5303 1026 659 170 Adij 14 sber 1720

3524 1059 810 182 Cafivellen afwaghtende

3388 1169 745 184 Siraton Lauwel Beurridge

3535 1170 2444 244 beyde ue aengename van 6 & 13 pass wel ontfanghen met den eersten

3514 1282 2431 203 facture van twee balen perpet: A.I:2. monterende s£ 228:15 s N. 2 ge

3535 1377 2445 232 london, N 2 p cwings, welke beyde tot ostende sijn gearriveert, ick verwondere

3529 1510 2408 169 mij nademael ewings soo kort stont te vertrecken dat ck: die bale op

3530 1576 2462 192 london hebt versonden dat sultx ordonnere is om des te snoediger de goederen

3544 1695 2438 179 hier te hebben, & dat pack is naer cwdnge gecomen eghte sijn noch tot brugge

3554 1798 2423 179 ingesloten remittere ue spo £100:- ten laste frans: percijra in london

3545 1841 2444 211 waervooren het noodigh acceptie cito te laten besorgen, hebbe dese remise

3544 1991 2436 163 van anst moeten laten come & hadde geordonneert ue volle volle soumne

3548 2038 2429 198 doch mijn vrint schrijft mij dat het present tot amst see scabvens is, ontren

3547 2151 2366 176 het betrouwen de brieven, om de groote batals actionisten, die daer in

3554 2226 2380 203 engelsche aetien sijn omgegaen, eghte desen avont hope de resterende

3534 2302 2428 236 £128:15 st in remise te becomen, die ue ge naest pose sal toesende

3537 2433 2292 203 dit sijnde het noodige deses blijve naer vrindelycke groetenisse

3455 2528 2460 223 p.s. verneme de stoffen iets gevallen sijn, & ul blijf de pepetuancn op den

3536 2641 2442 172 ouden prys stellen, dat riet nadelijck is, daerom moet daer in redres geven a

5468 2732 356 151 Adij d

3544 2796 436 129 rato de larges

3426 2885 742 173 Jacques frans: de witte

3537 2907 2436 230 ps ingesloten twee wissel brieven ten laste dheer charles du bois van mijn

3537 3002 2431 200 broeder pedro willie gelievee te laten acceptere & op de seconda in forma

3539 3130 1761 208 geendorseert te laten volgen ten tijde presenterende

3753 3263 752 154 eenn van £200:

3754 3354 808 130 eenen....„ 150:-

3812 3431 741 191 sameƒ 350:

5384 3436 488 207 Adij 16d

3449 3578 755 142 fuirchourt de wed: robert

3570 3610 2384 179 ue aengename van gitteren wel ontfanghen, oock de twee packen tijssen, waer

3556 3708 2411 160 vooren ue gecreditert is nitto ƒ 621:15 in tegendeel hebbe ue: op ock: gedebite

3575 3817 2414 139 voor ƒ41:3 wissel gelde voor het jaer intrest van den wissel brief, & vermits den

3557 3888 2437 183 nuwen geteckent mij gesonden hebt, soo sende den houden wederom, hier ingesloten

3571 3985 2164 164 die kont scheuren ue can vant gelt disponeren, & sal ul hier verwaghten

3562 4029 2399 216 voorders gelieve mij eens te schrijven, oft ue geen levende hortelanen becomen van

3571 4120 2373 184 inageve ick soude gares 100 stucken hebben, om hier te retten, notent mij

3567 4196 2325 197 mede den uijs, ue antwoort afwaghtende blijve naer cadvile groetemisse

3565 4313 2162 165 den vercooper van dhortclanen soude die hier moeten leveren
