8344 4740
1604 360 875 201 maygrem der

1515 513 1290 205 Seiparque Dirgins marie

1822 685 715 242 Anno Somini

2072 841 242 82 comon

2044 835 440 215 WW2l de

824 1012 2600 230 London dheeren John schappens & pr Edwards Ady 26 Janu 178

963 1182 2447 192 11: mij seer aeng van 21 meij 10 xber 1725 & 9 deser. P. S. sijn mij

981 1317 2338 165 op han tijdt wel geworden die tot noch toe onbeantwordt sijn

973 1426 2401 196 gebleven bj faute van materie volgens den persten waren de

981 1520 2411 159 fantsen al te hoogh om mijne ordres te connen affectueren & bij den

963 1596 2460 191 tweeden verneme dat ul wederom ontfangen hadde de 3 p voor

981 1696 2375 158 van mijne st £1000:- banck actien vervallen den 29 xber laest

977 1774 2354 224 leden & mij gecrediteert voor  £30:½ waer vooren ul rek

988 1848 2432 217 hebbe gedebiteert met den laesten become sijndelijck de notitie

990 1972 2332 237 van incoop van alnoch sj £700:- banck aesien a 126 pr

977 2066 2480 244 beloopende te samen met masclaerdije & provisie s £887:5:9

991 2179 2439 158 dat geexamineert hebbe & d'accordt bevonden & vervolgens ue in

987 2301 2411 164 ret. daer vooren gecrediteert twijfele niet oft ul sal die

990 2359 2332 222 actien op mijn name hebben laten stellen soo als de

997 2462 2447 239 voorige dat mij het sal sijn te vernemen het is waer dat mij

1014 2552 2400 190 in leeigen incop de laeghsse maert niet kan aen tresfen

1016 2661 2430 177 echter hadde ul het noch wat aengesien geloove niet beeten

1002 2757 2451 178 avantagie den incoop soude gedaen hebben om dat het schijpt

1022 2855 2354 203 men a costij voor oorlogh bedught is even wel ben ten

1013 2961 2437 202 njtersten content over het gene ul geefectueert heeft men

1018 3030 2440 189 is hier gans van geen opinie van derlogh voorders sien dat

1012 3130 2428 234 uen mij gecrediteert heeft voor stt £18:13: 9 en voor t

1007 3255 2446 166 intrest a ravo van 3 pe p ann van mijn advance onder w

1011 3341 2442 195 voor st £860:513 dat conton genoteert hebbe bedancke ue

1021 3468 2422 158 voor alle de goede sorgen die ue ontrent mijn intrest hebt

1015 3539 2448 210 gedragen & wensche ue inschelijckx alle segen & voorspoedt

1018 3633 2337 199 vervult met alle bedenckelijcke benedictien des hemels

1019 3756 2345 151 in desen loopenden nien iaere met veele naervolgende

1037 3817 2364 207 & blijve met groote achtinge & naer seer minsame groet

2542 3925 833 155 Adij 26 ditto 1736

822 3964 1094 153 Londres Mons: iohn batnall

1010 4053 2373 183 depuis ma derniere du 17 gbre passé p la quelle ie vous ay

1039 4140 2408 190 envoye facture & bognossement dun balot .54 pontenant 105 p

1038 4274 2416 102 de coutils. montant en argent de change ƒ 1173:6½ anonne

1028 4331 2421 167 de vos nouvelle esperant que vous aurez bien receu la prede

1043 4420 2408 155 balos & que vous auray trouve la marchandise a vre entiere

1299 4544 182 67 eoon

3572 234 2539 135 ce qu'il me ferra plaisier d'apprendre les soutils sont presentement

3569 294 2411 190 quelques pis je piece deminne si ie vous puis rendre service

3574 434 2416 111 ie vous prix vecme donner vos ordres & soye persuadé que ie

3558 497 2473 137 m'esparqueray rien pour vous. bien servir & au plus juste prix

3571 581 2449 151 sur quoy vous ponze vous pper ayant tourous vre interest a coeur

3573 700 2529 125 delon r ordinaire ie veus envous iey joint vre. compte courant

3586 766 2521 177 . les queille il me revisin pour volde ƒ283:7 de change dont

3566 880 2534 138 t vouz. ay devite la popte nouveau vous priant de l'examiner

3590 967 2505 135 & le rsant jusse. de l'anoste de conformise & m'en donner

3575 1078 2455 150 u petit mot l'avis. ie vous souhaite la nouvela umme ou

3544 1158 2443 124 nous sommez prrre pendant son ur tres heureuse

3573 1277 2548 122 & plusieurs autre suivantes remplies de toutes sortes de senedicte

3589 1337 2347 181 & properivees & suis aver offres de mes service en tous

3600 1449 1267 156 hond. fres parfaittement

3476 1527 1186 175 AmsterdamDhr fianc. Rousseau

5318 1497 745 190 Adij 4 debrul 1726

3594 1597 2502 188 Dirdre van u6: mij seer. aend van 30 passto wel ontfanghen waer

3609 1757 2338 148 bij 12: gelieft te melden, dat ul mij gecrediteert heeft voor

3598 1808 2518 192 ƒ40:-  voor  intrest van mijne £1000: op 2: deser vervallen

3558 1910 2564 211 dat soo coform genoteert hebbe wat de capitall penningen belangh

3587 1985 2504 184 ben wel be vreden de selve te laten pontinneren op den

3573 2105 2489 195 broregen voedt. al hoe wel nu soude connen trecken sonder

3593 2200 2479 198 schade echter hadde liever dat ick die aen nam voor ben tydt

3610 2283 2488 223 van een iaer als wel voor 6 maenden om dat de wissel in de

3528 2372 2594 257 maendt aug. orsinaite op het laghste is ter oorsate ver vonditie

3617 2458 2494 224 van on oostindische comp. waer op een letterien tot antwoort

3623 2542 2463 225 versoeckken, middelertijdt ben ul: inschelijckx toe wenschende

3615 2654 2499 226 e dit koopende mus jate. alle voorspoedt en tegen vervalt

3635 2747 2501 184 met alle bedenegelijckx benedickeren des hemels gelijck myn

3495 2877 2127 198 iette mede is soende & blijve niet veel respect

5399 2968 713 178 Adij 11 febru 1736

3510 3001 1163 168 Anmtm Dichre ran Bousseau

3637 3041 2528 217 tot antwordt op u mij seer aenj 7 deses hebbe deere van ul te

3644 3179 2454 135 seggen dar ick ujlere de prolongatie van mijne £1000:- niet meer

3657 3260 2513 156 als voor  can bat staen met de selve te vreden bere in hope

3509 3358 2667 150 ude sijnde dat ten verval siage andere occasien tot voordere profongaded

3649 3444 2524 153 sullen voorvallen oft pat de wissel avantagieus om het capitael

3657 3553 2481 150 ten laten retourneren waer mede d'eere hebbe van te hu& te

3546 3636 1286 178 s blijven met veel respecte

5269 3681 840 204 Ady 27 fevrier 1726

3495 3749 1493 175 Londen mons. Thoucas Scaven & Compa

3685 3794 2460 205 i'ay reccu en son temp celle que vous m'avez fait l'honneur

3651 3936 2472 167 de m'escrire le 17 janvier passé y coit mon compte court: que

3683 4000 2516 262 j'ay examine & trouvé juste ayant nottez ie tout de conformite

3667 4169 2532 177 & jen vous ay debitz e comps nouveaus pour. je solde du precede

3671 4295 2353 174 pour  £502:6: ie uyt ase e des changement

5179 4387 980 133 lque temp dans les prix
