8351 4747
784 266 737 149 London dhr Satuall

2489 267 848 170 Adij 16 Junn 1725

993 370 2419 153 j'ay bien reccu celle que vous m'avez fait l'honneur de m'escrire

974 430 2407 173 le ri me du passé S S p la quelle j'ay aporis que vous aviez reccu

970 563 2443 145 le ballot :51 contenans les 80 ps. costils dont vous faite des plainte

997 622 2406 165 de la piece de boile disant qu'elle est trop chere ie vous avoice

1003 755 2384 122 que les precedantes estions a melieur marche me ie veu bien

999 854 2412 122 vous dire que les linges sont presentement beaucoup plus chere

996 943 2409 119 que l'anne precedante & en selle pas il sans suivre le marché

985 1023 2428 110 il sacheray pour l'avoir des melieurs pieces pour l'aveir vre remise

1009 1112 2378 149 de  £100:- a 35: 2 en sur pedro van diest est accepte & quand

992 1200 2378 115 elle sera paye vous en seray credite, i'ay aussij vre ordre pour

996 1313 2409 126 100 ps postils que ie procureray a loisir mon fabricateur ne veu

995 1385 2384 136 pas donner les £3 seales qu'a ƒ12:12: cependant ie serraiy mon

1003 1495 2406 103 devoir de les avoir oncor pour les vieu prix pour cette Adis il a aussij

1004 1543 2354 121 press les 20  3 seales shoe strips celon lincluse eschantillion mais

983 1659 2416 104 coire vous souhaite les rais plus estroit come l'eschantillion que vous

995 1715 2430 114 m'avez m'envoye ie n'ay pas ausue les prendre avant d'avoir vre ordre

1004 1815 2325 100 sur quoy i'attendray vre repoce a la reception de cette & si vous

1012 1863 2409 113 vouse les avoir selon vre eschantillion il faudra attendre plus que tm

998 1966 2327 134 avant qu'elle pouriont estre faites estant les sujet de cette & suis

1000 2035 473 146 tres parfaite

2656 2092 685 177 Ady 30 Julij 1715

790 2084 1453 182 Brugge dhi Saniene van Hentergen

992 2212 2421 170 t aeng van 19 april lest is mij op sijn tijdt wel geworden & tot nu

997 2340 2406 110 toe oubeantwordt geblever bij faute van materie hebbe dan d'eere van

1011 2446 2384 124 ue te noteren als dat ue gerediteert voor d'oncosten op het

993 2487 2384 140 Pack tijken N.51. monterende courant £3:1:7 en sijnde wisselgelde

1003 2608 2424 128 £2:12:10 en offe ƒ 15:17: dat benevens mij d'accoordt gelieft te noteeren

1001 2700 2422 101 desen principael tot advies als dat op gistercie morgent p wagen

1018 2787 2403 118 adroiture ue toegesonden hebbe een packe &N.52. inhouden de 100 stuck

1002 2869 2424 123 tijken dat vervolgens gelive te verclaren & p eerste vertreckende schip

1000 2956 2376 165 op london te versenden & t'addresseren aen dht John sathall & aen

997 3052 2325 115 mij de oncosten benevens het sognossement te laten toecomen

998 3136 1941 164 & t'selve verwaghtende blije naet cordiale groetenisse

2619 3225 636 162 Adij 3 ang: 1725

860 3210 1048 197 Amst Dhr Frans Rousseau

1019 3376 2406 90 1n lange d'eere niet gehadt aen ul te schrijven bij vaute van materie

987 3433 2437 131 sien als dat de ses maenden tijdt van mijne £1000:- die ue mij toegestaen

1007 3511 2409 119 heeft a rato van 3 p cento p aniiur heden comen te vervallen het soude

1013 3594 2409 147 mij aeng. sijn in gevalle ue die penningen noch op dien selven voedt

1008 3688 2403 98 voor ses maenden soude willen aenveirden soo nmet versoecke te laten

1020 3774 2391 138 weeten om volgens te connen te reguleren alsoo den goeden gods ou

1018 3871 2403 140 hope verleent heeft van successie te becomen & dat mijn lieffte besigh

1001 3941 2421 119 om eenen kints kors te stofferen waer soe veele bagatellen noodigh sijn

1005 4057 2405 113 soo soude wel wenschen dat ul: de goedtheydt geliefte te hebben

1002 4111 2363 151 van a costij te laten soopen alle het wolle goet dat tot eenen

1008 4205 1834 167 kints kort noodigh is bestaende in het volgende

1043 4251 2321 179 3 pis cappen van d' eerste tot de derd sorte sijnde maer 3 int geheel

1042 4402 380 112 3 deckens

1035 4416 1350 150 een beste sapluyer & een dagelijcksche

3570 228 2484 140 jouft van housem die hier met dhr verachter getront is heeft mij sulde

3539 311 2487 103 opgegeven & seght de voorige speegpeatie genogh tot amst bekent is oock

3560 371 2453 113 twijfele niet oft ue heeft daer oock wetenschap dat alsoo medron ue liefste

3554 436 2502 134 saliger het selve mede noodigh gehadt heeft excuseert dese mijne importune

3560 517 2518 94 comissie & wenste in soodanige oft andere occasien ue mede behulpsaem

3560 611 2447 131 be mogen wesen, & verhope ul mij de gelegentijdt sult procreeren om

3569 714 2434 143 de connen loonen dat waerlijcke ben & naer seer minsame groet blijve

3549 834 2309 155 wil hopen dat nmon frere jan michiel met sijn soon & neve

3566 946 2487 131 gelieckighlijck tot amss gearriveers sijn hij heeft noch niet geschreven dat

3551 1064 2477 92 wat ongerustigheydt causeert hij sal wel de goedthydt hebben van het

3549 1118 2493 111 voors mede over te brengen, maer bidde van het wel te laten packen

3567 1174 2502 152 op dat het op de wagens door het schocken niet in stucken geriust wordt

3567 1295 2458 104 & als daer vooren perijskel soude sijn versoecke p beurtmain te laten

3561 1369 391 110 toecomen

5175 1368 795 197 Adij 9 aug: 1725

3454 1415 1029 169 Amsst Dhr franco Rousseau

3555 1499 2512 170 seer georgimeerde van 6 deser wel ontf daer bij vernoemen de goedtheydt

3550 1647 2409 116 die ue: wel gelieft te hebben van aen mijn versoeck te voldoen in het

3562 1730 2513 157 procureren van het wolle goedt voor den kints kort neme de libersijdt van ue

3555 1831 2528 133 te seggen dat de papluyers van toille de mairselle hier in geen gebruyck sijn

3577 1929 2502 100 moeten van wolle goet sijn gelijck hier naerder gespocuficeert derhalven

3572 2031 2446 138 ingevalle gekoght sijn & noch niet opgepackt gelieve den vercogpes te

3577 2125 2443 119 laten versoecken van de selve naer sigh te nemen & hem te

3564 2214 2531 139 contenteren jouff verachter heeft mij nj beeter explicatie gegeven de weten

3531 2283 2497 121 dat den besten capluyer is gemaekk van hals wolle en half lende heeft

3580 2370 2480 154 onder en boven 15 roode strepkens worden tot haerlem oft elders in hollandt

3561 2465 2399 137 gemaekt cost ƒ 3:- ots ƒ4: hollants den dagelijckscken capluyer is

3577 2570 2443 111 sonder Strephens: cost ontrens ƒ2:- de deckens oft sargekens hebben

3571 2631 2449 151 onder en boven d5 roode prepaens & sijn van de beste spaensche wolle

5874 2698 161 69 rotte

3570 2697 2508 171 gemaeckt & comen ontrent ƒ3:- te posten de pislappen den

3577 2803 2509 127 heeft onder en boven t roode strepsens & de leyne 3. sijn oock alle dan

3588 2922 2418 110 wolle dit is de intentie geweest sonder meer. maer men seght

3587 2975 2491 143 voor een spreck wordt dat qualijck bichten doet qualijck absolveren

3575 3062 2484 125 het sitse deesentie heeft mijn vrou hier laten maken dogh het

3573 3170 2478 110 deekentie dat ul daer bij gelieft te doen sal met onpas comen

3577 3278 2356 123 alsoo der wel 8 gebruyckt worden bestaende dan mijn versoeck

3579 3341 2490 138 alleenelijck in 9 stucken als 3 pislappen 3 deckens 2 capluyets

3586 3430 2509 136 van wolle & een setse deekentie ben inder daer beschaemt dat ue

3575 3521 2458 174 met soo een sleghte comissie importunere hope echter het met

3585 3616 2473 173 qualijck sult afnemen voorders hebbe u gedebiteert voor de ses

3596 3736 2361 128 maenden intrest vervallen 2 deser van de £1000:- in ƒ 90:

3576 3797 2525 166 hollants courte & noch voor ses maenden continugtie geannote

3593 3910 2474 119 4is ons seer adng te verstaen het goeds arrivement van mijn broeder

3589 3989 2490 110 a costij & het geeft groot genoegen aen de familie dat ul sijne

3600 4081 2483 113 soone op ue comptoir wel heeft willen aennemen wil hopen dat

3604 4185 2456 85 hij ul volgens sijn schuldige plight tot tolle contentement

3589 4238 2316 132 sal dienen & dat het dienen sal tot sijn avancement

3594 4387 2271 114 soo danigh dat de oude correspondentie magh continueren

3617 4439 653 109 die pere en sils
