8406 4726
1070 295 2279 170 de souformise outre vous avez la bonté de me marquer

1059 384 2166 188 que ie payerays une lettre de change de huit cons trente

1040 489 2093 175 ceux livres de gros de change passé p messis de la

1051 641 2314 151 chapelle & de lannoy le 2t cobre 1721 payable a 12 asances

1053 702 2277 193 chez mons: de Swijndrecht a l'ordre de mons S C1 saviel

1067 805 2280 193 a quoy ie feray tout honneur, mais ie me trouvvé j'nforrree

1055 976 2075 128 que le surt: S. Javiel est mort, passe quelque temp, ie seray

1059 1044 2233 184 peut estre embaraste pour lindorsement, ce pour quoy ie vous

1065 1155 2206 198 prie de me respondre a linstant comment les hertiers ont

1056 1242 2243 204 endorse la ditte lettre, pour ne point voir des scoup u les

1053 1358 2261 232 car la pratique est atinairement icy, de ne point payer

1052 1451 2246 244 quand les endossement ne sont en forme, & comme la

1037 1582 2285 205 lettre doit estre paye, lamedy, ie veu dire vendredy le 209

1030 1715 2108 189 courant ie vois prie de ne perdre du temp, pour

1073 1846 2331 182 minformer de tout j en l'attendent avec impatiene

1063 1968 1044 180 j'ap l'honneur d'estr

3000 2006 150 92 amo

2598 1958 828 241 Adij 6  gber 171

940 2075 1075 162 Turnchoute & gidves samen

1063 2173 2358 106 1: brief van 10 passo. op sijn tijdt wel ontfangen waer 69

1078 2267 2328 186 gesien de notidie hoe dat ul sijne tijken soo Ecorhant vere

1082 2341 2259 227 waer op soo aenstonts aen mijn vrindt tot londen tadvies

1059 2459 2266 189 hebbe geschreven waer van heden sijn antwordt hebbe

1073 2574 2303 187 becomen wilt niet een stugves meet geven als de laeste

1073 2676 2217 223 partye die van ue gehadt hebbe op 10 sbir lest hij,

1063 2757 2353 272 schrijft mij oock dat hij van een ander eene partije gehadt

1081 2870 2207 260 heeft ter selver sijdt die iets minder en prijs waren als de

1087 2977 2267 240 mijn dat van van wangen is geweest soo dat plaerlijckk

1083 3073 2258 286 sien op wat maniere ue met mij handelt hebbe sedert

1079 3200 2156 212 langen sydt nmemant anders geimployeert als ae

1080 3338 2238 198 & gij soecht mijne, alansen van mij te versaegen godt

1097 3442 2317 208 weet wat reden ul heeft ensin ick can met een stucgen

1081 3526 2207 228 meer geven als de laeste reyse & wilt ick met mijne

1086 3652 2177 259 calandisie sigh avanceren soo moet ul dese reyse de

1066 3752 2332 218 geordonneerde 120 ps op 68 passte ck gesonden mij tot

1057 3865 2259 230 dien prijs senden peyst dat als ul gelt noodigh heeft

1094 3991 2322 220 ue can dinst doen & nu te meer om dat het schoen

1090 4086 2299 230 van de gevens is & ingevalle ul die niet leveren

1093 4170 2334 219 wilt wel se verstaen tot den uden prijs, soo schrijft

1082 4287 2234 220 antwordt op ontfangh deses waerende blijve in haest

5245 245 830 189 Adij e gber 173

3466 265 1270 183 Turphout meiourb de wed Robers

3595 348 2460 205 in large geen ordere gehaet hebbende voor tijken a vermiss ue

3580 464 2495 139 hier sijnde gevoeligh gesien hebbe dat ul: tot mijne comissien met

3580 529 2510 223 imployerde soo hebbe even wel om onse oude vrinstschap geresolved

3573 641 2498 187 u de ordre toe te senden die heden van Engelant hebbe ontfa

3573 760 2477 224 sijnde als aen den voedt deser dogh al: moet weeten als dat

3585 834 2506 192 van geen ander goedt, moet senen als van ul eygene fabrigh

3579 973 2496 152 want ul: heeft mij swee mael seer sleght geleurt goedt gesonden

3572 1048 2502 222 dat al mede reden is waron ue hebbe moeten verlaeten hopen

3572 1183 2492 176 de dat de voorige aute sult verteeteren om wederom de volle

3581 1261 2418 203 comissien te crlangen de prijsen die aen samen besteede is als

3574 1411 2499 210 hier onder mede genoteert met 2 p rabat voor conde betalinge

3573 1520 2493 175 ick wille ul met minder presenteren op hope van alles wel te

3579 1617 2453 215 sijn daron doedt ul: beste van schoon goedt te senden & can

3577 1724 2445 235 het op donderdagh toecomende nmet sjn laet het wat langer

3577 1784 2492 269 aen loeyden om goedt carieus goet te hebben & sal middelestijt

3591 1941 1811 240 ue antwort afwaghten & blijve met haeste

3648 2050 1655 219 30 ¾ 3 segels 30 mal- ƒ12:7

3645 2224 1659 172 20 ¾ 3 segels 20 smal   10:7

3666 2334 1653 163 16tj groos loot 12 malA breede ..10:7

3647 2436 1668 186 3t sij groet loot ni0 smal ast breede... „ 8.7

3571 2574 380 146 104 ps

5270 2581 714 216 Adij 4 gber 1723

3517 2596 1372 236 Justerdam d'Hr frans. Rousseau

3587 2745 2484 184 beyde ul seer aengenaeme dan 15 & 29 pass op sijn tedt wel ontfangen

3598 2852 2487 194 den eersten hadde mij eenige ongerussigheyt gecauseert die door den laesten

3583 3012 2497 129 teenemael is wegh genomen sijnde mij seer het soo verse binnen beste syn

3604 3073 2468 192 gecomen niet twijffelende oft de resterende ƒ 180:3 st oock sullen volgen

3605 3180 2487 164 sacherboon heeft mij geseijdt dat den cooper niets tot sijn presenti can

3612 3281 2407 155 produceren & & dat hij t'sijnder overcomste hem wel sal doen betaelen

3595 3404 2416 182 hij maeckte staedt om op 5 deser van oftende te vertrecken om nae

3604 3473 2485 176 amss te keeren oft die reijse soo ceiest gelineert is can niet wel geloove

3595 3623 2403 154 schser wille niet twijfelen oft sal dese maendt a costij sijn & dat s.

3607 3698 2484 144 haackman sonder eenige difficultijdt sal betalen het restant de wissel

3594 3860 2497 135 is soo h schadelijck dat van mijn advance niet can disponeeren

3599 3924 2454 183 waer mede naer presensasie van dienst & seer vrinde groete blijve

3506 3976 1233 248 Bruxelles mons: Stephano Rousseau

5307 4054 691 154 Adij 4 ditto 1723

3622 4173 2446 177 J'ay reccu en son temp l'honneur de la vre du 8 passé dont le

3605 4236 2384 189 contenu est bien et ie garderay l'assignation sur francois villu

3591 4339 1123 203 d'icy jusqu a nouvelle lordre
