8337 4692
964 255 1428 126 Cappittelen over sijn behoorelijck vrageen

967 319 2290 148 ingesloten eene quitantie van £17:10:0 et wisselgeve van mijn

952 397 2173 132 broeder pedro ten laste dheer procurator van het cloosten der

962 483 2267 192 geelsuiten binnen brigge willie gelieve te laten in voorderen

938 608 2185 162 & den ingesloten te behandighen, & ontfangen eijnde mij te

944 718 2367 175 crediteren voor ƒ105:- wissel gelde, & gelieve nu op mij te trecken

975 801 2254 183 op sight te lasse, tgene sul: voorders is comende, waer mede

989 907 1258 185 nae cordiale groetenisse blijve

955 969 2315 208 gelieve den ingesloten wisselbrief ten laste dheer coppenolle

925 1086 1775 209 t laten acceptera, & mij wederom te senden

2774 1119 490 163 Adij 23 gber

796 1240 719 146 London John tatnalle

990 1299 2281 168 op 2 deser was aen ul mijnen laesten waer aen mij gedrage, ue remise

990 1435 1852 124 van £100:- ten laste iudoens van ditt is geaccepteert

973 1514 2298 136 desen tot geleyde van dingeslotene facture & iognossement van eene

981 1594 2333 140 bale met 120 ps tijken opgepackt in N.27. monterende in wissel

960 1671 2232 157 gelde ƒ 1304:5½ geladen int schip van adriaen van grimberge

935 1768 2317 159 die den 20 deset in zee geloopen is, niet twijffelende, oft is voor

996 1876 2297 137 nu gearriveert dese goederen sullen ue ten uytersten wel gevallen

976 1959 2327 160 sijnde alle san mijn beste maker & uyt gekeurt goedt iets voorders

1001 2045 2114 181 van ul dinst voorvallende gelieft te comanderen die naer

2737 2150 426 172 Ady3d

1005 2187 1020 164 vrindelycke groetenisse blijve

830 2263 1080 154 Llondon rebecca hamilton & Coote

1006 2372 2279 153 op 9 deser was aen ul mijnen laetten sedert geene van ue ontfangen

991 2455 2328 146 m. peeter morgen, heeft mij op 20 deser een aslignatie van aght hondert

995 2534 2343 179 guldens wissel gelde op 1½ uso ten latte martinus de seer n antweren

988 2637 2297 128 voor ice iek ter hant gestelt dogh is niet geeeccepteert maer heeft

1009 2698 2241 198 mondelinx aengenomen dat bij tijde t betalen, dit tot u gouverno

983 2821 2276 152 desen tot gellyde van dingeslotene facture & cognossement van eene

1002 2861 2335 182 bale N. 16 met 100 ps tijken monterende in wisselgelde ƒ1043:4¼

998 3027 2329 168 geladen int schip van adviaen van grinberge, die den 20 sten deser

1003 3123 2245 116 in see geloopen is met eenen favorablen windt niet twijfelende

997 3162 2268 232 oft is voor nu a cotij geariveert iets voorders van ue dinst voor =

972 3298 2321 172 vallende gelieve te comanderen mijn tijck masier seght eenige

1001 3367 2143 199 tijken ¼& segels clijne forepies blouw & uit & voodt &

981 3531 544 180 gereedt eeff

1011 3567 2283 203 m. morgen is naer hollant vetrocken, & hopt inn sirt bij ul te

1038 3675 1803 182 welen waer mede naer codicele groetenisse blijve

2847 3664 412 189 Adij 25 d

830 3807 886 179 bergen Cavel albet laigle

1019 3802 2281 254 pour responce a la vre du 20 courant, ie vous diray que vre caleule

1017 3941 2311 157 est iuste, & si j'ay marqe ƒ380:16 est un erreur de la pluire cy joint

1044 4001 2224 201 vre compte courant, ou il me reviend, pour salde ƒ280:16 de change

1024 4091 2250 215 & jattendray p le premier remise pour la ditt comme ie suis bien

1028 4205 2211 158 mortifoe pour obtenir payement de vous, de la maniere mille

1037 4305 2043 171 marchand vous voudroit servir en attendant payement cavec

5335 197 631 144 Adij 25 gber 1220

3407 225 706 139 leven steven de ville

3518 311 2440 136 hebbe volgens ick schrijven ue over lanck hier verwaght om ue provisie

3544 367 2431 149 van engelsch leur te coopen geloove om eenige beletfelen van huys niet

3536 455 2437 150 kent gelieft ue dat een halve bale, ue, toe sende laet mij uwen tolbrief

3524 558 2468 125 toeconen, ick sal het heir a 15½ st wissel gelt comma laten, & noyt schoonder

3532 648 2444 142 sult gesien hebben den bode wijns heeft mij drij hondert seltigh guldens

3542 744 1591 118 wissel gelde getelt volgens gegevene quitantie

3516 796 2223 154 uee antwoordt t gemoedt siende, blijve naer cordiale groetenisse

5299 912 526 136 Adij 28d

3391 897 473 174 laven Jan Sabb

3515 996 2485 213 tot antwoordt op ul: aengename van gisteren segge dat voorsien ben

3525 1134 2487 107 ven Engelsche salfr lees tot ue tienste soo schon, & soo wit als noch oy te

3519 1198 2397 137 heer gehadt hebbe, nat een woordt schoonden no bater compte niet

3526 1321 2407 159 ick hebbe die £ 15: st wissel gede contant got veckoght, son ul

3529 1403 2434 155 pilanditie sal die voor den selffte prijs laten sijin gewighte

3514 1500 2434 147 als voor desen dheer elias heft het malheur geheet dat sijne

3512 1591 2413 187 vella gestrant sijn soo dat gee half gelt vewit bijen dat seer

3537 1688 2441 171 droenigh is ca ue eenige dienst don, met ena ban, oft en halve

3535 1803 2405 164 sal p ontwoorrt ver wagten benevens ul: tolbrief & ordre

3533 1914 2455 143 voor wat quant itijt wat nde naer cordiale groetenste blijve

5375 1999 610 147 Adj 2 xbe 1720

3427 1987 861 198 Rotterdam Peter Morgan

3504 2081 2339 189 tot antwoort op ue aengename Jan 26 pass. seggen dat m. de feer ue

3517 2212 2493 127 nissl brief van ƒ 800:- niet heeft geaccepteert maer mondelinr geseydt

3522 2318 2390 138 den selven te voldoen, soo haest het hem sal gelegen comenn derhalven

3533 2395 2382 124 sal den tijdt afwaghten, & ic oft wel an madame hamilion, vant

3541 2487 2178 137 succes advies geven, waer mede nae dint presentatie blijve

3435 2580 974 162 London Jacques Frans: de witte

5343 2591 501 139 Adij 4 bbe

3534 2692 2478 220 op 9 sber &2 pass waren aen ue mij ne laeste, waer aen mij gedrage, sedert n

3519 2886 2500 117 geene van uk: vercomen, wat ut daer mede te verstaen wilt geven, is mij onmogelijck

3510 2937 2504 145 te bevarten, echter ul stel swijgentijt stelt mij in eene gedurige omsteltenisse eens deuls

3531 3037 2460 128 omdat gaer met dheer bollengier baliger soude de ick cqurant sluijten, & ten anderen

3540 3119 2373 163 om dat het meer als oedelijck is dat de 3 gesondene balen alfrvellen souden

3530 3211 2461 161 voldaen sijn, mijn lieven vrindt bidde uli met desen nochmaels sieroot moedelijck

3522 3352 2475 116 & my voorgaende te antwoorden, om volgens te reguleren, &om alles te connen

3543 3399 2444 163 ofteneey sijnde mijne gewoonte den mintten alle jaren met mijne vinden de

3551 3509 2472 160 u courante te bluyten, voorders de messr wild & lam. lewis van tiverton, hebben

3549 3644 2351 113 aen ue voor mijne ick: toegesonden een pack  25 in houd ende 80 ps. s llcke

3547 3704 2388 162 sarges, waer bij ten uytersten verlegen ben, soo recomandere uk: het selve

3535 3805 2416 148 lette vertreckende bijlander op brugge te versenden, & aen mij don cost ick

3531 3888 2456 173 opt selve te laten toecomen, verhope nochtans dat de versendinge al sal

3552 4041 2449 130 sijn geleniedt, ue missebe met de grootste impatientie te gemoert siende

3540 4122 1706 179 blijve ue seer mntme groetens
