8378 4699
2602 243 712 139 Adij 23 Juny 1724

890 249 833 166 bergen Cavel al: Laigle

1035 355 2307 174 J'aij receu en son temp la vre du 13 passe, avec promesse que vous

1025 431 2321 191 m'auriez Envoye de largent p le premier voyage du S: Jonard

1015 515 2104 190 & cela sans faute voyla afteur plus que 5 semaines sans

1012 603 2297 221 satisfaction, ie vous prie dons de me l'envojer cette semaine

1006 717 2264 187 p le dit yonard, & quand il me l'aura paye ie luy donneray

1021 823 2056 233 ma quitance en l'attendant ie me dit ƒ29d

853 966 841 182 Dornick hermes broeta

1041 1045 2282 181 depuis longtemp rien de vos nouvelles & comme ie vois, que la

1037 1150 2262 194 partie du 4 sbre 1719 n'est pas encor satisfait, & quil y a 10

1038 1241 2283 179 mois passe, que j'aij eu l'honneur de vous vendre la derniere

1037 1376 2228 180 partie ie viend p cette vous prier de me remettre ie vous

1038 1438 2229 203 assure que ie ne profite point linterest du temp du credit

1021 1535 2295 180 a la marchandise ce quil vous plaira considerer & ie seray

1031 1643 2289 168 en attente l'honneur de vos remises & ie me dit de soeur

1039 1733 2261 186 y ioint mes offres de mes services & de mes marchandises.

877 1857 2248 199 Corterijck dhujs vrouwe van Elias quintgrijsse Adij d

1049 1973 2253 131 in lange d'eee niet gehodf iets van ul: te vernomen, al hoe

1041 2072 2215 159 wel in afwaghtinge geweest hebbe, dat ue mij de resteninge

1039 2140 2255 218 van het gesonden servet goedt soude hebben toegesonden, volgens

1048 2290 2332 133 ue mondelinge geloste, echter tot nu toe daer niets van vernomen

1045 2343 2198 184 ick twijfele niet oft ue sal vernomen hebben, dat in den

1038 2448 2339 176 houwelgken staet getreden ben, met jouff. anne maria joleghe

1006 2535 2307 164 de lannoy, & vermits mijn bilance masien moete soo bidde ul

1044 2655 2136 154 vrindelijck van mij die rekenige toe te senden, sijnde ten

1060 2773 2140 167 uijtersten daer bij verlegen, dit van ul t efwaghtende, cito

1061 2835 2282 170 mogelijck blijve met presentatie van dienst, & groete ue van

2706 2943 375 150 Ady di

1064 2994 335 134 lhester

1484 3024 84 117 60

861 3073 1015 167 Amsterdam Star. Rousseau

1078 3140 2244 165 beyde ue: aengename van 29& 20 deser we ontfanghen, sal ue ten

1054 3270 2304 142 hooghtten verobligeert sijn, voor de dientten die ue sal comen te doen

1063 3333 2238 167 aen d heer con frjc het schynt dat de lasken ontrent het coffae van de

1058 3438 2337 188 heer wel staen, op sal noet noodigh sjn soo verkoope eenige de clargn

1082 3563 2299 126 te doug ontrent de weirde mijn vrindt van brugge, heeft door mijn schpe

1077 3632 2236 157 soo veel te wege gebroght dat hij het coffes, naer de visitatie, ssijcan

1075 3739 2231 144 huyse hyt het coninght comptoit heeft becomen & seght mij, tselve

1042 3860 2339 148 eeste vertreckende schips op londen sal versenden, derhalven gelieve

1057 3943 2292 157 soo goedt te weleen van dheer frijer gernst te stellen, & hem segge, niet

1086 4025 2219 175 in het minste ter visitatie aen sijn goedt gestrencet is tis noch

1056 4106 2327 212 beten, dat sulte tot bugge is geschreet, als hier ontrent op st 1 philopps

1088 4190 2306 209 want die frelen, sij onvermaertigh, & daerom hadde aen dher

1078 4347 2218 183 frijer geraden langhs ostende sijne onnoodige baggie naer

5879 152 82 107 1d

3533 255 2462 87 huys te stuven, in iets waer in ul vangelijcken eenigen aengenama

3554 296 2385 163 dientt can doen, versoecke liberlijck te comanderen die met de

3557 393 1234 171 uporste affectie sal sijn & blijven

5353 387 656 191 Ady 25 Juny 1722

3436 492 1122 212 brussel de wed: Antoine Rousseau

5485 549 104 88 de

3575 564 2416 163 in gevolge dordre van Dheer fran rousseau van anN: ul soone

3543 673 2450 185 sende aen ul heden op bode de twee stuckiens sits die hij mij p

3539 775 2453 184 brint heeft laten toecomn, verhopende de selve ul wel gecondition

3546 901 2395 166 sult ontfanghen, & waer in ick eenigen aengenamen diu can

3532 988 2237 145 doen, versoecke te comanderen, die met alle respoet blijve

5380 1088 480 164 Adij 25d

3432 1111 827 184 brussel Stephano Rousseau

3555 1228 2462 153 j'ay receu en sotemp l'honneur de vres du 10„11 & 17 courant, ie ne trouve

3560 1309 2456 160 pas lieu de respondre a la premiere, vous estant debite pour ƒ567:11 de

3542 1442 2471 133 change qu'avez receu de mad: Van Linchout, & pour ƒ349:13 aussij de

3551 1553 2323 95 change reccu de mons. heurico borremans celon vos deux dernieres

3557 1617 2459 145 ie hiend la liberte de vous envojer cy joint l'acceptation du s. plusippus

3542 1711 2406 155 ASergoous die 25 xbre 1720 a 8usances pour ƒ 278:13 de change

3548 1839 2453 116 vous priant de procurer la payement, & m'en donner avis du reccu

3546 1910 2462 165 & n   ous occasions dispose liberement de celuy qui ce l'honneur

3550 2002 894 162 d'estre tres parfaitement

5391 2000 468 189 Adij 25d

3442 2109 821 142 London hanulton & Coote

3545 2174 2501 179 op 18 deser wat aen ue mijnen laesten, met facture & crgnossement van eene bel

3536 2318 2477 123 20 inhoudende 115 ps tijken monterende ƒ 2240:5½ wissel gelde voordert refeoren

3559 2385 2462 141 mij aen den selven, gisteren become ue aengename van 9 dser 8.5. met remise

3565 2504 1938 140 voor s £60:- a 35:5 op ger: de witte tot brugge

3869 2585 1261 145 54:13 „ 35:4 op pedro van dist

3701 2653 2308 200 £ 114: 13 waer vooren het noodigh sal besorgen. voordes segge

3540 2818 2477 132 tot antevoordt, dat de gesondene bale zo niet spoediger kan gedespescheert

3556 2879 2465 116 worden, & dat niet geschreven hebbe, is om £1 met al te veel brief poorten

3559 2970 2225 190 niet te belasten, ue ordre voor too ps. tijken, sal met alle spoedt

3559 3108 2444 155 provideren, & versenden, & vermits niet getrocken hebbe, & dat de voors remises

3558 3224 2469 150 op rekeninge van de bale N. 20 sullen dienen, soo versoecke van op ontfangh

3544 3297 2441 146 deser remises te senden voor die geordonneerde 100ps. sijnde dat aen n

3575 3412 2404 157 het rofijtelijckste dit van ue: afwaghtende blijve naer seer vrindeyde

3568 3510 427 168 groetenisse

5393 3518 429 167 Adj 26 d

3449 3600 912 176 Amst Francisio Rousseau

4296 3687 254 84 voorgen

3569 3737 2403 136 gnterrende mij aen mijnen  23 deses sedert become ue aengenaeme van

3561 3816 2354 113 selven dato oock heeft mons: acheboom voorgister avont laet de twee

3552 3897 2425 163 stuckies sits, mij ter hant gestelt, die in gevolge ul ordre, gisteren p bode

3559 4013 2400 152 van brussel, aen mevroiuw ue moeder, hebbe toegesonden. dancke ue voor

3555 4103 2478 156 d'eere aen mijn traitte gedaen, & hope dat uk aen dheer frijor sal gecomier

3557 4197 2479 160 hebben, dat de laken ontrent sijn coffer wel staen, volgens met mijnen voongen

3566 4319 2441 119 ul gementioneert & sedert heeft mijn voint van brugge niet meer geschreven,

3556 4394 2446 93 soo dat niet twijffele, oft alles gedaen is. en iets waer in ue: altijt dirsighs
