8351 4740
991 289 2422 142 N.53. vre remise de  £50:- a 35- 4 et sur mons. thijs est paye

965 410 2476 148 & vous en est credite pome ie trouve que ie suis eno en de

990 531 2432 122 ie vous prie de me remettre d'autant plus, que vous profite

985 594 2410 159 le 2 pour sent pour l'argent contant & que ie n'ay point

979 688 2385 147 le valeur en caisse s'il y a d 'autre chose a vre service

1011 767 1747 179 comande celuy qne at l'honneur d'estre

804 866 1301 194 Bruxxelles monsr. Ronbout

2648 854 796 214 Adij 21 gbre 1713

1002 1004 2435 159 jay este foit estonné de voir p la vre. du 18 court que

983 1087 2447 142 vous repuse presentement de venir icy pour fevir touchant

1003 1193 2338 144 la toilette m'envoye ie ne doute point que vous avez

994 1298 2319 137 entrepris un voyage d'anvers pour d'affaires de moins

988 1388 2392 116 de consequence & cela encor apres m'avoir te smoignez

995 1444 2413 185 passé quelque temps d'avoir besoing d'argent ce qui

990 1554 2445 175 me fait bien de la paire & me fait juger que vous

1009 1676 2414 119 avez envie de me faire la dupe & me vouloir faire

1011 1764 2303 168 payer ce que vous trouveray a propos j'ay bien

981 1846 2474 193 de m'en subsoner puisque vous me mande presentement

1014 1987 2394 138 pour le caches= quatre pieces de 3 courannes pour la

1001 2046 2421 174 gravure & trois £lo: pour l'argent & tason du dit, ie

990 2147 2469 141 vous souvient asse que voul m'avez demande quatres

1032 2244 2422 137 couronnes en tout quoy qu'il est asse cherg cependant

1012 2323 2429 167 ie vous ay presente la ditte some a vous me disiay de le

1006 2428 2347 154 recevoir avec le reste outre vous me marque qu'il

991 2513 2473 129 suffit que vous avec vre satisfactions que l'argenterte

1006 2616 2439 148 de la toilette paisse & que ie me deverois sonbinettre

1024 2698 2357 158 a ve notice cel que ie trouve la plus indique

1011 2772 2427 196 propositson & qu'on peu faire dont ie suis tout morsie

1006 2899 2450 149 & j'ap l'honneur de vous dire francement mon sentimen

1020 3010 2353 86 que ie ne m'en veut servir nellement avant d'estre

1027 3058 2391 157 absolument d'accord & l'avoir paye & paissé pieced

1022 3188 2441 154 piece come vous avez touiours fait, vous sc avez aussij

1037 3240 2230 185 que vous l'avez fait a condition que si nous ne

1025 3319 2430 203 tombous point d'accord que la vue ne me coutte rien

1034 3432 2409 189 ie ne suis pas pourtant de cette suumeur, & pour fuut

1024 3532 2326 188 & vous parler frarcaement si vous ne voule pas

1032 3648 2348 143 venir pour me rendre la fatrsfaction requise

1052 3710 2404 186 coqne ie vous ay demande il vous plaira m'ordonnes

1039 3834 2331 154 a qui mestre en mains la toilette car coute

1041 3877 2379 219 que ie ne m'en serviray point & que ie ne presend

1051 4023 2385 165 plus. de recevoir des lettres si gracceelement escrit

1041 4128 2360 135 a vre avantage il est juste que vous avez

1036 4222 2357 187 vre satisfaction & il ne pas moins que j'ay

1044 4334 2404 169 la miennesz vre torlette devray servir la semane

3575 234 2485 173 preshain & sil reste En quession il restera pour

5931 301 125 68 261

3558 324 2372 164 faire somte sur quoy vous pouvez reguler estant

3555 428 610 158 tres partaits

5219 469 760 190 Adij 11 xber 1725

3467 528 879 179 dssen de  m. drick

3629 612 2453 198 op 12 sber gepasseert hebbe ul versoght p mijn brief van te

3593 771 2473 116 comen betalen de vervalle intresten van de fwee renten die

3570 847 2516 148 bul: laste ben hebbende seders van ul: niett vernomen waer over

3577 990 2529 139 grootelijckx verwondert ben te meer om dat present wel bij casse

3589 1044 2495 124 moet sijn vermiss den oost seer favorabel is geweest, & dat

3557 1158 2532 149 de granen wel gelden comende dan andermael ul vermaenen

3570 1242 2544 133 om voldoeninge te besonen, sijnde verschenen sedert meij soo

3575 1347 2444 189 dat het seer redelijck is vertrouwende dat niet langer sult

3577 1445 2507 197 uytstellen want soude mij niet seer aeng sijn ul dan met

3558 1576 1710 166 verlangen verwaghtende blijve naer grott

5278 1672 790 205 Adij 27 xber 1723

3470 1661 1557 221 Brugge dhr Lausence Van Rentergen

3580 1806 2430 180 uk: seer aeng van 12 pass op sijn tijdt wel ouf, daer benevens

3567 1956 2515 129 de oncost rest van het pack tijken B.N.54 bedragende in pourt

3583 2052 2505 111 gelt £3:16:11en waer vooren ue gecrediteert hebbe in wisselgelde

3557 2151 2513 114 voor ƒ 19:15:6 afte in £3:5: eten ingelloten sende aen ul de

3582 2251 2516 144 gewoonelijcke quitantie van £17:10:0 en wisselgelde ten laste

3537 2361 2523 122 den keere procurator der geclmeten a cosy versoeckende

3537 2464 2415 143 die weirde in te voorderen & mijne rek daer vooren te

3590 2570 2470 139 prediteeren vermits het jaer un ontrent geeynaght is & dat

3597 2611 2350 212 onse rek in 2 garer niet gesloten is soo bidde op het

3589 2746 2346 114 spoedighste mijne re our toe te senden om de selve

3592 2848 2523 159 benevens ue te sluyden dogh ul: moet dese quitantie van

3583 2958 2501 116 £.17:10 ƒ3 daer inne brengen alsoo ue alreede daer vooren

3605 3085 2527 147 op mijne boecken gedebiteert hebbe wensche ue een salghe

3600 3185 2524 180 hooghtijdt van kerssemisse & alle bedenckelijcke benedictien

3594 3293 2454 174 en het aenstaende nuw jaet & blijve naer seer minsaeme

3604 3365 331 164 grdebr
