8269 4692
933 249 2311 104 de wissel niet reght gevolght hebt ick conde den tijde van 2 usos wel

960 333 2339 92 mijtwaghten sal ul: b alloweren voor de brieven die ue: van anderes

953 382 2356 144 hebt genomen, dogh voor ue eijgene brieven niet vermits daer bij geen

962 483 2355 128 risico is, & ben daer mede wat geschoren daer reteert noch £185:6:6

916 559 2389 196 die p uet eerste mede te gemoet sien, dogh onder mijn lindtos niet te

956 638 2231 194 remitteren,  mijn beste avantagie waer te nemen, soo het ½ 8aer

955 732 2323 189 intrest van de litteye anneities ontfanghen is gelieve de laten

958 850 2353 170 weeten, het schijnt dat de visserye comp. voortganck sal hebben

943 933 2340 192 mas wel spiculatie om daer naert in te neme de halven soo

956 1052 2343 147 de conditien voor gedragen worden versoecke de selve bij tijde te

960 1146 2353 159 laten toecomen, mede ue sentiment daer over te noteren, waer mede

2654 1265 634 152 Adij 11 meij 1720

957 1287 1266 152 naer vrindelycke groetenisse blijve

780 1374 737 172 London George Virgge

977 1460 2312 136 op 6 pass. was aen ul mijnen laetten, waer mede genoteert hebbe dat de

959 1565 2321 128 6pt ½ 3 segels sin alle strepies ten besteen mogelijck aen de man soude

971 1622 2296 193 brengen, & dat de schade oft verlies ul: vergoeden soude, voorders referrere

976 1727 2355 173 mij aen den selven, desen om ul te versoecken bij aldien niet versioght sijn

916 1831 2381 176 de selve over te leveren aen madame rebecca hamulton & cooste soo dat

979 1962 2079 146 met ue approbatie is anders niet stelle dat ue k: genoegen

962 2008 2281 225 can ue present fournieren met een partije tijsien van het alder beste

969 2131 2354 163 schoonste goedt datter oyt gemaeckt can worden, & ick twijfele niet oft ik

978 2248 2344 137 soude overgroote vergehoeginge daer bij hebben bij aldien ul: inelineert

988 2358 2255 144 versoecke op ontfangh deser ue ordre, & in afwaghtinge blijve met

995 2476 1787 150 presentatie van dienst, & groete ue: uyt ter heten

2690 2477 449 185 Adij 11 d.

804 2571 675 142 London John Tatuall

996 2609 2327 209 ue mij seer aengename van 18 passt p. 5. wel ontfanghen daer by remises

974 2710 2327 200 voor s £52:1:4 en op uso a 36:6 en ten latte judoeur van dielt welsee

978 2815 2306 225 gepresenteert hebbe om acceptatie seyde genadvoet hadde, & hebbe noch

975 2915 2175 202 gewaght tot dat wederom brieven van london qwaner die wij

946 3026 2362 184 voorgisteren gehadt hebbe ben toens noch eens acceptatie gaen

998 3114 2313 185 vraghen, & heeft dat grefuseert derhalven sende den wissel brief hier

988 3247 2337 133 ingesloten met behoorlyck protest te rugge, geleve mij te crediteren voor

977 3371 1198 130 ƒ 1:4: voor oncosten vant protest

953 3376 2374 208 ue ordre voor 60 pt tijken is voltrocken & opgepackt worden

1003 3502 2196 188 eerste wagens naer brugge versonde de facture sal ue laten

1014 3609 2175 182 te comen soo haest de oncost ick: van brugge sal ontfanghen

1009 3682 2321 205 recomandere mij in ue genegentijdt blijve met offres van dieus

2734 3802 535 141 Adj 13 meij

840 3850 699 161 brugge Rentergen

1017 3922 2291 153 ue aengename 29 passt. bij tijde wel ontfanghen, met de stalen te

1021 4023 2261 149 rugge bedanccke ue voor alle de genomene moeyte, wat aengaet de

1000 4081 2329 171 onsfastinge van mijn bieffet bij de comisen, wel ist hun gepermitteert

1014 4175 2255 205 inant t belasten, soo veel als sij goedt vinden dot waer wat raers

1027 4273 2283 234 sij moeten niet meer hebben, als voor desen, ick soude bij provisie die

3530 174 2460 152 mess. dat niet betalen, desen tot advies dat op gisteren vn voerman advoit ure

3547 247 2354 153 us: toegesonden hebbe een packie & N. 23 inhoudende 60 nr. tijken die het

3524 326 2442 153 sal brengen tot aen ul huys, oft aent schop omt ontladen te sparen de vraght

3538 419 2407 142 is veraccordeert ƒ5:10 courant gelt gelieve het selve  eerste vertreckende

3525 482 2454 166 schip te versenden, op london aen mons: John tatuall & doncost rck: & Cognoss

3539 605 2445 146 ito mogelijck mij te lasen toe comen sijn afwaghtinge blijve naer cerdvale

3535 721 425 138 groetenissen

3511 735 2496 168 heden op de borse verneme dat booridge is geanveet hebbe een packe voor mij

3547 832 2426 165 rek in sijn schip geladen, gemerckt  26 inhoudende 30 witte perpetivancen

3530 917 2465 160 sal morgen de certificatie ul toe senden on de selve in conformityt te verclan

5271 1014 628 159 Adij 14 meij 1720

3395 1051 732 188 brussel Steph: Rousseau

3557 1140 2357 139 J'aij l'honneur de vos lettres, du 4 „ 11a & 13 court, p la seconde avis, que

3508 1213 2491 155 vous avez ette paye de ma remise sur½ sergorois, y joint aussij une lettre de

3526 1305 2467 176 £50:- de change a  de veue sur sommes de doenchers, que ie vous renvoye

3546 1406 2461 143 inclose accepte p la derniere, j'ay vre remise sur mons: Jacobus de Consieck

3523 1511 2450 137 de ƒ1000:- de change dont ie procureray le necessaire en sen temp

3511 1601 1589 167 vous en serez credite ie suis tres cincerement

5281 1610 462 184 Ady 14d

3437 1723 803 135 Turnhout Egidius samen

3529 1746 2425 178 ue: aengename 2 deser wel ontfanghen, & tot nu on beantwoordt gebleven

3539 1902 2464 146 om dat eerste aen mijn vrindt wilde schrijven, die mij heden ordre geeft om

3508 1986 1418 155 de 20 ps. blouw  wit morsiens ¼ 3 segels

3628 2078 959 156 3 segels voor & wit

3546 2156 245 142 m

3644 2125 2361 193 32 ps. die mij gelieve te laten toecomen glaet de andere couleuren

4631 2263 683 151 niet voors gegaet

3551 2275 848 153 nmasien waer mede blijve

5294 2255 470 182 Adij 15 ditto

3434 2371 793 163 London Schoppens & EDward

3555 2431 2420 149 noyt deere gehadt aen ue te schrijven bij faute van kennisse door recomandatie

3546 2526 2464 184 van mijn broeder pedro melijn, & madame broeckmans itt dat mij bij ue addvissere

3545 2614 2472 182 geinformeert sijnde dat ue differente personen van hier bedient int coopen en

3520 2706 2472 147 verloopen van eenige fontsen op de luyt de comp. valt niet te guijsen, alsoo

3510 2816 2375 124 die de franche missilippy naervolght hebbe daer bij geintresseert geweest

3499 2876 2497 168 dog al te vroegh verscoght wij hebben al over langh spreulatie gemaeckt

3537 2978 2466 144 om eenige deel te nemen in de geprogecteerde vissery comp. men twijfele hue

3554 3112 2419 113 niet oft sal doort parlement gecontenteert worden, mijn broeder voors seght

3555 3200 2441 134 my, ue al ordre gegeven heeft om voor sijne ick: s £500:- laten

3548 3293 2468 134 inschrijven, soo is dat geraden vindt come dan met dsa ue versoecken

3532 3369 2509 129 van voor mijne scky: mede vijf hondert ponden sterliux te laten in schrijven

3542 3497 2429 131 soo ul het geraden vindt als de penningen noodigh sult hebben, cont de

3547 3550 2495 186 waerde op light op mij trecken, oft volgens ue advies & tijdt, sal uk: de selve

3555 3657 2479 171 remitteren, dit sijnde het noodige deses & dat blijve naer pretentetie van dinst

5411 3736 436 145 Adij 15d

3420 3783 708 160 Brugge Rentergen

3565 3819 2464 205 referere mij aen mijnen voorgaende van 13 deser desen tot geleyde van de 2

3548 3939 2494 150 certificatien ingesloten, voor mijn pack  26. in booidge geladen, d'eene tot de

3564 4032 2471 146 verclaringe & dander om onderwegen van de tollen te bevrijden, ue sal het

3545 4139 2475 154 pack adroitux p binlander mij toe senden, dit sijnde het noodige

3553 4248 1507 168 &dat blijve naer vrindelycke groet enisse
