<?xml version="1.0" encoding="UTF-8"?>
<alto xmlns:xsi="http://www.w3.org/2001/XMLSchema-instance"
      xmlns="http://www.loc.gov/standards/alto/ns-v4#"
      xmlns:page="http://schema.primaresearch.org/PAGE/gts/pagecontent/2013-07-15"
      xsi:schemaLocation="http://www.loc.gov/standards/alto/ns-v4# https://www.loc.gov/standards/alto/v4/alto.xsd">
   <Description>
      <MeasurementUnit>pixel</MeasurementUnit>
      <OCRProcessing ID="IdOcr">
         <ocrProcessingStep>
            <processingDateTime>2022-02-11T21:40:22.734+01:00</processingDateTime>
            <processingSoftware>
               <softwareCreator>READ COOP</softwareCreator>
               <softwareName>Transkribus</softwareName>
            </processingSoftware>
         </ocrProcessingStep>
      </OCRProcessing>
   </Description>
   <Layout>
      <Page ID="Page1" PHYSICAL_IMG_NR="1" HEIGHT="4747" WIDTH="8056">
         <TopMargin HEIGHT="0" WIDTH="8056" VPOS="0" HPOS="0"/>
         <LeftMargin HEIGHT="4747" WIDTH="0" VPOS="0" HPOS="0"/>
         <RightMargin HEIGHT="4747" WIDTH="0" VPOS="0" HPOS="8056"/>
         <BottomMargin HEIGHT="0" WIDTH="8056" VPOS="4747" HPOS="0"/>
         <PrintSpace HEIGHT="4747" WIDTH="8056" VPOS="0" HPOS="0">
            <TextBlock ID="region_1644472682928_527"
                       HEIGHT="4364"
                       WIDTH="2749"
                       VPOS="155"
                       HPOS="515">
               <Shape>
                  <Polygon POINTS="515,155 3264,155 3264,4519 515,4519"/>
               </Shape>
               <TextLine ID="region_1644472682928_527l1"
                         BASELINE="766,294 890,290 1014,285 1138,282 1262,278 1387,275 1511,272 1635,269 1759,266 1883,264 2008,262 2132,260 2256,258 2380,258 2504,256 2629,254 2753,254 2877,252 3001,252 3125,250 3250,250"
                         HEIGHT="134"
                         WIDTH="2519"
                         VPOS="209"
                         HPOS="749">
                  <String ID="string_region_1644472682928_527l1"
                          HEIGHT="134"
                          WIDTH="2519"
                          VPOS="209"
                          HPOS="749"
                          CONTENT="£650m iisalgelt, is oock passequelijk a costij verscogent geweest"/>
               </TextLine>
               <TextLine ID="region_1644472682928_527l2"
                         BASELINE="738,390 804,386 870,385 937,382 1003,380 1070,378 1136,376 1202,375 1269,374 1335,372 1402,370 1468,368 1534,366 1601,366 1667,364 1734,362 1800,359 1866,357 1933,354 1999,352 2066,348"
                         HEIGHT="185"
                         WIDTH="1362"
                         VPOS="258"
                         HPOS="720">
                  <String ID="string_region_1644472682928_527l2"
                          HEIGHT="185"
                          WIDTH="1362"
                          VPOS="258"
                          HPOS="720"
                          CONTENT="&amp; seght £761:- verhaert 8ot"/>
               </TextLine>
               <TextLine ID="region_1644472682928_527l3"
                         BASELINE="738,486 863,484 988,480 1113,476 1238,472 1363,466 1488,461 1613,456 1738,450 1863,444 1988,438 2113,433 2238,428 2363,424 2488,420 2613,418 2738,416 2863,414 2988,415 3113,416 3238,420"
                         HEIGHT="154"
                         WIDTH="2537"
                         VPOS="354"
                         HPOS="717">
                  <String ID="string_region_1644472682928_527l3"
                          HEIGHT="154"
                          WIDTH="2537"
                          VPOS="354"
                          HPOS="717"
                          CONTENT="ditto demeye heeft een hebstede genaempt de roypoort, gelogen"/>
               </TextLine>
               <TextLine ID="region_1644472682928_527l4"
                         BASELINE="762,580 886,576 1011,573 1136,568 1261,564 1386,560 1510,556 1635,552 1760,548 1885,542 2010,538 2134,534 2259,530 2384,526 2509,521 2634,516 2758,514 2883,510 3008,506 3133,504 3258,500"
                         HEIGHT="154"
                         WIDTH="2529"
                         VPOS="453"
                         HPOS="744">
                  <String ID="string_region_1644472682928_527l4"
                          HEIGHT="154"
                          WIDTH="2529"
                          VPOS="453"
                          HPOS="744"
                          CONTENT="noordtwaerts een halve ure kan Brugge buytende dant poort"/>
               </TextLine>
               <TextLine ID="region_1644472682928_527l5"
                         BASELINE="748,682 861,677 975,672 1089,666 1203,662 1317,656 1430,652 1544,648 1658,644 1772,641 1886,638 1999,634 2113,630 2227,626 2341,623 2455,619 2568,616 2682,612 2796,607 2910,603 3024,598"
                         HEIGHT="239"
                         WIDTH="2311"
                         VPOS="510"
                         HPOS="729">
                  <String ID="string_region_1644472682928_527l5"
                          HEIGHT="239"
                          WIDTH="2311"
                          VPOS="510"
                          HPOS="729"
                          CONTENT="groot 46 gemeeten vendeert rij geet ƒ300:- sjaer"/>
               </TextLine>
               <TextLine ID="region_1644472682928_527l6"
                         BASELINE="732,780 856,776 981,772 1106,767 1230,762 1355,758 1480,754 1604,749 1729,744 1854,740 1979,736 2103,732 2228,727 2353,722 2477,719 2602,715 2727,712 2851,708 2976,706 3101,702 3226,700"
                         HEIGHT="164"
                         WIDTH="2531"
                         VPOS="628"
                         HPOS="713">
                  <String ID="string_region_1644472682928_527l6"
                          HEIGHT="164"
                          WIDTH="2531"
                          VPOS="628"
                          HPOS="713"
                          CONTENT="versoecke seer vrindelyk van nouheurie sigt in formeren"/>
               </TextLine>
               <TextLine ID="region_1644472682928_527l7"
                         BASELINE="760,876 884,872 1009,869 1133,864 1258,860 1382,855 1507,850 1631,844 1756,840 1880,834 2005,829 2129,823 2254,818 2378,812 2503,808 2627,804 2752,798 2876,794 3001,790 3125,788 3250,784"
                         HEIGHT="230"
                         WIDTH="2522"
                         VPOS="713"
                         HPOS="743">
                  <String ID="string_region_1644472682928_527l7"
                          HEIGHT="230"
                          WIDTH="2522"
                          VPOS="713"
                          HPOS="743"
                          CONTENT="oft alles is, gelijck hier boven vermelt, ontrens de eerlijcheyt"/>
               </TextLine>
               <TextLine ID="region_1644472682928_527l8"
                         BASELINE="782,996 903,989 1025,982 1146,975 1268,969 1390,963 1511,958 1633,953 1754,948 1876,944 1998,938 2119,934 2241,929 2362,924 2484,919 2606,912 2727,906 2849,899 2970,891 3092,882 3214,872"
                         HEIGHT="250"
                         WIDTH="2462"
                         VPOS="808"
                         HPOS="765">
                  <String ID="string_region_1644472682928_527l8"
                          HEIGHT="250"
                          WIDTH="2462"
                          VPOS="808"
                          HPOS="765"
                          CONTENT="als hofstede daer aen annext, oock hoe veel de hofstede"/>
               </TextLine>
               <TextLine ID="region_1644472682928_527l9"
                         BASELINE="758,1100 882,1094 1006,1088 1130,1082 1254,1076 1379,1070 1503,1065 1627,1060 1751,1054 1875,1049 2000,1044 2124,1038 2248,1034 2372,1028 2496,1022 2621,1016 2745,1008 2869,1003 2993,995 3117,988 3242,978"
                         HEIGHT="198"
                         WIDTH="2517"
                         VPOS="925"
                         HPOS="741">
                  <String ID="string_region_1644472682928_527l9"
                          HEIGHT="198"
                          WIDTH="2517"
                          VPOS="925"
                          HPOS="741"
                          CONTENT="met de 46 gemeten buyter de dant poort, geweerdeen wort "/>
               </TextLine>
               <TextLine ID="region_1644472682928_527l10"
                         BASELINE="762,1214 881,1207 1000,1200 1120,1194 1239,1187 1359,1182 1478,1177 1597,1172 1717,1167 1836,1162 1956,1158 2075,1153 2194,1148 2314,1143 2433,1139 2553,1134 2672,1128 2791,1122 2911,1116 3030,1108 3150,1100"
                         HEIGHT="253"
                         WIDTH="2428"
                         VPOS="1012"
                         HPOS="741">
                  <String ID="string_region_1644472682928_527l10"
                          HEIGHT="253"
                          WIDTH="2428"
                          VPOS="1012"
                          HPOS="741"
                          CONTENT=" hoe veel verhuert boy gelt, saet mij het grootite"/>
               </TextLine>
               <TextLine ID="region_1644472682928_527l11"
                         BASELINE="762,1326 886,1317 1010,1307 1134,1300 1258,1292 1383,1285 1507,1278 1631,1272 1755,1268 1879,1262 2004,1257 2128,1252 2252,1248 2376,1243 2500,1238 2625,1234 2749,1230 2873,1225 2997,1220 3121,1215 3246,1208"
                         HEIGHT="280"
                         WIDTH="2519"
                         VPOS="1116"
                         HPOS="744">
                  <String ID="string_region_1644472682928_527l11"
                          HEIGHT="280"
                          WIDTH="2519"
                          VPOS="1116"
                          HPOS="744"
                          CONTENT="plaisier doen, bij aldien daer een rechte &amp; goede in forma"/>
               </TextLine>
               <TextLine ID="region_1644472682928_527l12"
                         BASELINE="766,1436 888,1427 1010,1418 1132,1410 1254,1403 1377,1396 1499,1389 1621,1383 1743,1377 1865,1372 1988,1366 2110,1362 2232,1357 2354,1352 2476,1348 2599,1343 2721,1338 2843,1334 2965,1329 3087,1324 3210,1318"
                         HEIGHT="237"
                         WIDTH="2479"
                         VPOS="1231"
                         HPOS="749">
                  <String ID="string_region_1644472682928_527l12"
                          HEIGHT="237"
                          WIDTH="2479"
                          VPOS="1231"
                          HPOS="749"
                          CONTENT="van becompt het gelt dat gevraeght wort is ƒ 18000:-"/>
               </TextLine>
               <TextLine ID="region_1644472682928_527l13"
                         BASELINE="776,1534 859,1530 943,1526 1026,1522 1110,1518 1194,1514 1277,1508 1361,1505 1444,1500 1528,1495 1612,1490 1695,1486 1779,1482 1862,1478 1946,1475 2030,1472 2113,1470 2197,1466 2280,1465 2364,1464 2448,1464"
                         HEIGHT="251"
                         WIDTH="1706"
                         VPOS="1361"
                         HPOS="757">
                  <String ID="string_region_1644472682928_527l13"
                          HEIGHT="251"
                          WIDTH="1706"
                          VPOS="1361"
                          HPOS="757"
                          CONTENT="bressel geleden dat geen bagaucie is"/>
               </TextLine>
               <TextLine ID="region_1644472682928_527l14"
                         BASELINE="782,1646 901,1642 1020,1636 1139,1630 1259,1624 1378,1619 1497,1612 1617,1607 1736,1602 1855,1596 1975,1592 2094,1588 2213,1582 2332,1578 2452,1574 2571,1570 2690,1568 2810,1564 2929,1562 3048,1560 3168,1558"
                         HEIGHT="295"
                         WIDTH="2423"
                         VPOS="1400"
                         HPOS="763">
                  <String ID="string_region_1644472682928_527l14"
                          HEIGHT="295"
                          WIDTH="2423"
                          VPOS="1400"
                          HPOS="763"
                          CONTENT="ser soeuke mede te vragen swaer onder dese landen"/>
               </TextLine>
               <TextLine ID="region_1644472682928_527l15"
                         BASELINE="762,1746 843,1744 924,1742 1006,1738 1087,1736 1169,1734 1250,1730 1331,1728 1413,1725 1494,1722 1576,1718 1657,1716 1738,1713 1820,1710 1901,1706 1983,1704 2064,1701 2145,1698 2227,1695 2308,1692 2390,1690"
                         HEIGHT="213"
                         WIDTH="1665"
                         VPOS="1603"
                         HPOS="743">
                  <String ID="string_region_1644472682928_527l15"
                          HEIGHT="213"
                          WIDTH="1665"
                          VPOS="1603"
                          HPOS="743"
                          CONTENT="roen, moeten geerft worden"/>
               </TextLine>
               <TextLine ID="region_1644472682928_527l16"
                         BASELINE="778,1858 901,1853 1024,1848 1147,1844 1270,1840 1394,1835 1517,1831 1640,1826 1763,1822 1886,1819 2010,1814 2133,1810 2256,1806 2379,1802 2502,1798 2626,1795 2749,1792 2872,1788 2995,1786 3118,1782 3242,1780"
                         HEIGHT="263"
                         WIDTH="2497"
                         VPOS="1651"
                         HPOS="760">
                  <String ID="string_region_1644472682928_527l16"
                          HEIGHT="263"
                          WIDTH="2497"
                          VPOS="1651"
                          HPOS="760"
                          CONTENT="sal ul antsoort met groot venfangen afwoghten"/>
               </TextLine>
               <TextLine ID="region_1644472682928_527l17"
                         BASELINE="768,1962 888,1958 1009,1955 1130,1951 1250,1948 1371,1943 1492,1938 1612,1934 1733,1930 1854,1926 1975,1922 2095,1918 2216,1913 2337,1910 2457,1906 2578,1902 2699,1898 2819,1894 2940,1892 3061,1888 3182,1886"
                         HEIGHT="258"
                         WIDTH="2448"
                         VPOS="1786"
                         HPOS="752">
                  <String ID="string_region_1644472682928_527l17"
                          HEIGHT="258"
                          WIDTH="2448"
                          VPOS="1786"
                          HPOS="752"
                          CONTENT="hij pretenteert noch andere panden gelegen testen"/>
               </TextLine>
               <TextLine ID="region_1644472682928_527l18"
                         BASELINE="782,2082 902,2077 1022,2072 1142,2067 1262,2062 1382,2058 1502,2053 1622,2048 1742,2044 1862,2038 1982,2034 2102,2029 2222,2025 2342,2020 2462,2016 2582,2010 2702,2006 2822,2002 2942,1997 3062,1992 3182,1988"
                         HEIGHT="217"
                         WIDTH="2432"
                         VPOS="1922"
                         HPOS="765">
                  <String ID="string_region_1644472682928_527l18"
                          HEIGHT="217"
                          WIDTH="2432"
                          VPOS="1922"
                          HPOS="765"
                          CONTENT="brugge ts gent, daer hij op voort tseght hij omy"/>
               </TextLine>
               <TextLine ID="region_1644472682928_527l19"
                         BASELINE="782,2192 905,2186 1028,2180 1151,2174 1274,2170 1397,2164 1520,2159 1643,2154 1766,2150 1889,2146 2012,2140 2135,2137 2258,2134 2381,2130 2504,2126 2627,2122 2750,2120 2873,2116 2996,2114 3119,2111 3242,2108"
                         HEIGHT="238"
                         WIDTH="2497"
                         VPOS="1990"
                         HPOS="763">
                  <String ID="string_region_1644472682928_527l19"
                          HEIGHT="238"
                          WIDTH="2497"
                          VPOS="1990"
                          HPOS="763"
                          CONTENT="wel bekent is aen mij echter niet, syt verschen alles"/>
               </TextLine>
               <TextLine ID="region_1644472682928_527l20"
                         BASELINE="788,2296 849,2292 910,2289 971,2286 1032,2282 1094,2280 1155,2277 1216,2275 1277,2273 1338,2271 1400,2270 1461,2268 1522,2266 1583,2265 1644,2264 1706,2262 1767,2260 1828,2258 1889,2256 1950,2254 2012,2250"
                         HEIGHT="192"
                         WIDTH="1261"
                         VPOS="2158"
                         HPOS="769">
                  <String ID="string_region_1644472682928_527l20"
                          HEIGHT="192"
                          WIDTH="1261"
                          VPOS="2158"
                          HPOS="769"
                          CONTENT="gescireteert sal blijven."/>
               </TextLine>
               <TextLine ID="region_1644472682928_527l21"
                         BASELINE="2540,2366 2573,2364 2606,2363 2639,2362 2672,2362 2705,2360 2738,2360 2771,2360 2804,2360 2837,2360 2870,2360 2903,2360 2936,2360 2969,2360 3002,2360 3035,2360 3068,2360 3101,2360 3134,2358 3167,2358 3200,2358"
                         HEIGHT="227"
                         WIDTH="693"
                         VPOS="2204"
                         HPOS="2524">
                  <String ID="string_region_1644472682928_527l21"
                          HEIGHT="227"
                          WIDTH="693"
                          VPOS="2204"
                          HPOS="2524"
                          CONTENT="Adij 17 augd 1714"/>
               </TextLine>
               <TextLine ID="region_1644472682928_527l22"
                         BASELINE="612,2420 654,2416 696,2413 738,2410 780,2407 822,2404 864,2401 906,2398 948,2395 990,2393 1032,2391 1074,2389 1116,2388 1158,2386 1200,2386 1242,2386 1284,2386 1326,2386 1368,2388 1410,2390 1452,2392"
                         HEIGHT="169"
                         WIDTH="877"
                         VPOS="2276"
                         HPOS="592">
                  <String ID="string_region_1644472682928_527l22"
                          HEIGHT="169"
                          WIDTH="877"
                          VPOS="2276"
                          HPOS="592"
                          CONTENT="Turnhaut H. Bruegs"/>
               </TextLine>
               <TextLine ID="region_1644472682928_527l23"
                         BASELINE="796,2492 914,2487 1032,2482 1150,2478 1268,2474 1386,2470 1504,2466 1622,2464 1740,2460 1858,2457 1977,2454 2095,2452 2213,2449 2331,2448 2449,2446 2567,2444 2685,2444 2803,2444 2921,2442 3039,2444 3158,2444"
                         HEIGHT="240"
                         WIDTH="2398"
                         VPOS="2293"
                         HPOS="777">
                  <String ID="string_region_1644472682928_527l23"
                          HEIGHT="240"
                          WIDTH="2398"
                          VPOS="2293"
                          HPOS="777"
                          CONTENT="ue aeng van gistren is mij door ue dogten desn morgen"/>
               </TextLine>
               <TextLine ID="region_1644472682928_527l24"
                         BASELINE="808,2604 929,2598 1051,2592 1172,2587 1294,2582 1415,2578 1537,2572 1658,2568 1780,2564 1901,2559 2023,2555 2144,2551 2266,2547 2387,2544 2509,2540 2630,2536 2752,2532 2873,2529 2995,2526 3116,2522 3238,2520"
                         HEIGHT="220"
                         WIDTH="2468"
                         VPOS="2437"
                         HPOS="789">
                  <String ID="string_region_1644472682928_527l24"
                          HEIGHT="220"
                          WIDTH="2468"
                          VPOS="2437"
                          HPOS="789"
                          CONTENT="wel behandeght daer uyt vernomen hoe dat ue met sanem"/>
               </TextLine>
               <TextLine ID="region_1644472682928_527l25"
                         BASELINE="796,2716 918,2705 1040,2697 1162,2688 1284,2679 1407,2673 1529,2666 1651,2661 1773,2656 1895,2650 2018,2646 2140,2642 2262,2637 2384,2634 2506,2630 2629,2626 2751,2622 2873,2618 2995,2614 3117,2608 3240,2604"
                         HEIGHT="229"
                         WIDTH="2479"
                         VPOS="2528"
                         HPOS="778">
                  <String ID="string_region_1644472682928_527l25"
                          HEIGHT="229"
                          WIDTH="2479"
                          VPOS="2528"
                          HPOS="778"
                          CONTENT="gevaeren tsijdt, hij heeft mij comen vinden &amp; gesijdt dat u naw"/>
               </TextLine>
               <TextLine ID="region_1644472682928_527l26"
                         BASELINE="708,2812 832,2808 957,2804 1081,2800 1206,2795 1330,2790 1455,2784 1579,2778 1704,2773 1828,2767 1953,2760 2077,2754 2202,2748 2326,2743 2451,2737 2575,2732 2700,2726 2824,2722 2949,2716 3073,2712 3198,2708"
                         HEIGHT="209"
                         WIDTH="2523"
                         VPOS="2618"
                         HPOS="691">
                  <String ID="string_region_1644472682928_527l26"
                          HEIGHT="209"
                          WIDTH="2523"
                          VPOS="2618"
                          HPOS="691"
                          CONTENT="de moorkens gevraeght hieft &amp; dat selfs meer geooden hebt"/>
               </TextLine>
               <TextLine ID="region_1644472682928_527l27"
                         BASELINE="808,2928 925,2921 1043,2912 1161,2906 1278,2899 1396,2893 1514,2887 1631,2882 1749,2876 1867,2871 1985,2865 2102,2861 2220,2855 2338,2850 2455,2845 2573,2840 2691,2834 2808,2828 2926,2822 3044,2814 3162,2808"
                         HEIGHT="221"
                         WIDTH="2390"
                         VPOS="2730"
                         HPOS="790">
                  <String ID="string_region_1644472682928_527l27"
                          HEIGHT="221"
                          WIDTH="2390"
                          VPOS="2730"
                          HPOS="790"
                          CONTENT="als hij mij die voor desen gelevert heeft  heeft de selve"/>
               </TextLine>
               <TextLine ID="region_1644472682928_527l28"
                         BASELINE="780,3048 894,3036 1009,3026 1124,3016 1238,3010 1353,3002 1468,2996 1582,2990 1697,2986 1812,2982 1927,2978 2041,2974 2156,2970 2271,2965 2385,2961 2500,2956 2615,2950 2729,2945 2844,2938 2959,2929 3074,2920"
                         HEIGHT="276"
                         WIDTH="2330"
                         VPOS="2830"
                         HPOS="761">
                  <String ID="string_region_1644472682928_527l28"
                          HEIGHT="276"
                          WIDTH="2330"
                          VPOS="2830"
                          HPOS="761"
                          CONTENT="gepretenteert te waten, de  3 segels blaeue vriett"/>
               </TextLine>
               <TextLine ID="region_1644472682928_527l29"
                         BASELINE="798,3148 920,3140 1043,3130 1165,3122 1288,3114 1411,3108 1533,3102 1656,3097 1778,3092 1901,3087 2024,3082 2146,3078 2269,3072 2391,3068 2514,3062 2637,3058 2759,3052 2882,3046 3004,3040 3127,3033 3250,3026"
                         HEIGHT="218"
                         WIDTH="2487"
                         VPOS="2958"
                         HPOS="779">
                  <String ID="string_region_1644472682928_527l29"
                          HEIGHT="218"
                          WIDTH="2487"
                          VPOS="2958"
                          HPOS="779"
                          CONTENT="mookens ƒ10„10: wisselglt met 2 P rabat voor sontante"/>
               </TextLine>
               <TextLine ID="region_1644472682928_527l30"
                         BASELINE="792,3250 914,3244 1037,3236 1159,3229 1282,3223 1404,3217 1527,3212 1649,3207 1772,3202 1894,3196 2017,3192 2139,3186 2262,3181 2384,3176 2507,3172 2629,3166 2752,3162 2874,3157 2997,3152 3119,3147 3242,3142"
                         HEIGHT="268"
                         WIDTH="2481"
                         VPOS="3038"
                         HPOS="774">
                  <String ID="string_region_1644472682928_527l30"
                          HEIGHT="268"
                          WIDTH="2481"
                          VPOS="3038"
                          HPOS="774"
                          CONTENT="betaelinge oock van alle andere ggelijke soorte dat maer"/>
               </TextLine>
               <TextLine ID="region_1644472682928_527l31"
                         BASELINE="812,3364 930,3354 1049,3346 1167,3338 1286,3332 1404,3326 1523,3320 1641,3315 1760,3310 1878,3308 1997,3303 2115,3300 2234,3296 2352,3291 2471,3287 2589,3282 2708,3277 2826,3270 2945,3264 3063,3256 3182,3248"
                         HEIGHT="195"
                         WIDTH="2402"
                         VPOS="3209"
                         HPOS="793">
                  <String ID="string_region_1644472682928_527l31"
                          HEIGHT="195"
                          WIDTH="2402"
                          VPOS="3209"
                          HPOS="793"
                          CONTENT="dragen laeden ick hebbe hem geanttwoort volgens ue"/>
               </TextLine>
               <TextLine ID="region_1644472682928_527l32"
                         BASELINE="802,3474 924,3466 1047,3460 1169,3454 1292,3448 1415,3442 1537,3436 1660,3430 1782,3426 1905,3420 2028,3416 2150,3410 2273,3404 2395,3399 2518,3394 2641,3388 2763,3381 2886,3375 3008,3368 3131,3360 3254,3354"
                         HEIGHT="234"
                         WIDTH="2487"
                         VPOS="3248"
                         HPOS="785">
                  <String ID="string_region_1644472682928_527l32"
                          HEIGHT="234"
                          WIDTH="2487"
                          VPOS="3248"
                          HPOS="785"
                          CONTENT="versoeckn dat mets noodig hadde cal selfs dat de cormee"/>
               </TextLine>
               <TextLine ID="region_1644472682928_527l33"
                         BASELINE="796,3584 919,3578 1042,3572 1165,3566 1288,3561 1411,3556 1534,3552 1657,3548 1780,3542 1903,3538 2027,3534 2150,3528 2273,3524 2396,3518 2519,3512 2642,3506 2765,3499 2888,3492 3011,3484 3134,3474 3258,3464"
                         HEIGHT="229"
                         WIDTH="2498"
                         VPOS="3363"
                         HPOS="773">
                  <String ID="string_region_1644472682928_527l33"
                          HEIGHT="229"
                          WIDTH="2498"
                          VPOS="3363"
                          HPOS="773"
                          CONTENT="die voor moorkens quanen agefereven hadde, om die reitie"/>
               </TextLine>
               <TextLine ID="region_1644472682928_527l34"
                         BASELINE="736,3702 859,3691 983,3682 1107,3674 1230,3668 1354,3662 1478,3658 1601,3654 1725,3652 1849,3648 1973,3646 2096,3643 2220,3640 2344,3637 2467,3632 2591,3628 2715,3622 2838,3616 2962,3607 3086,3596 3210,3586"
                         HEIGHT="255"
                         WIDTH="2512"
                         VPOS="3503"
                         HPOS="716">
                  <String ID="string_region_1644472682928_527l34"
                          HEIGHT="255"
                          WIDTH="2512"
                          VPOS="3503"
                          HPOS="716"
                          CONTENT="die daer mede hadden &amp; geen profijt  hij heeft dat hijbiglijck "/>
               </TextLine>
               <TextLine ID="region_1644472682928_527l35"
                         BASELINE="784,3816 906,3805 1028,3796 1150,3789 1272,3782 1394,3775 1516,3770 1638,3764 1760,3760 1882,3756 2005,3752 2127,3749 2249,3746 2371,3742 2493,3740 2615,3736 2737,3732 2859,3728 2981,3724 3103,3719 3226,3714"
                         HEIGHT="259"
                         WIDTH="2476"
                         VPOS="3612"
                         HPOS="766">
                  <String ID="string_region_1644472682928_527l35"
                          HEIGHT="259"
                          WIDTH="2476"
                          VPOS="3612"
                          HPOS="766"
                          CONTENT="gelooft, vertrouwe dat ude de moorkens srjgen sal dog"/>
               </TextLine>
               <TextLine ID="region_1644472682928_527l36"
                         BASELINE="794,3938 917,3925 1040,3915 1163,3905 1286,3896 1409,3889 1532,3883 1655,3877 1778,3872 1901,3868 2024,3864 2147,3862 2270,3858 2393,3856 2516,3854 2639,3852 2762,3850 2885,3848 3008,3844 3131,3842 3254,3838"
                         HEIGHT="250"
                         WIDTH="2491"
                         VPOS="3711"
                         HPOS="778">
                  <String ID="string_region_1644472682928_527l36"
                          HEIGHT="250"
                          WIDTH="2491"
                          VPOS="3711"
                          HPOS="778"
                          CONTENT="soude, die niet begeiren als tot ƒ 10„10: ussel gelt et"/>
               </TextLine>
               <TextLine ID="region_1644472682928_527l37"
                         BASELINE="824,4048 941,4036 1059,4025 1176,4016 1294,4009 1412,4001 1529,3996 1647,3991 1764,3986 1882,3982 2000,3978 2117,3976 2235,3972 2352,3970 2470,3968 2588,3964 2705,3962 2823,3958 2940,3955 3058,3950 3176,3946"
                         HEIGHT="210"
                         WIDTH="2387"
                         VPOS="3857"
                         HPOS="805">
                  <String ID="string_region_1644472682928_527l37"
                          HEIGHT="210"
                          WIDTH="2387"
                          VPOS="3857"
                          HPOS="805"
                          CONTENT="1 pcrabat hij presenteert mij 2 rabat esendt"/>
               </TextLine>
               <TextLine ID="region_1644472682928_527l38"
                         BASELINE="728,4148 849,4144 970,4138 1092,4132 1213,4127 1335,4120 1456,4116 1577,4110 1699,4104 1820,4098 1942,4092 2063,4088 2184,4082 2306,4078 2427,4074 2549,4070 2670,4066 2791,4064 2913,4062 3034,4060 3156,4058"
                         HEIGHT="197"
                         WIDTH="2460"
                         VPOS="3997"
                         HPOS="710">
                  <String ID="string_region_1644472682928_527l38"
                          HEIGHT="197"
                          WIDTH="2460"
                          VPOS="3997"
                          HPOS="710"
                          CONTENT="de sps die uf: heeft, dan ue eijgen maechsie &amp; dan"/>
               </TextLine>
               <TextLine ID="region_1644472682928_527l39"
                         BASELINE="794,4256 916,4250 1039,4244 1161,4239 1284,4233 1407,4228 1529,4224 1652,4218 1774,4213 1897,4208 2020,4202 2142,4198 2265,4192 2387,4188 2510,4182 2633,4178 2755,4172 2878,4168 3000,4162 3123,4158 3246,4154"
                         HEIGHT="189"
                         WIDTH="2488"
                         VPOS="4074"
                         HPOS="775">
                  <String ID="string_region_1644472682928_527l39"
                          HEIGHT="189"
                          WIDTH="2488"
                          VPOS="4074"
                          HPOS="775"
                          CONTENT="moete noch 22 ps hebben te weeten van blauw gevil"/>
               </TextLine>
               <TextLine ID="region_1644472682928_527l40"
                         BASELINE="796,4356 918,4354 1041,4352 1164,4348 1287,4344 1410,4339 1533,4334 1656,4327 1779,4321 1902,4316 2025,4310 2147,4303 2270,4297 2393,4292 2516,4288 2639,4283 2762,4280 2885,4276 3008,4274 3131,4274 3254,4274"
                         HEIGHT="227"
                         WIDTH="2494"
                         VPOS="4190"
                         HPOS="777">
                  <String ID="string_region_1644472682928_527l40"
                          HEIGHT="227"
                          WIDTH="2494"
                          VPOS="4190"
                          HPOS="777"
                          CONTENT="3de. 2 gis geel beriet van samen soo iee die becomen"/>
               </TextLine>
               <TextLine ID="region_1644472682928_527l41"
                         BASELINE="822,4472 943,4467 1065,4459 1187,4454 1309,4448 1431,4442 1552,4436 1674,4432 1796,4426 1918,4422 2040,4417 2161,4413 2283,4408 2405,4404 2527,4400 2649,4394 2770,4390 2892,4385 3014,4379 3136,4374 3258,4368"
                         HEIGHT="191"
                         WIDTH="2473"
                         VPOS="4288"
                         HPOS="803">
                  <String ID="string_region_1644472682928_527l41"
                          HEIGHT="191"
                          WIDTH="2473"
                          VPOS="4288"
                          HPOS="803"
                          CONTENT="can saldie legens donderdag verwaghten ten minsten"/>
               </TextLine>
            </TextBlock>
            <TextBlock ID="region_1644472687168_530"
                       HEIGHT="4336"
                       WIDTH="2777"
                       VPOS="148"
                       HPOS="3327">
               <Shape>
                  <Polygon POINTS="3327,148 6104,148 6104,4484 3327,4484"/>
               </Shape>
               <TextLine ID="region_1644472687168_530l1"
                         BASELINE="3452,266 3579,262 3706,260 3834,256 3961,253 4089,250 4216,246 4343,244 4471,240 4598,238 4726,236 4853,234 4980,234 5108,234 5235,235 5363,238 5490,240 5617,244 5745,250 5872,258 6000,266"
                         HEIGHT="129"
                         WIDTH="2581"
                         VPOS="167"
                         HPOS="3436">
                  <String ID="string_region_1644472687168_530l1"
                          HEIGHT="129"
                          WIDTH="2581"
                          VPOS="167"
                          HPOS="3436"
                          CONTENT="die dan ue &amp; soo met sanen met ten rechten cont geraken sal an"/>
               </TextLine>
               <TextLine ID="region_1644472687168_530l2"
                         BASELINE="3464,380 3589,370 3714,362 3840,356 3965,349 4091,344 4216,338 4341,334 4467,332 4592,330 4718,328 4843,326 4968,326 5094,326 5219,328 5345,328 5470,330 5595,332 5721,336 5846,339 5972,342"
                         HEIGHT="144"
                         WIDTH="2544"
                         VPOS="234"
                         HPOS="3445">
                  <String ID="string_region_1644472687168_530l2"
                          HEIGHT="144"
                          WIDTH="2544"
                          VPOS="234"
                          HPOS="3445"
                          CONTENT="die selver vragen, sal tot mijnden profijt resen, dat hem"/>
               </TextLine>
               <TextLine ID="region_1644472687168_530l3"
                         BASELINE="3500,486 3624,476 3748,465 3873,456 3997,449 4122,442 4246,436 4370,432 4495,427 4619,424 4744,421 4868,419 4992,418 5117,416 5241,416 5366,416 5490,416 5614,418 5739,418 5863,420 5988,420"
                         HEIGHT="225"
                         WIDTH="2522"
                         VPOS="318"
                         HPOS="3483">
                  <String ID="string_region_1644472687168_530l3"
                          HEIGHT="225"
                          WIDTH="2522"
                          VPOS="318"
                          HPOS="3483"
                          CONTENT="geweijgen hebbe is om uy te voldoen, geweest, als mijn affaires"/>
               </TextLine>
               <TextLine ID="region_1644472687168_530l4"
                         BASELINE="3516,584 3640,570 3764,559 3888,550 4012,541 4136,533 4260,526 4384,520 4508,515 4632,512 4756,508 4880,506 5004,504 5128,504 5252,504 5376,504 5500,506 5624,507 5748,510 5872,512 5996,516"
                         HEIGHT="179"
                         WIDTH="2510"
                         VPOS="428"
                         HPOS="3500">
                  <String ID="string_region_1644472687168_530l4"
                          HEIGHT="179"
                          WIDTH="2510"
                          VPOS="428"
                          HPOS="3500"
                          CONTENT="niet een, oft tesree doen, can sal den derden niet compboyere "/>
               </TextLine>
               <TextLine ID="region_1644472687168_530l5"
                         BASELINE="3500,698 3625,683 3750,670 3875,659 4000,647 4126,638 4251,630 4376,623 4501,616 4626,610 4752,606 4877,602 5002,598 5127,596 5252,596 5378,596 5503,596 5628,597 5753,599 5878,602 6004,606"
                         HEIGHT="211"
                         WIDTH="2537"
                         VPOS="501"
                         HPOS="3481">
                  <String ID="string_region_1644472687168_530l5"
                          HEIGHT="211"
                          WIDTH="2537"
                          VPOS="501"
                          HPOS="3481"
                          CONTENT="ue: laeder noch blaeude niet bij deels vinden tot ul: neright"/>
               </TextLine>
               <TextLine ID="region_1644472687168_530l6"
                         BASELINE="3502,806 3625,792 3749,778 3873,764 3996,752 4120,741 4244,731 4367,723 4491,715 4615,709 4739,704 4862,700 4986,696 5110,694 5233,694 5357,694 5481,694 5604,696 5728,700 5852,703 5976,708"
                         HEIGHT="223"
                         WIDTH="2506"
                         VPOS="594"
                         HPOS="3480">
                  <String ID="string_region_1644472687168_530l6"
                          HEIGHT="223"
                          WIDTH="2506"
                          VPOS="594"
                          HPOS="3480"
                          CONTENT="dog begere geen slecht goet want soude verobligeert &amp; sijn"/>
               </TextLine>
               <TextLine ID="region_1644472687168_530l7"
                         BASELINE="3496,914 3619,900 3743,887 3866,874 3990,861 4114,852 4237,842 4361,833 4484,825 4608,818 4732,812 4855,806 4979,802 5102,798 5226,794 5350,792 5473,790 5597,790 5720,790 5844,790 5968,792"
                         HEIGHT="228"
                         WIDTH="2511"
                         VPOS="696"
                         HPOS="3476">
                  <String ID="string_region_1644472687168_530l7"
                          HEIGHT="228"
                          WIDTH="2511"
                          VPOS="696"
                          HPOS="3476"
                          CONTENT="adi die vreder te senden, gelijck aen diels gedaen hebbe"/>
               </TextLine>
               <TextLine ID="region_1644472687168_530l8"
                         BASELINE="3504,1016 3574,1009 3644,1003 3714,998 3784,993 3855,987 3925,981 3995,976 4065,971 4135,966 4206,961 4276,957 4346,952 4416,949 4486,944 4557,940 4627,936 4697,932 4767,928 4837,923 4908,920"
                         HEIGHT="228"
                         WIDTH="1440"
                         VPOS="824"
                         HPOS="3483">
                  <String ID="string_region_1644472687168_530l8"
                          HEIGHT="228"
                          WIDTH="1440"
                          VPOS="824"
                          HPOS="3483"
                          CONTENT="waer mede blijve en haeste"/>
               </TextLine>
               <TextLine ID="region_1644472687168_530l9"
                         BASELINE="5238,1056 5271,1055 5304,1054 5338,1054 5371,1054 5405,1052 5438,1052 5471,1052 5505,1052 5538,1053 5572,1054 5605,1054 5638,1054 5672,1054 5705,1055 5739,1056 5772,1056 5805,1058 5839,1058 5872,1059 5906,1060"
                         HEIGHT="196"
                         WIDTH="702"
                         VPOS="904"
                         HPOS="5220">
                  <String ID="string_region_1644472687168_530l9"
                          HEIGHT="196"
                          WIDTH="702"
                          VPOS="904"
                          HPOS="5220"
                          CONTENT="Adij 9 aug. 1719"/>
               </TextLine>
               <TextLine ID="region_1644472687168_530l10"
                         BASELINE="3360,1114 3413,1110 3467,1107 3521,1104 3574,1102 3628,1100 3682,1098 3735,1095 3789,1093 3843,1090 3897,1088 3950,1087 4004,1084 4058,1083 4111,1081 4165,1080 4219,1077 4272,1076 4326,1073 4380,1072 4434,1070"
                         HEIGHT="177"
                         WIDTH="1107"
                         VPOS="955"
                         HPOS="3342">
                  <String ID="string_region_1644472687168_530l10"
                          HEIGHT="177"
                          WIDTH="1107"
                          VPOS="955"
                          HPOS="3342"
                          CONTENT="werton Samu. Buridge"/>
               </TextLine>
               <TextLine ID="region_1644472687168_530l11"
                         BASELINE="3506,1202 3629,1196 3752,1190 3875,1182 3999,1176 4122,1170 4245,1164 4369,1160 4492,1155 4615,1150 4739,1146 4862,1144 4985,1141 5108,1140 5232,1138 5355,1138 5478,1139 5602,1141 5725,1144 5848,1148 5972,1154"
                         HEIGHT="182"
                         WIDTH="2499"
                         VPOS="1035"
                         HPOS="3488">
                  <String ID="string_region_1644472687168_530l11"
                          HEIGHT="182"
                          WIDTH="2499"
                          VPOS="1035"
                          HPOS="3488"
                          CONTENT="uf: aeng. Jan 28 junij lest 6:3. op sijn tijde wel onsfanghen "/>
               </TextLine>
               <TextLine ID="region_1644472687168_530l12"
                         BASELINE="3502,1308 3626,1295 3750,1285 3874,1275 3998,1266 4122,1258 4246,1251 4370,1246 4494,1240 4618,1237 4743,1233 4867,1230 4991,1228 5115,1226 5239,1224 5363,1224 5487,1224 5611,1222 5735,1222 5859,1222 5984,1222"
                         HEIGHT="203"
                         WIDTH="2515"
                         VPOS="1130"
                         HPOS="3485">
                  <String ID="string_region_1644472687168_530l12"
                          HEIGHT="203"
                          WIDTH="2515"
                          VPOS="1130"
                          HPOS="3485"
                          CONTENT="waer bij verneme, dat mijn ordre ontrent de perpett. reght was"/>
               </TextLine>
               <TextLine ID="region_1644472687168_530l13"
                         BASELINE="3510,1394 3635,1386 3760,1377 3885,1368 4011,1361 4136,1356 4261,1349 4387,1343 4512,1339 4637,1334 4763,1330 4888,1326 5013,1322 5138,1320 5264,1316 5389,1314 5514,1310 5640,1308 5765,1306 5890,1303 6016,1300"
                         HEIGHT="189"
                         WIDTH="2540"
                         VPOS="1231"
                         HPOS="3491">
                  <String ID="string_region_1644472687168_530l13"
                          HEIGHT="189"
                          WIDTH="2540"
                          VPOS="1231"
                          HPOS="3491"
                          CONTENT="de waten, de 30 gps N.60 van Tnalle roode  witte strepies aen"/>
               </TextLine>
               <TextLine ID="region_1644472687168_530l14"
                         BASELINE="3498,1490 3621,1481 3744,1472 3868,1463 3991,1455 4115,1448 4238,1442 4361,1436 4485,1432 4608,1428 4732,1423 4855,1420 4978,1416 5102,1414 5225,1410 5349,1408 5472,1406 5595,1402 5719,1399 5842,1396 5966,1392"
                         HEIGHT="221"
                         WIDTH="2502"
                         VPOS="1308"
                         HPOS="3479">
                  <String ID="string_region_1644472687168_530l14"
                          HEIGHT="221"
                          WIDTH="2502"
                          VPOS="1308"
                          HPOS="3479"
                          CONTENT="de listen, volgens mijn gesonden staeln die van N76 aen de laest"/>
               </TextLine>
               <TextLine ID="region_1644472687168_530l15"
                         BASELINE="3508,1596 3632,1584 3757,1572 3881,1562 4006,1554 4130,1546 4255,1538 4379,1532 4504,1526 4628,1522 4753,1518 4877,1514 5002,1510 5126,1507 5251,1504 5375,1500 5500,1498 5624,1494 5749,1490 5873,1487 5998,1482"
                         HEIGHT="240"
                         WIDTH="2520"
                         VPOS="1385"
                         HPOS="3490">
                  <String ID="string_region_1644472687168_530l15"
                          HEIGHT="240"
                          WIDTH="2520"
                          VPOS="1385"
                          HPOS="3490"
                          CONTENT="gesondene dat alles met desen noch confirmere, sun dat mij nu"/>
               </TextLine>
               <TextLine ID="region_1644472687168_530l16"
                         BASELINE="3498,1694 3621,1682 3745,1671 3869,1662 3993,1653 4117,1644 4240,1636 4364,1631 4488,1624 4612,1620 4736,1614 4859,1610 4983,1607 5107,1604 5231,1600 5355,1598 5478,1594 5602,1590 5726,1587 5850,1584 5974,1580"
                         HEIGHT="260"
                         WIDTH="2510"
                         VPOS="1493"
                         HPOS="3481">
                  <String ID="string_region_1644472687168_530l16"
                          HEIGHT="260"
                          WIDTH="2510"
                          VPOS="1493"
                          HPOS="3481"
                          CONTENT="de perpett. kan N.56: sullen comen te manquren sijnde"/>
               </TextLine>
               <TextLine ID="region_1644472687168_530l17"
                         BASELINE="3504,1810 3628,1795 3753,1783 3878,1769 4003,1759 4128,1749 4253,1741 4378,1734 4503,1728 4628,1722 4753,1718 4877,1714 5002,1710 5127,1706 5252,1703 5377,1700 5502,1696 5627,1692 5752,1688 5877,1684 6002,1678"
                         HEIGHT="276"
                         WIDTH="2535"
                         VPOS="1589"
                         HPOS="3483">
                  <String ID="string_region_1644472687168_530l17"
                          HEIGHT="276"
                          WIDTH="2535"
                          VPOS="1589"
                          HPOS="3483"
                          CONTENT="gelijck de taele N.20 is geweest, derhalve geeune oock 30 ps"/>
               </TextLine>
               <TextLine ID="region_1644472687168_530l18"
                         BASELINE="3512,1920 3637,1906 3763,1893 3889,1879 4015,1870 4141,1859 4266,1851 4392,1842 4518,1836 4644,1829 4770,1822 4895,1818 5021,1812 5147,1808 5273,1804 5399,1799 5524,1794 5650,1790 5776,1785 5902,1780 6028,1774"
                         HEIGHT="264"
                         WIDTH="2552"
                         VPOS="1692"
                         HPOS="3493">
                  <String ID="string_region_1644472687168_530l18"
                          HEIGHT="264"
                          WIDTH="2552"
                          VPOS="1692"
                          HPOS="3493"
                          CONTENT="van die soope te senden, met Jountwings, hebbende die soorte"/>
               </TextLine>
               <TextLine ID="region_1644472687168_530l19"
                         BASELINE="3516,2022 3635,2010 3755,1999 3874,1990 3994,1979 4114,1972 4233,1963 4353,1955 4472,1948 4592,1942 4712,1934 4831,1928 4951,1922 5070,1917 5190,1912 5310,1906 5429,1901 5549,1895 5668,1890 5788,1886 5908,1880"
                         HEIGHT="252"
                         WIDTH="2427"
                         VPOS="1790"
                         HPOS="3498">
                  <String ID="string_region_1644472687168_530l19"
                          HEIGHT="252"
                          WIDTH="2427"
                          VPOS="1790"
                          HPOS="3498"
                          CONTENT="altijdt gehadt a 55ƒ a 56  de laeste 57:6 e dogdere "/>
               </TextLine>
               <TextLine ID="region_1644472687168_530l20"
                         BASELINE="3512,2138 3634,2125 3757,2113 3879,2102 4002,2091 4125,2081 4247,2072 4370,2063 4492,2056 4615,2049 4738,2042 4860,2035 4983,2029 5105,2023 5228,2018 5351,2013 5473,2008 5596,2003 5718,1998 5841,1994 5964,1990"
                         HEIGHT="270"
                         WIDTH="2490"
                         VPOS="1925"
                         HPOS="3489">
                  <String ID="string_region_1644472687168_530l20"
                          HEIGHT="270"
                          WIDTH="2490"
                          VPOS="1925"
                          HPOS="3489"
                          CONTENT="laeste prijs is te hoogh derhalve versoecke soo laegh ante"/>
               </TextLine>
               <TextLine ID="region_1644472687168_530l21"
                         BASELINE="3518,2254 3639,2240 3761,2228 3883,2217 4004,2207 4126,2198 4248,2189 4369,2182 4491,2174 4613,2167 4735,2160 4856,2154 4978,2147 5100,2142 5221,2136 5343,2130 5465,2124 5586,2118 5708,2112 5830,2105 5952,2100"
                         HEIGHT="246"
                         WIDTH="2470"
                         VPOS="2023"
                         HPOS="3497">
                  <String ID="string_region_1644472687168_530l21"
                          HEIGHT="246"
                          WIDTH="2470"
                          VPOS="2023"
                          HPOS="3497"
                          CONTENT="loopen alst mogelijk is. maer boven dese prijsen niet"/>
               </TextLine>
               <TextLine ID="region_1644472687168_530l22"
                         BASELINE="3518,2360 3642,2348 3766,2337 3890,2326 4014,2318 4138,2309 4262,2300 4386,2293 4510,2286 4634,2280 4758,2274 4882,2269 5006,2263 5130,2258 5254,2253 5378,2248 5502,2243 5626,2238 5750,2233 5874,2228 5998,2222"
                         HEIGHT="247"
                         WIDTH="2513"
                         VPOS="2146"
                         HPOS="3500">
                  <String ID="string_region_1644472687168_530l22"
                          HEIGHT="247"
                          WIDTH="2513"
                          VPOS="2146"
                          HPOS="3500"
                          CONTENT="becomen, &amp; moet wel letter op de breede &amp; lerigden fijn te "/>
               </TextLine>
               <TextLine ID="region_1644472687168_530l23"
                         BASELINE="3522,2480 3645,2467 3769,2456 3892,2445 4016,2437 4140,2428 4263,2419 4387,2411 4510,2404 4634,2397 4758,2391 4881,2385 5005,2380 5128,2374 5252,2369 5376,2363 5499,2358 5623,2354 5746,2348 5870,2342 5994,2336"
                         HEIGHT="295"
                         WIDTH="2516"
                         VPOS="2239"
                         HPOS="3500">
                  <String ID="string_region_1644472687168_530l23"
                          HEIGHT="295"
                          WIDTH="2516"
                          VPOS="2239"
                          HPOS="3500"
                          CONTENT="gelijck de voordese gesondene, oock datse wil &amp; suyven vallen"/>
               </TextLine>
               <TextLine ID="region_1644472687168_530l24"
                         BASELINE="3510,2602 3582,2591 3655,2580 3727,2570 3800,2563 3872,2555 3945,2550 4017,2545 4090,2539 4162,2535 4235,2531 4307,2528 4380,2523 4452,2520 4525,2516 4597,2512 4670,2507 4742,2503 4815,2496 4887,2489 4960,2482"
                         HEIGHT="235"
                         WIDTH="1488"
                         VPOS="2420"
                         HPOS="3491">
                  <String ID="string_region_1644472687168_530l24"
                          HEIGHT="235"
                          WIDTH="1488"
                          VPOS="2420"
                          HPOS="3491"
                          CONTENT="&amp; alles ten alderlaeghsten prijs"/>
               </TextLine>
               <TextLine ID="region_1644472687168_530l25"
                         BASELINE="3534,2700 3658,2692 3782,2681 3906,2673 4030,2663 4155,2656 4279,2647 4403,2640 4527,2634 4651,2626 4776,2621 4900,2616 5024,2611 5148,2606 5272,2604 5397,2600 5521,2598 5645,2596 5769,2596 5893,2596 6018,2596"
                         HEIGHT="237"
                         WIDTH="2520"
                         VPOS="2503"
                         HPOS="3515">
                  <String ID="string_region_1644472687168_530l25"
                          HEIGHT="237"
                          WIDTH="2520"
                          VPOS="2503"
                          HPOS="3515"
                          CONTENT="ben gewent dan een ander vrindt van costj te hebben een"/>
               </TextLine>
               <TextLine ID="region_1644472687168_530l26"
                         BASELINE="3520,2812 3644,2799 3769,2790 3893,2780 4018,2770 4142,2761 4267,2752 4391,2746 4516,2738 4640,2732 4765,2725 4889,2719 5014,2713 5138,2708 5263,2702 5387,2698 5512,2694 5636,2689 5761,2685 5885,2681 6010,2676"
                         HEIGHT="228"
                         WIDTH="2527"
                         VPOS="2623"
                         HPOS="3501">
                  <String ID="string_region_1644472687168_530l26"
                          HEIGHT="228"
                          WIDTH="2527"
                          VPOS="2623"
                          HPOS="3501"
                          CONTENT="soorte Jan perpett. Jan 48,s sijnde het marck ½  de"/>
               </TextLine>
               <TextLine ID="region_1644472687168_530l27"
                         BASELINE="3520,2908 3643,2899 3767,2889 3891,2878 4014,2871 4138,2862 4262,2854 4385,2846 4509,2840 4633,2833 4757,2826 4880,2820 5004,2815 5128,2808 5251,2804 5375,2798 5499,2794 5622,2788 5746,2783 5870,2778 5994,2772"
                         HEIGHT="230"
                         WIDTH="2508"
                         VPOS="2698"
                         HPOS="3502">
                  <String ID="string_region_1644472687168_530l27"
                          HEIGHT="230"
                          WIDTH="2508"
                          VPOS="2698"
                          HPOS="3502"
                          CONTENT="lest is, int midden een groote breede roode streep sonder"/>
               </TextLine>
               <TextLine ID="region_1644472687168_530l28"
                         BASELINE="3518,3022 3643,3009 3768,2997 3893,2985 4018,2975 4143,2965 4268,2956 4393,2948 4518,2940 4643,2932 4769,2926 4894,2918 5019,2913 5144,2906 5269,2901 5394,2896 5519,2890 5644,2885 5769,2880 5894,2875 6020,2868"
                         HEIGHT="291"
                         WIDTH="2538"
                         VPOS="2780"
                         HPOS="3499">
                  <String ID="string_region_1644472687168_530l28"
                          HEIGHT="291"
                          WIDTH="2538"
                          VPOS="2780"
                          HPOS="3499"
                          CONTENT="&amp; boven een Clijn son alle roode strepie, soo uls dese soorte"/>
               </TextLine>
               <TextLine ID="region_1644472687168_530l29"
                         BASELINE="3542,3118 3665,3105 3788,3094 3911,3085 4034,3074 4157,3067 4280,3057 4403,3048 4526,3041 4649,3034 4772,3027 4895,3020 5018,3013 5141,3007 5264,3002 5387,2996 5510,2990 5633,2986 5756,2981 5879,2976 6002,2972"
                         HEIGHT="270"
                         WIDTH="2498"
                         VPOS="2890"
                         HPOS="3522">
                  <String ID="string_region_1644472687168_530l29"
                          HEIGHT="270"
                          WIDTH="2498"
                          VPOS="2890"
                          HPOS="3522"
                          CONTENT="kent, geluve te laeten weeten sal daer dan oock wel"/>
               </TextLine>
               <TextLine ID="region_1644472687168_530l30"
                         BASELINE="3536,3236 3660,3223 3784,3210 3908,3199 4032,3189 4156,3179 4280,3169 4404,3160 4528,3151 4652,3143 4777,3134 4901,3127 5025,3120 5149,3112 5273,3105 5397,3099 5521,3092 5645,3086 5769,3081 5893,3074 6018,3070"
                         HEIGHT="238"
                         WIDTH="2521"
                         VPOS="3015"
                         HPOS="3515">
                  <String ID="string_region_1644472687168_530l30"
                          HEIGHT="238"
                          WIDTH="2521"
                          VPOS="3015"
                          HPOS="3515"
                          CONTENT="bond kan ragen heeft ue: een staelti om de qualitijt"/>
               </TextLine>
               <TextLine ID="region_1644472687168_530l31"
                         BASELINE="3544,3348 3667,3334 3790,3321 3914,3311 4037,3300 4161,3289 4284,3281 4407,3272 4531,3264 4654,3258 4778,3252 4901,3246 5024,3240 5148,3234 5271,3228 5395,3223 5518,3217 5641,3212 5765,3206 5888,3199 6012,3194"
                         HEIGHT="298"
                         WIDTH="2507"
                         VPOS="3078"
                         HPOS="3521">
                  <String ID="string_region_1644472687168_530l31"
                          HEIGHT="298"
                          WIDTH="2507"
                          VPOS="3078"
                          HPOS="3521"
                          CONTENT="noodig sal dat dan wel senden ue antst op ontfangde sa"/>
               </TextLine>
               <TextLine ID="region_1644472687168_530l32"
                         BASELINE="3540,3464 3654,3451 3769,3442 3883,3430 3998,3421 4113,3412 4227,3401 4342,3393 4456,3383 4571,3375 4686,3367 4800,3359 4915,3353 5029,3347 5144,3342 5259,3336 5373,3332 5488,3329 5602,3327 5717,3326 5832,3324"
                         HEIGHT="289"
                         WIDTH="2328"
                         VPOS="3203"
                         HPOS="3520">
                  <String ID="string_region_1644472687168_530l32"
                          HEIGHT="289"
                          WIDTH="2328"
                          VPOS="3203"
                          HPOS="3520"
                          CONTENT="tegemoet siende blijve naer tordiule groetmis te"/>
               </TextLine>
               <TextLine ID="region_1644472687168_530l33"
                         BASELINE="5262,3526 5295,3524 5328,3522 5361,3520 5394,3518 5427,3516 5460,3515 5493,3514 5526,3513 5559,3512 5593,3511 5626,3510 5659,3510 5692,3508 5725,3506 5758,3506 5791,3504 5824,3502 5857,3502 5890,3499 5924,3496"
                         HEIGHT="187"
                         WIDTH="699"
                         VPOS="3369"
                         HPOS="5240">
                  <String ID="string_region_1644472687168_530l33"
                          HEIGHT="187"
                          WIDTH="699"
                          VPOS="3369"
                          HPOS="5240"
                          CONTENT="ady d: 1719"/>
               </TextLine>
               <TextLine ID="region_1644472687168_530l34"
                         BASELINE="3342,3566 3386,3566 3431,3566 3476,3564 3521,3563 3566,3562 3610,3560 3655,3558 3700,3554 3745,3552 3790,3549 3834,3546 3879,3543 3924,3539 3969,3535 4014,3531 4058,3528 4103,3523 4148,3519 4193,3515 4238,3510"
                         HEIGHT="174"
                         WIDTH="936"
                         VPOS="3428"
                         HPOS="3321">
                  <String ID="string_region_1644472687168_530l34"
                          HEIGHT="174"
                          WIDTH="936"
                          VPOS="3428"
                          HPOS="3321"
                          CONTENT="fivarton S: Ihorne"/>
               </TextLine>
               <TextLine ID="region_1644472687168_530l35"
                         BASELINE="3536,3684 3660,3669 3784,3655 3908,3643 4032,3633 4156,3624 4280,3618 4404,3610 4528,3606 4652,3602 4776,3600 4900,3596 5024,3596 5148,3596 5272,3596 5396,3596 5520,3598 5644,3600 5768,3602 5892,3604 6016,3608"
                         HEIGHT="213"
                         WIDTH="2515"
                         VPOS="3503"
                         HPOS="3519">
                  <String ID="string_region_1644472687168_530l35"
                          HEIGHT="213"
                          WIDTH="2515"
                          VPOS="3503"
                          HPOS="3519"
                          CONTENT="op 3 &amp;10 Junij lest waeren aen ue mijne laesten, mude"/>
               </TextLine>
               <TextLine ID="region_1644472687168_530l36"
                         BASELINE="3532,3780 3654,3767 3776,3757 3898,3748 4021,3739 4143,3731 4265,3724 4388,3718 4510,3712 4632,3707 4755,3702 4877,3698 4999,3696 5121,3693 5244,3692 5366,3690 5488,3688 5611,3688 5733,3686 5855,3686 5978,3686"
                         HEIGHT="184"
                         WIDTH="2479"
                         VPOS="3611"
                         HPOS="3514">
                  <String ID="string_region_1644472687168_530l36"
                          HEIGHT="184"
                          WIDTH="2479"
                          VPOS="3611"
                          HPOS="3514"
                          CONTENT="eersten hebbe ue geremitteert £36:- ten lasse lhavel "/>
               </TextLine>
               <TextLine ID="region_1644472687168_530l37"
                         BASELINE="3536,3868 3655,3862 3774,3856 3894,3850 4013,3843 4133,3836 4252,3830 4371,3823 4491,3816 4610,3810 4730,3804 4849,3799 4968,3793 5088,3788 5207,3784 5327,3781 5446,3778 5565,3776 5685,3776 5804,3776 5924,3778"
                         HEIGHT="201"
                         WIDTH="2420"
                         VPOS="3703"
                         HPOS="3516">
                  <String ID="string_region_1644472687168_530l37"
                          HEIGHT="201"
                          WIDTH="2420"
                          VPOS="3703"
                          HPOS="3516"
                          CONTENT="Joequeel in london &amp; met den laesten darge gescreven "/>
               </TextLine>
               <TextLine ID="region_1644472687168_530l38"
                         BASELINE="3532,3970 3654,3964 3777,3957 3900,3950 4023,3944 4146,3937 4268,3931 4391,3926 4514,3920 4637,3915 4760,3910 4882,3906 5005,3902 5128,3898 5251,3893 5374,3890 5496,3886 5619,3882 5742,3880 5865,3876 5988,3874"
                         HEIGHT="247"
                         WIDTH="2490"
                         VPOS="3757"
                         HPOS="3514">
                  <String ID="string_region_1644472687168_530l38"
                          HEIGHT="247"
                          WIDTH="2490"
                          VPOS="3757"
                          HPOS="3514"
                          CONTENT="ontrent de perpett. van 15 sedert geenen kan ue"/>
               </TextLine>
               <TextLine ID="region_1644472687168_530l39"
                         BASELINE="3520,4088 3644,4078 3768,4070 3892,4062 4016,4055 4141,4047 4265,4040 4389,4034 4513,4028 4637,4023 4762,4017 4886,4012 5010,4008 5134,4004 5258,4000 5383,3996 5507,3992 5631,3988 5755,3984 5879,3980 6004,3978"
                         HEIGHT="268"
                         WIDTH="2520"
                         VPOS="3884"
                         HPOS="3501">
                  <String ID="string_region_1644472687168_530l39"
                          HEIGHT="268"
                          WIDTH="2520"
                          VPOS="3884"
                          HPOS="3501"
                          CONTENT="ontfangen dat mij seer verwondet, want mij duncke"/>
               </TextLine>
               <TextLine ID="region_1644472687168_530l40"
                         BASELINE="3534,4194 3658,4188 3783,4182 3907,4176 4032,4170 4156,4162 4281,4157 4405,4151 4530,4144 4654,4138 4779,4131 4903,4126 5028,4120 5152,4114 5277,4110 5401,4105 5526,4100 5650,4097 5775,4094 5899,4090 6024,4088"
                         HEIGHT="196"
                         WIDTH="2523"
                         VPOS="4016"
                         HPOS="3513">
                  <String ID="string_region_1644472687168_530l40"
                          HEIGHT="196"
                          WIDTH="2523"
                          VPOS="4016"
                          HPOS="3513"
                          CONTENT="datter materien genoeg sijn, om te antwoorden &amp; dat "/>
               </TextLine>
               <TextLine ID="region_1644472687168_530l41"
                         BASELINE="3546,4286 3664,4284 3782,4282 3900,4280 4019,4276 4137,4272 4255,4267 4374,4262 4492,4256 4610,4250 4729,4244 4847,4238 4965,4232 5083,4226 5202,4221 5320,4217 5438,4212 5557,4208 5675,4206 5793,4204 5912,4204"
                         HEIGHT="227"
                         WIDTH="2401"
                         VPOS="4106"
                         HPOS="3529">
                  <String ID="string_region_1644472687168_530l41"
                          HEIGHT="227"
                          WIDTH="2401"
                          VPOS="4106"
                          HPOS="3529"
                          CONTENT="het met meur dan billijk is advies te geven, als ue"/>
               </TextLine>
               <TextLine ID="region_1644472687168_530l42"
                         BASELINE="3534,4390 3658,4390 3782,4388 3906,4384 4031,4380 4155,4376 4279,4372 4404,4367 4528,4361 4652,4356 4777,4350 4901,4345 5025,4340 5149,4334 5274,4330 5398,4325 5522,4322 5647,4318 5771,4316 5895,4314 6020,4314"
                         HEIGHT="177"
                         WIDTH="2523"
                         VPOS="4248"
                         HPOS="3514">
                  <String ID="string_region_1644472687168_530l42"
                          HEIGHT="177"
                          WIDTH="2523"
                          VPOS="4248"
                          HPOS="3514"
                          CONTENT="Bmittere, derhalve met desen y: versoecken van op"/>
               </TextLine>
            </TextBlock>
         </PrintSpace>
      </Page>
   </Layout>
</alto>
