<?xml version="1.0" encoding="UTF-8"?>
<alto xmlns:xsi="http://www.w3.org/2001/XMLSchema-instance"
      xmlns="http://www.loc.gov/standards/alto/ns-v4#"
      xmlns:page="http://schema.primaresearch.org/PAGE/gts/pagecontent/2013-07-15"
      xsi:schemaLocation="http://www.loc.gov/standards/alto/ns-v4# https://www.loc.gov/standards/alto/v4/alto.xsd">
   <Description>
      <MeasurementUnit>pixel</MeasurementUnit>
      <OCRProcessing ID="IdOcr">
         <ocrProcessingStep>
            <processingDateTime>2022-02-11T21:40:20.469+01:00</processingDateTime>
            <processingSoftware>
               <softwareCreator>READ COOP</softwareCreator>
               <softwareName>Transkribus</softwareName>
            </processingSoftware>
         </ocrProcessingStep>
      </OCRProcessing>
   </Description>
   <Layout>
      <Page ID="Page1" PHYSICAL_IMG_NR="1" HEIGHT="4699" WIDTH="8036">
         <TopMargin HEIGHT="0" WIDTH="8036" VPOS="0" HPOS="0"/>
         <LeftMargin HEIGHT="4699" WIDTH="0" VPOS="0" HPOS="0"/>
         <RightMargin HEIGHT="4699" WIDTH="0" VPOS="0" HPOS="8036"/>
         <BottomMargin HEIGHT="0" WIDTH="8036" VPOS="4699" HPOS="0"/>
         <PrintSpace HEIGHT="4699" WIDTH="8036" VPOS="0" HPOS="0">
            <TextBlock ID="region_1644472137750_115"
                       HEIGHT="4315"
                       WIDTH="2847"
                       VPOS="192"
                       HPOS="398">
               <Shape>
                  <Polygon POINTS="398,192 3245,192 3245,4507 398,4507"/>
               </Shape>
               <TextLine ID="region_1644472137750_115l1"
                         BASELINE="472,312 519,309 566,306 613,304 660,302 707,300 754,298 801,298 848,296 895,296 942,294 989,294 1036,294 1083,294 1130,292 1177,292 1224,292 1271,292 1318,290 1365,290 1412,288"
                         HEIGHT="171"
                         WIDTH="971"
                         VPOS="197"
                         HPOS="456">
                  <String ID="string_region_1644472137750_115l1"
                          HEIGHT="171"
                          WIDTH="971"
                          VPOS="197"
                          HPOS="456"
                          CONTENT="fuynhaut Direh duls"/>
               </TextLine>
               <TextLine ID="region_1644472137750_115l2"
                         BASELINE="2520,324 2549,318 2578,313 2607,310 2636,308 2665,305 2694,303 2723,302 2752,301 2781,299 2811,298 2840,298 2869,296 2898,296 2927,295 2956,294 2985,292 3014,290 3043,287 3072,285 3102,280"
                         HEIGHT="128"
                         WIDTH="619"
                         VPOS="202"
                         HPOS="2502">
                  <String ID="string_region_1644472137750_115l2"
                          HEIGHT="128"
                          WIDTH="619"
                          VPOS="202"
                          HPOS="2502"
                          CONTENT="dij 12 mur 119"/>
               </TextLine>
               <TextLine ID="region_1644472137750_115l3"
                         BASELINE="660,402 785,398 911,392 1037,388 1163,385 1289,382 1414,378 1540,376 1666,374 1792,372 1918,371 2043,370 2169,370 2295,370 2421,372 2547,372 2672,374 2798,378 2924,380 3050,385 3176,390"
                         HEIGHT="233"
                         WIDTH="2549"
                         VPOS="222"
                         HPOS="643">
                  <String ID="string_region_1644472137750_115l3"
                          HEIGHT="233"
                          WIDTH="2549"
                          VPOS="222"
                          HPOS="643"
                          CONTENT="u Boug van 20 deser wil ontfanghen, waer toot hegt mij ndagtigh"/>
               </TextLine>
               <TextLine ID="region_1644472137750_115l4"
                         BASELINE="644,510 769,502 895,496 1021,490 1147,484 1273,480 1398,476 1524,472 1650,470 1776,468 1902,466 2027,466 2153,464 2279,464 2405,464 2531,464 2656,464 2782,464 2908,464 3034,464 3160,464"
                         HEIGHT="116"
                         WIDTH="2552"
                         VPOS="403"
                         HPOS="625">
                  <String ID="string_region_1644472137750_115l4"
                          HEIGHT="116"
                          WIDTH="2552"
                          VPOS="403"
                          HPOS="625"
                          CONTENT="te doen makeren iak de tijken die ick soude doen maken hebben"/>
               </TextLine>
               <TextLine ID="region_1644472137750_115l5"
                         BASELINE="640,612 766,606 893,602 1019,597 1146,592 1273,587 1399,584 1526,579 1652,574 1779,570 1906,566 2032,561 2159,557 2285,553 2412,548 2539,544 2665,540 2792,536 2918,533 3045,530 3172,526"
                         HEIGHT="187"
                         WIDTH="2568"
                         VPOS="462"
                         HPOS="622">
                  <String ID="string_region_1644472137750_115l5"
                          HEIGHT="187"
                          WIDTH="2568"
                          VPOS="462"
                          HPOS="622"
                          CONTENT="Jan Reedte  lauwe Streep hen, &amp; dat sie onsbeede soude waer"/>
               </TextLine>
               <TextLine ID="region_1644472137750_115l6"
                         BASELINE="642,708 767,706 892,704 1017,700 1142,696 1267,692 1392,686 1517,682 1642,676 1767,669 1893,663 2018,657 2143,652 2268,646 2393,642 2518,638 2643,634 2768,632 2893,630 3018,630 3144,630"
                         HEIGHT="185"
                         WIDTH="2537"
                         VPOS="530"
                         HPOS="624">
                  <String ID="string_region_1644472137750_115l6"
                          HEIGHT="185"
                          WIDTH="2537"
                          VPOS="530"
                          HPOS="624"
                          CONTENT="op tat antwoort segge dat noydt gedaghten gehadt hebbe ick "/>
               </TextLine>
               <TextLine ID="region_1644472137750_115l7"
                         BASELINE="632,822 760,816 888,809 1016,803 1145,798 1273,792 1401,788 1530,782 1658,778 1786,774 1915,770 2043,764 2171,760 2299,754 2428,749 2556,743 2684,738 2813,731 2941,723 3069,715 3198,706"
                         HEIGHT="204"
                         WIDTH="2605"
                         VPOS="638"
                         HPOS="611">
                  <String ID="string_region_1644472137750_115l7"
                          HEIGHT="204"
                          WIDTH="2605"
                          VPOS="638"
                          HPOS="611"
                          CONTENT="sulk te ordonneren, om voor mijne rek: te sijn als u: huystreuw"/>
               </TextLine>
               <TextLine ID="region_1644472137750_115l8"
                         BASELINE="632,934 760,925 888,916 1016,909 1144,902 1272,896 1400,890 1528,885 1656,880 1784,876 1913,872 2041,866 2169,862 2297,858 2425,852 2553,847 2681,841 2809,836 2937,828 3065,821 3194,812"
                         HEIGHT="258"
                         WIDTH="2597"
                         VPOS="747"
                         HPOS="615">
                  <String ID="string_region_1644472137750_115l8"
                          HEIGHT="258"
                          WIDTH="2597"
                          VPOS="747"
                          HPOS="615"
                          CONTENT="bij mij geweest is. om haer dienst te presenteren hadde haer getyt"/>
               </TextLine>
               <TextLine ID="region_1644472137750_115l9"
                         BASELINE="612,1058 740,1045 869,1033 998,1022 1127,1012 1256,1002 1384,995 1513,987 1642,980 1771,974 1900,969 2028,964 2157,960 2286,956 2415,952 2544,950 2672,946 2801,943 2930,940 3059,938 3188,936"
                         HEIGHT="272"
                         WIDTH="2612"
                         VPOS="848"
                         HPOS="593">
                  <String ID="string_region_1644472137750_115l9"
                          HEIGHT="272"
                          WIDTH="2612"
                          VPOS="848"
                          HPOS="593"
                          CONTENT="bij aldien van die lijne tremis hadde, dat die soo wel Jen haw"/>
               </TextLine>
               <TextLine ID="region_1644472137750_115l10"
                         BASELINE="654,1160 781,1150 908,1142 1036,1133 1163,1124 1291,1115 1418,1108 1545,1100 1673,1094 1800,1087 1928,1080 2055,1074 2182,1068 2310,1064 2437,1058 2565,1054 2692,1050 2819,1045 2947,1042 3074,1038 3202,1036"
                         HEIGHT="224"
                         WIDTH="2584"
                         VPOS="941"
                         HPOS="635">
                  <String ID="string_region_1644472137750_115l10"
                          HEIGHT="224"
                          WIDTH="2584"
                          VPOS="941"
                          HPOS="635"
                          CONTENT="als &amp;an andere nemen souden als dat schoon gaedt soude welen"/>
               </TextLine>
               <TextLine ID="region_1644472137750_115l11"
                         BASELINE="644,1272 771,1262 898,1252 1025,1243 1153,1234 1280,1227 1407,1219 1535,1212 1662,1205 1789,1200 1917,1193 2044,1187 2171,1181 2298,1176 2426,1169 2553,1162 2680,1156 2808,1149 2935,1142 3062,1134 3190,1126"
                         HEIGHT="226"
                         WIDTH="2582"
                         VPOS="1060"
                         HPOS="624">
                  <String ID="string_region_1644472137750_115l11"
                          HEIGHT="226"
                          WIDTH="2582"
                          VPOS="1060"
                          HPOS="624"
                          CONTENT="soen ter bijde hadde caen misx voor soo dange trepies &amp; die"/>
               </TextLine>
               <TextLine ID="region_1644472137750_115l12"
                         BASELINE="664,1366 790,1361 917,1354 1043,1348 1170,1344 1297,1338 1423,1332 1550,1326 1676,1320 1803,1314 1930,1307 2056,1300 2183,1294 2309,1285 2436,1278 2563,1269 2689,1260 2816,1251 2942,1242 3069,1231 3196,1220"
                         HEIGHT="281"
                         WIDTH="2570"
                         VPOS="1141"
                         HPOS="644">
                  <String ID="string_region_1644472137750_115l12"
                          HEIGHT="281"
                          WIDTH="2570"
                          VPOS="1141"
                          HPOS="644"
                          CONTENT="jaer noch geene, ordre gehadt, ick laete geen goedt doon mijn"/>
               </TextLine>
               <TextLine ID="region_1644472137750_115l13"
                         BASELINE="650,1480 775,1474 900,1466 1025,1460 1150,1452 1276,1446 1401,1440 1526,1433 1651,1426 1776,1420 1902,1413 2027,1407 2152,1400 2277,1395 2402,1388 2528,1383 2653,1378 2778,1372 2903,1367 3028,1362 3154,1356"
                         HEIGHT="235"
                         WIDTH="2541"
                         VPOS="1275"
                         HPOS="633">
                  <String ID="string_region_1644472137750_115l13"
                          HEIGHT="235"
                          WIDTH="2541"
                          VPOS="1275"
                          HPOS="633"
                          CONTENT="det maken, soo occasie hebbe sal ue scrijven, lchter l"/>
               </TextLine>
               <TextLine ID="region_1644472137750_115l14"
                         BASELINE="684,1594 808,1586 932,1579 1056,1573 1181,1567 1305,1560 1429,1554 1554,1548 1678,1541 1802,1536 1927,1530 2051,1524 2175,1518 2299,1512 2424,1507 2548,1500 2672,1494 2797,1487 2921,1480 3045,1474 3170,1466"
                         HEIGHT="202"
                         WIDTH="2519"
                         VPOS="1419"
                         HPOS="664">
                  <String ID="string_region_1644472137750_115l14"
                          HEIGHT="202"
                          WIDTH="2519"
                          VPOS="1419"
                          HPOS="664"
                          CONTENT="moet ue cortuyn daer af sogten, het is niet noodig, dat"/>
               </TextLine>
               <TextLine ID="region_1644472137750_115l15"
                         BASELINE="684,1704 807,1697 931,1688 1055,1680 1179,1674 1303,1668 1427,1662 1551,1655 1675,1650 1799,1645 1923,1640 2046,1635 2170,1630 2294,1625 2418,1620 2542,1615 2666,1610 2790,1604 2914,1598 3038,1592 3162,1584"
                         HEIGHT="235"
                         WIDTH="2508"
                         VPOS="1479"
                         HPOS="664">
                  <String ID="string_region_1644472137750_115l15"
                          HEIGHT="235"
                          WIDTH="2508"
                          VPOS="1479"
                          HPOS="664"
                          CONTENT="as meer senydt want aen de noodig sal hebben salt ue"/>
               </TextLine>
               <TextLine ID="region_1644472137750_115l16"
                         BASELINE="652,1828 740,1818 828,1810 917,1802 1005,1796 1094,1790 1182,1785 1270,1780 1359,1777 1447,1773 1536,1769 1624,1766 1712,1762 1801,1760 1889,1756 1978,1754 2066,1750 2154,1746 2243,1743 2331,1739 2420,1734"
                         HEIGHT="226"
                         WIDTH="1804"
                         VPOS="1631"
                         HPOS="633">
                  <String ID="string_region_1644472137750_115l16"
                          HEIGHT="226"
                          WIDTH="1804"
                          VPOS="1631"
                          HPOS="633"
                          CONTENT="laeten weeten laer mede Blijven"/>
               </TextLine>
               <TextLine ID="region_1644472137750_115l17"
                         BASELINE="2394,1922 2423,1922 2453,1922 2482,1922 2512,1922 2542,1920 2571,1919 2601,1918 2630,1917 2660,1915 2690,1914 2719,1911 2749,1908 2778,1907 2808,1904 2838,1902 2867,1900 2897,1897 2926,1895 2956,1893 2986,1890"
                         HEIGHT="206"
                         WIDTH="633"
                         VPOS="1769"
                         HPOS="2368">
                  <String ID="string_region_1644472137750_115l17"
                          HEIGHT="206"
                          WIDTH="633"
                          VPOS="1769"
                          HPOS="2368"
                          CONTENT="Ady 13 meij 1719"/>
               </TextLine>
               <TextLine ID="region_1644472137750_115l18"
                         BASELINE="494,1962 535,1957 576,1951 617,1947 659,1941 700,1938 741,1935 783,1932 824,1930 865,1928 907,1926 948,1925 989,1924 1030,1922 1072,1920 1113,1918 1154,1916 1196,1914 1237,1911 1278,1908 1320,1904"
                         HEIGHT="198"
                         WIDTH="865"
                         VPOS="1813"
                         HPOS="475">
                  <String ID="string_region_1644472137750_115l18"
                          HEIGHT="198"
                          WIDTH="865"
                          VPOS="1813"
                          HPOS="475"
                          CONTENT="London  B dollengier"/>
               </TextLine>
               <TextLine ID="region_1644472137750_115l19"
                         BASELINE="700,2048 820,2036 941,2028 1062,2022 1182,2016 1303,2012 1424,2008 1544,2006 1665,2004 1786,2004 1907,2002 2027,2002 2148,2002 2269,2003 2389,2004 2510,2004 2631,2002 2751,2002 2872,2000 2993,1998 3114,1996"
                         HEIGHT="227"
                         WIDTH="2449"
                         VPOS="1883"
                         HPOS="681">
                  <String ID="string_region_1644472137750_115l19"
                          HEIGHT="227"
                          WIDTH="2449"
                          VPOS="1883"
                          HPOS="681"
                          CONTENT="ul mij seer aeng. Rad 320 &amp; 24 paste a3. wel ontfangen, bij den"/>
               </TextLine>
               <TextLine ID="region_1644472137750_115l20"
                         BASELINE="686,2140 809,2133 932,2126 1055,2121 1178,2116 1302,2112 1425,2108 1548,2104 1671,2100 1794,2098 1918,2094 2041,2092 2164,2090 2287,2087 2410,2084 2534,2082 2657,2080 2780,2078 2903,2076 3026,2074 3150,2072"
                         HEIGHT="174"
                         WIDTH="2496"
                         VPOS="1984"
                         HPOS="669">
                  <String ID="string_region_1644472137750_115l20"
                          HEIGHT="174"
                          WIDTH="2496"
                          VPOS="1984"
                          HPOS="669"
                          CONTENT="eerften, seen dat in prise, tot geene alovantie over de salf vellen"/>
               </TextLine>
               <TextLine ID="region_1644472137750_115l21"
                         BASELINE="682,2238 799,2230 917,2223 1035,2218 1153,2212 1271,2208 1388,2204 1506,2200 1624,2196 1742,2193 1860,2189 1977,2186 2095,2183 2213,2180 2331,2177 2449,2174 2566,2170 2684,2166 2802,2162 2920,2158 3038,2154"
                         HEIGHT="183"
                         WIDTH="2390"
                         VPOS="2103"
                         HPOS="662">
                  <String ID="string_region_1644472137750_115l21"
                          HEIGHT="183"
                          WIDTH="2390"
                          VPOS="2103"
                          HPOS="662"
                          CONTENT="hebt connen sdrenghen, int af gaen dant jaer verhope eene "/>
               </TextLine>
               <TextLine ID="region_1644472137750_115l22"
                         BASELINE="668,2332 793,2322 919,2314 1045,2306 1170,2301 1296,2295 1422,2290 1547,2288 1673,2284 1799,2280 1925,2278 2050,2276 2176,2272 2302,2270 2427,2266 2553,2262 2679,2258 2804,2254 2930,2247 3056,2240 3182,2232"
                         HEIGHT="189"
                         WIDTH="2545"
                         VPOS="2159"
                         HPOS="651">
                  <String ID="string_region_1644472137750_115l22"
                          HEIGHT="189"
                          WIDTH="2545"
                          VPOS="2159"
                          HPOS="651"
                          CONTENT="partije sal connen onsbieden, &amp; dan can k: in die corsirderatie"/>
               </TextLine>
               <TextLine ID="region_1644472137750_115l23"
                         BASELINE="632,2438 759,2427 886,2418 1013,2410 1140,2402 1267,2395 1394,2390 1521,2386 1648,2381 1775,2378 1902,2374 2029,2370 2156,2366 2283,2363 2410,2359 2537,2355 2664,2350 2791,2344 2918,2338 3045,2329 3172,2320"
                         HEIGHT="195"
                         WIDTH="2576"
                         VPOS="2257"
                         HPOS="614">
                  <String ID="string_region_1644472137750_115l23"
                          HEIGHT="195"
                          WIDTH="2576"
                          VPOS="2257"
                          HPOS="614"
                          CONTENT="de selve beteer coop bedingen, met den tweeder advies, dat ick voor"/>
               </TextLine>
               <TextLine ID="region_1644472137750_115l24"
                         BASELINE="690,2532 814,2524 938,2516 1063,2509 1187,2503 1312,2495 1436,2489 1560,2484 1685,2478 1809,2474 1934,2469 2058,2464 2182,2460 2307,2455 2431,2450 2556,2446 2680,2440 2804,2435 2929,2429 3053,2423 3178,2416"
                         HEIGHT="236"
                         WIDTH="2523"
                         VPOS="2350"
                         HPOS="671">
                  <String ID="string_region_1644472137750_115l24"
                          HEIGHT="236"
                          WIDTH="2523"
                          VPOS="2350"
                          HPOS="671"
                          CONTENT="mijne iek. gesoght hebt  £500 Casp. loterije amnuiteer"/>
               </TextLine>
               <TextLine ID="region_1644472137750_115l25"
                         BASELINE="686,2626 810,2619 934,2611 1059,2604 1183,2598 1308,2592 1432,2587 1556,2580 1681,2576 1805,2572 1930,2567 2054,2562 2178,2558 2303,2554 2427,2548 2552,2544 2676,2538 2800,2532 2925,2526 3049,2520 3174,2514"
                         HEIGHT="187"
                         WIDTH="2522"
                         VPOS="2451"
                         HPOS="667">
                  <String ID="string_region_1644472137750_115l25"
                          HEIGHT="187"
                          WIDTH="2522"
                          VPOS="2451"
                          HPOS="667"
                          CONTENT="a 99 rr dat wel is &amp; versoecke mij op ontfangh deser de ick"/>
               </TextLine>
               <TextLine ID="region_1644472137750_115l26"
                         BASELINE="682,2718 805,2712 929,2704 1053,2698 1177,2693 1301,2688 1424,2682 1548,2678 1672,2673 1796,2670 1920,2665 2043,2660 2167,2656 2291,2652 2415,2647 2539,2642 2662,2637 2786,2630 2910,2624 3034,2617 3158,2610"
                         HEIGHT="191"
                         WIDTH="2509"
                         VPOS="2548"
                         HPOS="666">
                  <String ID="string_region_1644472137750_115l26"
                          HEIGHT="191"
                          WIDTH="2509"
                          VPOS="2548"
                          HPOS="666"
                          CONTENT="mit de oncoster&amp; provisie toe te senden om ue daer voor en"/>
               </TextLine>
               <TextLine ID="region_1644472137750_115l27"
                         BASELINE="688,2818 812,2812 937,2806 1061,2800 1186,2794 1311,2789 1435,2784 1560,2778 1684,2774 1809,2769 1934,2764 2058,2760 2183,2754 2307,2750 2432,2744 2557,2739 2681,2734 2806,2728 2930,2723 3055,2716 3180,2710"
                         HEIGHT="259"
                         WIDTH="2522"
                         VPOS="2621"
                         HPOS="669">
                  <String ID="string_region_1644472137750_115l27"
                          HEIGHT="259"
                          WIDTH="2522"
                          VPOS="2621"
                          HPOS="669"
                          CONTENT="conform te crediteren met ul laeste een prouet is an eene "/>
               </TextLine>
               <TextLine ID="region_1644472137750_115l28"
                         BASELINE="696,2924 819,2916 943,2910 1067,2902 1191,2894 1315,2889 1439,2882 1563,2876 1687,2870 1811,2865 1935,2859 2058,2854 2182,2848 2306,2844 2430,2838 2554,2833 2678,2828 2802,2824 2926,2818 3050,2814 3174,2808"
                         HEIGHT="205"
                         WIDTH="2515"
                         VPOS="2727"
                         HPOS="679">
                  <String ID="string_region_1644472137750_115l28"
                          HEIGHT="205"
                          WIDTH="2515"
                          VPOS="2727"
                          HPOS="679"
                          CONTENT="procuratie om de 500 op mijnen naem te doen stellen"/>
               </TextLine>
               <TextLine ID="region_1644472137750_115l29"
                         BASELINE="696,3032 821,3022 947,3013 1073,3006 1199,2998 1325,2992 1451,2984 1577,2978 1703,2972 1829,2968 1955,2962 2080,2959 2206,2954 2332,2950 2458,2946 2584,2942 2710,2938 2836,2934 2962,2930 3088,2926 3214,2922"
                         HEIGHT="179"
                         WIDTH="2554"
                         VPOS="2872"
                         HPOS="675">
                  <String ID="string_region_1644472137750_115l29"
                          HEIGHT="179"
                          WIDTH="2554"
                          VPOS="2872"
                          HPOS="675"
                          CONTENT="die ue hier ingesloten sonform sende gepasseert door den notaris"/>
               </TextLine>
               <TextLine ID="region_1644472137750_115l30"
                         BASELINE="688,3152 812,3138 937,3125 1062,3114 1187,3104 1312,3094 1437,3087 1562,3081 1687,3074 1812,3068 1937,3064 2061,3060 2186,3056 2311,3051 2436,3046 2561,3042 2686,3038 2811,3032 2936,3028 3061,3021 3186,3014"
                         HEIGHT="199"
                         WIDTH="2534"
                         VPOS="2977"
                         HPOS="667">
                  <String ID="string_region_1644472137750_115l30"
                          HEIGHT="199"
                          WIDTH="2534"
                          VPOS="2977"
                          HPOS="667"
                          CONTENT="&amp; an den Cruyssen als tratos voor N 244„ 5 „ 3 et in 3 suwen"/>
               </TextLine>
               <TextLine ID="region_1644472137750_115l31"
                         BASELINE="720,3250 842,3242 965,3231 1088,3222 1210,3214 1333,3206 1456,3197 1578,3190 1701,3183 1824,3176 1947,3170 2069,3165 2192,3159 2315,3154 2437,3148 2560,3144 2683,3140 2805,3136 2928,3132 3051,3130 3174,3126"
                         HEIGHT="235"
                         WIDTH="2485"
                         VPOS="3049"
                         HPOS="702">
                  <String ID="string_region_1644472137750_115l31"
                          HEIGHT="235"
                          WIDTH="2485"
                          VPOS="3049"
                          HPOS="702"
                          CONTENT="sal alle noodige dereeringe aen doen hadde liever gehadt op"/>
               </TextLine>
               <TextLine ID="region_1644472137750_115l32"
                         BASELINE="696,3362 743,3357 790,3354 837,3350 884,3347 931,3345 978,3341 1025,3339 1072,3336 1119,3334 1167,3330 1214,3328 1261,3326 1308,3323 1355,3321 1402,3318 1449,3316 1496,3313 1543,3311 1590,3309 1638,3306"
                         HEIGHT="191"
                         WIDTH="981"
                         VPOS="3208"
                         HPOS="678">
                  <String ID="string_region_1644472137750_115l32"
                          HEIGHT="191"
                          WIDTH="981"
                          VPOS="3208"
                          HPOS="678"
                          CONTENT="srght hadde getrocken"/>
               </TextLine>
               <TextLine ID="region_1644472137750_115l33"
                         BASELINE="706,3470 829,3462 952,3454 1076,3446 1199,3440 1323,3434 1446,3429 1569,3422 1693,3417 1816,3412 1940,3407 2063,3401 2186,3396 2310,3391 2433,3385 2557,3378 2680,3372 2803,3364 2927,3357 3050,3347 3174,3338"
                         HEIGHT="300"
                         WIDTH="2504"
                         VPOS="3236"
                         HPOS="686">
                  <String ID="string_region_1644472137750_115l33"
                          HEIGHT="300"
                          WIDTH="2504"
                          VPOS="3236"
                          HPOS="686"
                          CONTENT="voorders verneme van andere vrinden van hier, dat de aneirees"/>
               </TextLine>
               <TextLine ID="region_1644472137750_115l34"
                         BASELINE="704,3576 829,3566 955,3558 1081,3550 1206,3541 1332,3534 1458,3528 1583,3521 1709,3516 1835,3510 1961,3504 2086,3500 2212,3494 2338,3488 2463,3483 2589,3476 2715,3469 2840,3462 2966,3454 3092,3444 3218,3434"
                         HEIGHT="228"
                         WIDTH="2548"
                         VPOS="3369"
                         HPOS="687">
                  <String ID="string_region_1644472137750_115l34"
                          HEIGHT="228"
                          WIDTH="2548"
                          VPOS="3369"
                          HPOS="687"
                          CONTENT="met Brieven van 24d. Jansostij noch gevallen sijn, derhalven"/>
               </TextLine>
               <TextLine ID="region_1644472137750_115l35"
                         BASELINE="736,3676 854,3668 973,3661 1092,3655 1210,3648 1329,3642 1448,3636 1566,3630 1685,3624 1804,3618 1923,3612 2041,3607 2160,3600 2279,3595 2397,3588 2516,3582 2635,3574 2753,3566 2872,3558 2991,3549 3110,3540"
                         HEIGHT="217"
                         WIDTH="2412"
                         VPOS="3457"
                         HPOS="717">
                  <String ID="string_region_1644472137750_115l35"
                          HEIGHT="217"
                          WIDTH="2412"
                          VPOS="3457"
                          HPOS="717"
                          CONTENT="coept noch f soon, alest dat l: 99 pst soude besteden"/>
               </TextLine>
               <TextLine ID="region_1644472137750_115l36"
                         BASELINE="718,3778 839,3767 961,3758 1082,3750 1204,3743 1326,3737 1447,3732 1569,3726 1690,3721 1812,3716 1934,3711 2055,3706 2177,3701 2298,3695 2420,3688 2542,3681 2663,3673 2785,3665 2906,3653 3028,3642 3150,3628"
                         HEIGHT="261"
                         WIDTH="2471"
                         VPOS="3555"
                         HPOS="698">
                  <String ID="string_region_1644472137750_115l36"
                          HEIGHT="261"
                          WIDTH="2471"
                          VPOS="3555"
                          HPOS="698"
                          CONTENT="schter niet hooger voor naerder ordre &amp; als ue gekoght hebt"/>
               </TextLine>
               <TextLine ID="region_1644472137750_115l37"
                         BASELINE="714,3886 836,3875 958,3862 1080,3853 1202,3845 1324,3837 1446,3831 1568,3826 1690,3820 1812,3815 1934,3810 2056,3806 2178,3800 2300,3796 2422,3789 2544,3782 2666,3774 2788,3765 2910,3754 3032,3742 3154,3728"
                         HEIGHT="267"
                         WIDTH="2480"
                         VPOS="3663"
                         HPOS="690">
                  <String ID="string_region_1644472137750_115l37"
                          HEIGHT="267"
                          WIDTH="2480"
                          VPOS="3663"
                          HPOS="690"
                          CONTENT="te samen op mijnen name te laetene stellen &amp; trecht siet"/>
               </TextLine>
               <TextLine ID="region_1644472137750_115l38"
                         BASELINE="708,3976 833,3970 959,3962 1085,3956 1210,3949 1336,3944 1462,3938 1587,3932 1713,3928 1839,3922 1965,3918 2090,3912 2216,3906 2342,3900 2467,3893 2593,3886 2719,3877 2844,3870 2970,3859 3096,3849 3222,3838"
                         HEIGHT="316"
                         WIDTH="2551"
                         VPOS="3726"
                         HPOS="689">
                  <String ID="string_region_1644472137750_115l38"
                          HEIGHT="316"
                          WIDTH="2551"
                          VPOS="3726"
                          HPOS="689"
                          CONTENT="import op sigt, oom aen de wissel wat te profiteren, recommand"/>
               </TextLine>
               <TextLine ID="region_1644472137750_115l39"
                         BASELINE="720,4068 845,4060 971,4052 1096,4045 1222,4038 1347,4032 1473,4026 1598,4020 1724,4016 1849,4012 1975,4008 2100,4002 2226,3998 2351,3994 2477,3988 2602,3984 2728,3978 2853,3972 2979,3965 3104,3956 3230,3948"
                         HEIGHT="193"
                         WIDTH="2542"
                         VPOS="3904"
                         HPOS="702">
                  <String ID="string_region_1644472137750_115l39"
                          HEIGHT="193"
                          WIDTH="2542"
                          VPOS="3904"
                          HPOS="702"
                          CONTENT="hier ontrent te doen, als soor eygen &amp; mijn entrest waer te"/>
               </TextLine>
               <TextLine ID="region_1644472137750_115l40"
                         BASELINE="722,4170 845,4159 969,4152 1093,4144 1217,4136 1341,4131 1464,4126 1588,4120 1712,4114 1836,4110 1960,4106 2083,4102 2207,4097 2331,4093 2455,4090 2579,4084 2702,4080 2826,4074 2950,4068 3074,4062 3198,4056"
                         HEIGHT="209"
                         WIDTH="2511"
                         VPOS="3988"
                         HPOS="703">
                  <String ID="string_region_1644472137750_115l40"
                          HEIGHT="209"
                          WIDTH="2511"
                          VPOS="3988"
                          HPOS="703"
                          CONTENT="nemen int coopen  mij advies geven van wat nasseert"/>
               </TextLine>
               <TextLine ID="region_1644472137750_115l41"
                         BASELINE="718,4254 842,4248 966,4242 1091,4237 1215,4232 1340,4227 1464,4222 1588,4218 1713,4214 1837,4209 1962,4205 2086,4200 2210,4196 2335,4192 2459,4186 2584,4182 2708,4176 2832,4170 2957,4164 3081,4158 3206,4150"
                         HEIGHT="180"
                         WIDTH="2522"
                         VPOS="4090"
                         HPOS="699">
                  <String ID="string_region_1644472137750_115l41"
                          HEIGHT="180"
                          WIDTH="2522"
                          VPOS="4090"
                          HPOS="699"
                          CONTENT="ben verwondert'us mij niet adviseert, dat ue het divident van"/>
               </TextLine>
               <TextLine ID="region_1644472137750_115l42"
                         BASELINE="728,4358 852,4347 976,4337 1101,4327 1225,4318 1350,4311 1474,4304 1598,4299 1723,4294 1847,4288 1972,4284 2096,4281 2220,4277 2345,4274 2469,4270 2594,4266 2718,4263 2842,4260 2967,4256 3091,4252 3216,4248"
                         HEIGHT="254"
                         WIDTH="2524"
                         VPOS="4163"
                         HPOS="709">
                  <String ID="string_region_1644472137750_115l42"
                          HEIGHT="254"
                          WIDTH="2524"
                          VPOS="4163"
                          HPOS="709"
                          CONTENT="dehuydtzee comp vervallen sber 1728 ontfangen hebt andere"/>
               </TextLine>
               <TextLine ID="region_1644472137750_115l43"
                         BASELINE="708,4468 834,4457 960,4449 1086,4440 1213,4432 1339,4424 1465,4417 1592,4410 1718,4404 1844,4398 1971,4393 2097,4388 2223,4382 2349,4378 2476,4372 2602,4368 2728,4364 2855,4359 2981,4355 3107,4350 3234,4346"
                         HEIGHT="227"
                         WIDTH="2560"
                         VPOS="4255"
                         HPOS="692">
                  <String ID="string_region_1644472137750_115l43"
                          HEIGHT="227"
                          WIDTH="2560"
                          VPOS="4255"
                          HPOS="692"
                          CONTENT="leggen mij, al lanck voldaen sijn, us odves hier van sal"/>
               </TextLine>
            </TextBlock>
         </PrintSpace>
      </Page>
   </Layout>
</alto>
