8330 4733
1016 269 2378 160 de peu de chose ie tacheray de les avoir au plus jusse poile

999 410 2378 115 & de vous cenvoyer la facture & cognossement p ma premiere

962 446 1098 143 =estant tres parfaistement

2601 480 692 182 Adij 11 sber 1725

802 511 985 197 Turnhoutt wed: Jan B. Roberts

972 623 2387 190 ue aengename van gisteren wel ontfanghen daer benevens eene niwe

952 762 2348 123 obligatie ult toegesonden door ue nonderteckent derhalven sende hier

975 827 2395 164 behevens ue oude obligatie te bugge, vinde mede ƒ20:- courant get

978 896 2418 174 makende in wissel gede ƒ 17:8 voor de intrest van de selve sobligte

937 1031 2392 162 vers 15 sber1228 soo dat alles wel il blijve met haeste naer

968 1140 1055 166 seef vrindelycke groetenisse

2471 1210 827 216 Ant 19 gbre 1725

775 1250 1414 211 Mons  may la veuve frans. Janiot

976 1377 2411 220 cepmis le 28 davril 1722 quand le : jonard m'a coimte pour vre con

978 1530 2417 168 ƒ176:- de change pour de la marchandise que ie vous ay envoye le 29bbr

978 1625 2388 133 1722 celon la quitance a luy donné rien de vos nouvelle ayant este

979 1698 2414 177 ependant en attonte que vous m'auriez eenvoye le reste de nme

971 1793 1587 169 comte court ce qui porte core en suite

980 1887 1805 162 1723: 19 fevrier pour une perpesuane noire N.70

3135 1874 196 196 ƒ50

1223 2005 1554 158 5 mars pour une ditto blanchie „ 70.

3130 2052 208 114 „47

2548 2112 247 120 „7:6-

1183 2098 1112 159 13 may pour une ditto noire

3135 2144 179 107 150

2071 2196 1257 164 osembe argent de change ƒ 147

970 2295 2430 197 vous priant de me remettre la ditte somme p le premiere voyage

989 2421 2407 137 die dit S Jonard pour solder nre compte courant & en l'attendant

997 2526 1397 159 ie suis avec offres de mes services

2637 2573 703 210 Adij 2 er 175

845 2611 671 179 Gent Piere Labriel

974 2714 2394 197 ie vous envoye aujourdhuy p le chariot de Gand un petit pacque marque

975 2851 2302 115 D.V.D. contenent une piece d coutie, de la valleur de dix sest

960 2951 2433 133 florins, que ie vous prie d'envoyer a lille a madame la douariere

937 3073 2443 123 de feu monr. theodor Van Zeller, & de vous faire payer a lille la

968 3167 2434 120 voture dicy, & tous les deboursements que vous auriez fait a ce

962 3245 1336 162 suyet estanttres parfaittement

2554 3304 786 175 Adij 8 xber 1725

791 3340 1643 208 Brugge dhr Lansence van Rentergen

977 3447 2414 192 el aeng van 8 aug: lest hebbe go sijn tjdt wel ontf. daer by

983 3564 2388 132 bevonden de oncost rek. van het pack sijken N. 52. bedragende

1010 3644 2378 122 1n cours: gelt £3:13:6 en wael vooren ul in wissel gelde hebbe gecredit

1006 3727 2378 150 voor £33:0en desen tot advies als dat op gisteren ne anderm

976 3856 2364 141 p wagens adroiture hebbe toe gesonden eenn pack B B:53.

991 3911 2415 120 inhoudende 127 ps tijken dat gelieve p eerste versreckende schip

984 3994 2411 148 te versenden & te consigneren aen d'heer john tasnall tot london

987 4141 2404 110 versoeckende mede de oncost rek van het selve benevens het

1001 4197 2401 136 cognossement op het spoedighste mij soe te senden & tselve

1006 4294 1855 153 af waghtende blijve naer beer vriendelijcke

986 4418 520 131 groetenisse

5896 237 207 140 22

5089 236 799 144 Adij 212 sbre 1725

3420 256 970 153 Lebberende wed: derickn

3543 337 2504 179 some bij desen ul versoecken van te comen, betalen de verschene

3543 442 2480 127 intresten van de swee renten die t'ul: laste ben hebbende sijnde d'eene

3549 573 2371 107 verschenen op 26 meij & d'andere 28 junij lest leden hadve nmet

3558 626 2510 141 verwaght ur: soo lang soude getardeert hebben vertronende dat de

3558 731 2504 128 toecomen de weeke sals over comen om het voors te comen voldoen

3552 828 1564 163 & t selve afwaghtende blijve naer groet

3420 921 1224 203 taebroeck dht joseph Cremers

5215 924 764 201 Adj 12 sber 1723

3508 1054 2543 171 ben seer verwonders dat ul: niet eons comt betalen den vervallen

3556 1210 2421 131 intress sonder dat ul p misivedaer over come te maenen het is

3542 1283 2526 126 lechter mijn hurneur niet sulx te doen darom sal desen dienen

3533 1374 2523 154 voor de laeste vermaeninge & ingevalle ue niet comt te voldoen

3394 1418 2407 198 de naesse weeke sal mijn recht vervolgen sonder voordere

3507 1588 1264 114 2 adversentie waer mede blijve

3432 1626 1082 203 ondres mons: John taspall

5134 1643 814 203 Adij 17 gbre 11725

3565 1740 2311 161 je me referre a celle que ie me suis donné l'honneur de vous

3534 1872 2520 148 deriere le 12 sbre pas depuis sans chere vre celle pour vous envoyer

3546 1953 2517 152 lincluse facture D'un ballot  N.53 contenant 127 ps detroutils

3548 2054 2404 135 portant ensemble en argent de change ƒ1447:2½ estant desa arrive

3546 2133 2460 162 a bruges & sera charge dans le baeau de piere de suddere qui

3554 2252 2417 116 inl partira pour londres, que dans 8 a 10 jours d'icy il est vray

3552 2335 2510 139 que j'ay tarde assez longtemp pour vous envoyer cette bale mais come

3402 2410 2668 166 ie n'ay peu avoir les coutils au commencement, qu'an prix ordinau

3559 2519 2480 110 ie disoit a mon fabricateur de ne les avoir besoing qu'a 2 sols p ps

3568 2594 2437 129 moins & quoy il est resolve a la fin vous pouvez voir par

3565 2703 2361 106 la mons. que ie prend vre inserest a coeur ie n'ay peu

3564 2732 2510 149 obtenir cependant les pieces justement come vous les avez ordonne

3557 2851 2519 128 a cause quelles n'estiont pas fait p des ma la dies derimis les ovriers

3583 2938 2470 116 ne doutant que vous seray contant du contenu de la ditte bale

3578 3046 2447 138 & que vous y trouveray de la belle marchandise estant tres

3571 3129 349 138 parfaire

3558 3252 2441 157 BS. a linstant ie recois le cognossement de bruges que ie

3575 3402 2447 119 vous envoye ciy joint estans le predit ballot charge dans le

3566 3481 2464 131 bascau de francois mointack au bieu de prere de ruddere qui

3583 3583 2470 124 parte aujourd huy pour ostende dieu le donné un bonne voyage

3392 3599 2527 191 & vous laisse pervenit le ballot bien conditione vos

3397 3760 2675 127 remises sur mons. Cristiaen pedro vermolen de £200: a35:1 en

3571 3839 2351 139 sont paye & vous en est credite pour ƒ2120: de change
