8255 4699
897 248 2297 117 universis & singulis presentes litteras visues sive lei audisons

889 315 2366 124 nos censules & senatus civitatis antverpie salute not on facimies

898 410 2329 147 et handin serie attestamur ferdinandum snoeyens, qui precedens

888 542 2362 130 instnementum subserinsit et subsignavit elle netardune reqiu

885 614 2394 130 ex nie mero huins dieto ciuitat is boni nomini et fame instrements

911 722 2312 139 et scriptuns per cum siz signatit omuno fuisse adibilam et

891 781 2379 187 advise advibit: plenam fidem in judicio et extra sine dole malo

913 894 2335 142 in eddus rei fertimonudn ligilliem ad lausas huiis dicte civitatis

904 978 2350 198 antverpie presentibut appont jussinis cardemque a secretardo nottro

877 1082 2407 219 surato signan curavinins die seconda monsir marsy anno millision

2052 1196 716 130 was onderteckent

903 1217 891 166 septingen te sime wigesime

2145 1277 869 175 D.J van hoone

2596 1378 689 149 Adij 3 meert 1720

782 1390 565 191 brugge kentergen

1390 1488 73 72 im

915 1441 2379 176 ue aengename p deser wel ontfanghen daer bij sien dat den schopper die het

914 1600 2267 161 pack overgebroght heeft niet magh mede brenghen & datter present geene

915 1654 2362 176 occasie is van beurtlaijden, wel dat is een seer fraj reglement dat ick a cotty

899 1776 2398 123 ware soude de desiens van de schippers dewingen, on een beurtman te doen

920 1851 2305 159 laden & vertrecken, oft soude mijn pack met de luykers wel voort crijgen

852 1963 2212 154 daer tot danigh reglement leght isser ten mintten alle weeken een

925 2028 2369 187 bentman die vertreckt, ue can wel het pack doen laden, & sorde schopprs

860 2173 2423 139 daer tegens comen hur dwingen, als voorseydt tis wel een goddeloose

918 2239 2362 203 sake, dat de schippers a costij doen, wat se willen ick kan op dese wijle

911 2345 2389 191 soo wel 2 maenden van mijn pack gefurtreert blijven, men steckt de

935 2457 2277 178 walge van de negotitie, sijnde aen de selve niets te profiteren, & men

928 2565 2338 165 wordt van d'een & dander gepreiudiciert sijnde de reden waerom

922 2656 2360 230 de selve voorgenomenn te quitteren doitt doch u best dat het met

908 2750 2303 226 de twijflers magh afcomen, & spant het reght in & soo niet voort

936 2880 2236 194 cont wilt den voerman van brugge het selve mede brengen

937 2943 2372 233 voor ses goldens wissel gelde cont het met hen senden daer is tot

948 3033 2335 236 london geen accoort gemaect voor de vraght derhalven sul

945 3181 2347 203 3ft e ps moeten betalen bedanckke ul. betrent de informatie

953 3348 992 153 van de beurstel maliers

959 3377 2295 203 het pack tijssen con niet toegesonden worden voor toecomendie

945 3499 1613 226 rijdagh waer mede naer groetenisse blijve

2755 3523 494 211 Adij 3d.

761 3668 936 158 Brussel wed: borremans

925 3670 2348 215 uf aengename p deser met de staelboeclites van drapaen

962 3790 2300 219 te rugge, waer van uy 539.4 ps. hebt geteesient en de selve

957 3896 2363 249 te senden met 4 papet. te weeten 3 van N.80 swrt &1 van

964 3992 2354 256 N. 70. N.70 is gereedt & soude van N.80 oock wel op gesteren

949 4122 2289 216 connen versonden hebben, maer die in huys gereedt hebbe

957 4237 2352 237 hebbe niet dorven senden, vermits maer a 28 lanckk valle

3462 183 2502 138 trachte niet anders als ul wel te bedienen, daer sijnder onder de

3489 273 2355 169 pers die niet voor toecomende woonsdagh hebbe connen claer sijn

3470 327 2496 189 sal den de selve met de voors 4 drapeen op woonsdagh us toesenden

3470 468 2497 155 & waer in us: noch voorderen dienst can doen gelieve te comanderen

3471 565 1452 146 die naer vrindelycke groetenisse blijven

5119 563 794 136 Adij 4 meert 1720

3392 663 618 195 Leulen Gerard imeuser

3498 700 2472 208 ue mij seer aengename van 11 & 24 pass bij tijde wel ontfanghen, & gesien hoe

3448 833 2495 158 dat ul:  29 gpoaen begeert hebbe de priefsiens oock becomen, op voorleden

3492 904 2431 196 vrijdagh, & tot saturdagh laten rusten, & de selve als dan geproest, waer van

3480 992 2487 202 wij gehoten hebben N.2. die den moetten smaeck van lasten is heeft ue sal

3479 1142 2473 155 dat gehel voeyer op amen laten trecken & mij p mat hiat tijsen toesenden

3478 1232 2469 155 om dat aen hem voor de vraght van de proefiens niets betaelt hebbe & ue

3490 1286 2456 195 moet trachten de vraght op antwerpen te becomen voor 5 p uijterlijck 5

3490 1408 2393 156 men seght mij een voeyer I½ aen is soo sal ue: 7½ amen particulier

3502 1499 2440 188 nemen & de selve vullen met den Wijn vant voer N. 2 isser meer op, daer is

3498 1587 2449 214 niet aengelegen, maer begere niett van een ander voeyer daer bj oft iets te cort

3481 1684 2482 221 quaempt ncoght egter van N.1 bij doen die heeft oock goeden cattenis maer soo

3499 1766 2407 190 veel niet ick vertrouwe mij, dat ul: het reght voeyer N.2 senden sult &om

3430 1882 2439 177 dat e confronteren hebben een half opersien daer van overgegoten, & wel

3495 1980 2488 215 gettopt ue moet wel sorgh dragen dat de hamn met grede riepen voorsien

3497 2064 2445 220 sijn, & dat niet doof sijn, want swaer bedorven wijn, de voerlieden te

3506 2183 2437 186 recomanderen de goede sorge, dat op de reyse niets afgetapt woordt met een

3498 2274 2443 157 woordt het noodigh blijft ul gevolen, dat begeert hadde de moeyte te

3507 2349 2448 205 nemen daer souden mij versoght hebben N.7 oock in differente amen te

3505 2434 2459 213 laten comen maen wille met ambarat niet gugwollen sijn eghter soo

3505 2544 2397 206 N.2 wel over compt in differente amen, als versoght, &det de vrinden

3514 2633 2452 233 benevent mij content sijn, om ue avantagie te doen, sal dat dean noch

3520 2748 2434 199 wel doen, gelieve mij cito mogelijckx de rck: te senden soogelijck aen de

3538 2875 2436 188 wijn verloopers, het ue het netts remitteren gelieve te noteren, hoe

3520 2974 2456 172 veel en vide daler is, in mindere spetie &ofter geene differente soorte

3508 3064 2474 184 van uijtdalers sijn, on int remisteren geen abuys te hebben tgouvern

3489 3157 2437 197 soo de vrinde content sijn sullen noch meer vragen, in dit ofte in de

3518 3310 2477 135 toecomende sare, daerom doet n uyterste beste & stelt hhen op den mt

3521 3380 2425 197 prijs, waer mede ul: antwoord & de rek: of waghtende blijve naer seer

5330 3492 658 184 Ady 6 met 1720

3505 3518 746 156 minsame groetenisse

3398 3615 977 165 London rebecea hamitton & Cooste

3514 3647 2468 224 op 28 pass was aen ue mijnen laesten, waer aen mij gedrage de ¼ groot loot

3483 3769 2495 194 die verwaght hadde om in de bale N. 13 met 50 ps. te packen, woren niet

3516 3878 2449 201 gemaeck dogh sullen over morgen claer wesen, & dan naer brugge versonden

3521 3979 2475 163 worden, & sal op het spoedighste ul de facture senden, van die 50 ps. u13

3529 4094 2428 153 nu hebbe voor mij ul seer aengename van 19 deser daer bij verneme

3478 4191 2505 156 dat het wel gemackelijck is om canten in de packen tijt en te sluyseen

3492 4299 2399 128 dat een groote avantagie is, alsoo de teghten a lottij swaer sijne,
