8358 4747
1025 302 2360 114 cest une charge qui me couste de largent & un occupation incroiable

1012 363 2369 113 puisque ie n'ay pas le temp pour faire mes propres affaires, cette charge

1021 423 2387 116 n'est pas profitable cependant honorable: J'ay l'honneur de vous souhaitit

995 515 2334 127 reciproquement toutes sortes de benedictions & une parfaite sante

1021 592 2208 138 durant le cours de cette aie nouvelle & de Blusieurs suivantes

1009 667 974 113 estant tres respectuensentent

2572 715 652 186 Adij 17 seb 1725

831 721 861 157 sendt i. Jacobus Jacobsens

945 842 2454 176 wijsele niet oft d'heer verachter heeft ul de comissie & ordre toegesonden

1008 926 2369 136 om de lijnwaeten voor onsen armen naer onder gewoonse te provideren bidde

1000 1027 2356 118 uk: uyterste devoisen te doen om goede stuckken & tot resonabelen prijs te

1005 1100 2394 145 becomen want hebbe seer groote devoisen gedaen om dat ue: die leveren

985 1165 2370 141 soude gelijck ul met mijne voorige gelooft hebbe, ick hebbe oock

1017 1233 2367 150 eenige stucken noodigh van 4 & half breede, maer mogen niet geblijce

1017 1373 2372 117 borden, daron bidde van bij occasie ses oft aght stucken in te koopen ten

1011 1419 2378 171 prijse van 24 a 26 et p elle boven dien een stuck packsoeck van 8 a 9 en pelle

1023 1518 2358 130 & soo ul die becomen heeft de selve mij toe te senden benevens de facture

1018 1583 2348 165 & gelieve het import op mij te trecken naer ul wel gevallen wensche

1015 1666 2188 148 alle bedenckelijcke benedictien des hemels in dit koopende

1011 1749 1790 149 nuw jaet & blijve naer seer minsame groeteniss

2616 1824 692 152 Adij 19 feb. 1725

861 1804 1508 196 swijndrecht d'heeren ballew borgin & schepen

992 1952 2370 80 Elsoo dR iacques de lannoij heere van Swijnsrecht de romissie van

1001 1990 2447 122 meyerije van sijne parochie & heerelijckckeydt van swijndrecht eertijdts provision

1001 2068 2444 145 & sonder consequentie verleent aen dh Jan franc van mossevelde andermael

1001 2151 2385 105 heeft gecontinueert & geprolongeert op den selfden voedt voor den tydt

1001 2232 2392 115 van ses maenden ingaende den seienden feb duysent seven hondert

1014 2307 2332 118 vijf & twinsigh dus apiresende den sesthinden auy. van desen selven

1042 2391 2197 153 jaere soo is desen dienende om ue: te versoecken van mijne

1010 2438 2402 157 borghtoghte van drij honders que eens voor het bedienen & mistedienen

1012 2530 2360 118 van de voors meyerije van swijndrecht, gegeven den 18 july duysent

1006 2633 2297 109 seven hondert vier & twintigh voor den tijdt van sele maenden

1006 2716 2253 114 die geexpireert is den 18 janu deses gare duysent seven honders

1018 2773 2357 144 tijt & twinsigh in te brengen op dat op de selve borghtochte

981 2835 2398 177 mijne hanst tecken soude setten voor de prolongatie voor den tjdt

982 2946 2409 178 van de sesse maenden hier boven vermelt verschijnende sesthien

1022 3031 1559 171 aug 1725 & het selve afwaghtende blijve

2541 3106 592 121 Adij 21 feb 1725

851 3128 928 155 Londonn Mons: John batnall

1000 3192 2449 154 J'ay receu celle que vous m'avez bien voulue escriere le 15 janvier passé d

1011 3266 2432 175 & comme vous ainie que ie vous escriere en francois i'ay l'honneur de vous dire

1032 3353 2393 159 pour responce qu'il m'a fait plaisier d'apprendre que le ballot N.49 est bien

1026 3416 2303 166 arrivez chez vous ne doutant point que vous auray trouve les pieces a

1019 3471 2408 168 vre satisfaction, vous me marque ossij d'avoir trouve le compte court

1034 3609 2410 142 iuste excepte six sols plus a vre disavantage sur la provision du ballot

1022 3701 2356 109 N.47. il ne que 5 sols & come nre compte court ettoit deja salde ie

1022 3769 2430 109 ne peut le remedier & pour vous en desinteresse ie n'anoseray point le port

994 3876 2384 128 de vre lettre cy dessus mentioneé pour ce qui regarde l'interest dont

1020 3930 2419 154 ie vous ay debité. si s'avois compte le temp que j'ay este en debours

1008 4021 2269 124 ie vous assure qu'il me reviendroit bien d'avantage ainsij mons.

1019 4111 2404 165 ie vous prie de soldes nre compee come ie vous l'ay envoyee & m'en

1023 4197 2310 154 crediter a compte nouveau pour ƒ693:9:9 touchant la lestre de

1061 4281 2216 157 change sur haydon la quelle a este proteste & honore p R saylos

1038 4363 2393 136 vre amis doibt payer les ftrais du prosest puis que le corresponden

1024 4446 2408 137 de dit taylor disoit que ce n'estoit point a luy de payer la dit protest

3579 234 2458 138 vous n'aurois pas volue que la dit lettre n'aurez pas este paye pour cela

3568 270 2501 167 & la maniere de nre bourse est ainsij de sorse que ie devois suivre la coutume

3570 377 2488 121 suivant vre ordre j'ay paite & envoye les nops cottiques le 9 courant a bruges

3562 446 2484 149 d'abord que j'auray la memoire des frais & le cognossement ie vous eenvoyeray

3569 507 2511 129 la facture j'ay paye a mon labricateur le restant du dits ps. le 22 janvier & outre

3554 648 2378 115 que ie vous ay marque j'ay rabattue encor 2 sols p ps. aiisy vous les auray

3553 688 2470 170 a ƒ 8:12 ƒ10:12 & ƒ12:12 avec 2 pour cent rabat pour l'argent pour l'avenir

3564 796 2501 134 il m'a dit qu'il ne les peut donner qu'a ƒ 8:16 ƒ10:16 & ƒ12:16 pependant

3569 872 2520 144 ie ferray mon devoir pour les avoir a ƒ8:14 ƒ10:14 ƒ13:14 mais cela est incerta

3564 967 2491 134 ie trouve mons. plus que ie suis pour vre interest plus diffioile que vous

3579 1041 2472 113 est & cela ne me fait pas plaisir un autre ne vous fairoit pas cavaintage

3577 1106 2425 149 que ie vous cait a l'egard de ces 120 ps: ainsj vous pouvez bien juger si

3581 1180 2472 161 personne au monde pourroit vous mieu servir que moy j'ay vre remise de

3563 1275 2545 154 ƒ2000:- de change sur jacques de trave a gand payable dans anvers la quele

3557 1344 2434 115 doit estre satesfait le 26 cour. j'auray soing pour le payement ie vous

3568 1450 2477 121 prie mons: de vouloir payer a mons: saac delpech notaire a londres  8 ƒ57

3563 1535 2476 98 sterling & luy en demander quitance p ma premiere a venir vous auray la

3471 1610 2055 139 facture & cognossement du ballot N:50 & suis tres partaits

3462 1674 807 130 Amores Mons: Johne Batnall

5160 1686 689 160 Adj 28 ferr 1725

3581 1724 2458 170 ye me referre a celle que ie me suis donné l'honneur de vous escriere le 21me court

3557 1818 2488 130 cette ne servira que pour vous envoyer l'incluse lacture & cognossement d'un

3542 1920 2463 131 ballot marque N°50 contenant 2ops: pottighes portant Ensomble en argent

3559 1983 2460 154 de change ƒ1294:18:9 en estant charge dans le bareau de Edward medifeeld

3589 2086 2398 144 qui eshentprest pour partis pour londred la semainne passé & come le veut

3591 2174 2474 119 estoit lavoiable ie le crois desa arrive ce qui me ferra plaisir d'apprendre

3580 2261 2457 132 & si vous est intentione d'ordonner quelques ballott de rechef ie vous prie

3579 2318 2489 162 de me le marquer en temp soyez persuade que j'auray vre interest a coeur

3590 2425 2042 137 come pour moy meme estant en tous occasions tres parfaitt.

3465 2465 1508 170 tme mons: de lanmes de la Baiere

5351 2495 652 137 Ady 12 mars 17205

3599 2581 2476 123 me suis donné l'honneur de vous derire le 13me du passé & en meme

3599 2680 2492 128 temp ie vous ay envoyé les 50 litions & so branges come aussij deux

3603 2790 2476 94 barils d'anchoie que vous m'aviez ordonne esperant que vous auray reccu

3589 2852 2456 145 le tout, bien conditione ie prend la liberse de vous eenvoyer cy joint

3594 2951 2466 138 une memoire que mon espouze a forme touchant les affaires de mons:

3587 3032 2519 155 de man p la quelle vous voyeray comment qu'il est arriere i'espere

3585 3135 2447 127 mons: que vous auray la bonté d'y tener la main errfin que nous

3599 3217 2422 147 puissions avoir compte & satisfactionn nous buy avons envoyé la copie

3587 3290 2473 141 de 6 incluse dinemoire pour le rendre plus conties ne doutant point

3623 3386 2423 120 que nous aurons ce qu'il doit a mons: de swijndrecht sy vous voule

3611 3460 2490 177 I imployer 3os soins sur les quelle nous avons beaucousp des consiances

3621 3552 2487 163 & croyez mon chere cousin que vous me trouveray parellement en tous

3637 3675 336 112 occasions

3576 3721 2450 176 mon espoize & mons. de swijnd vous lont leurs compliment & a

3623 3814 2454 169 toute la famile vous priant d'agreer aussij les riemes mons vre

3643 3923 2224 143 frere le lieutenant nous a fait l'honneur de nous venir voir

5329 4012 670 147 Ady 14 mars 1725

3489 4008 972 156 Amsrett Mons: John Satuall

3664 4123 2343 116 le 28 du passé sut a vre grace ma derniere y joint la facture

3631 4214 2476 117 & rognossement du ballot N50 contenant 120ps coutils portant

3643 4260 2480 174 en vargent de change ƒ1294:188 depuis sans l'honneur d'anqure

3658 4376 2458 133 vre mon fabruateur m'est venue voire pour avoir de largent de

3674 4485 287 84 reciet
