8269 4692
2506 227 787 134 Adij 20 meert 1720

738 251 691 167 Brugge aentergen

906 314 2362 152 ue aengename van 9 a 14 a & 18 deser bij tijde wel ontfanghen oock is

905 388 2369 179 het pack te voorman mij wel gevorden het avarie is door de suyseer lieden

902 539 2374 154 tot hun avantagie gereguleert a 1 p: p pondt sterlinx in weirde waer door

909 599 2342 137 meer hebbe moeter geven, als voor 10 ps. suyken ick hebbe den schipper

914 678 2281 179 ontrent de vraght gesproken, & sal hem laten contenteren a 3 p us

917 811 1629 142 oock of hij difficultijt maeckte niet anders te betalen

894 840 2390 176 verwaghte van London e Lucas strobant 3 cassies gemerckt NCM1.2:3.

921 990 2381 134 inhoudende een noteleren ondt bisset, oft casse, bestaende dese 3 maer een casse

923 1065 1815 193 weirdt ƒ 250:- sijn arrivement sal gaerne vernemen

923 1157 2311 165 ue is gecrediteert voor ƒ10:5:9 wissel gelde voor oncosten op de bale

913 1213 2329 227 tijken, waer van het cognossement te gemoedt sion, als mede oncost rck

912 1394 621 166 op de bale sarges.

937 1386 2353 219 ingesloten een briefie van  £60:- ten laste hemij heijden, dat gelieve

913 1528 2280 173 be laten accepteren, oft by faute te protetteren & tselve met occasie my

2487 1616 469 174 Ady 20 d

929 1670 1127 149 te rugge te serden waer mede blijve

760 1763 561 170 London bollengier

943 1762 2401 226 ue: aengename van 26 pass D.S. wel ontfanghte den gechoudt wel verstaen, & gitte

935 1938 2380 149 hebben wij van ue naeder advies dat onsefactier die de luyt  comp. verscoght

901 1991 2392 226 hebt a 17 dat seer wel is, eghter twijfele niet oft het vervallen divident is

939 2091 2212 211 ontfanghen, oft sal ontfanghen worden tonsen behoeve gelijck andere vrinden

864 2235 1733 174 goviseren, sal de nitto notstie p us eerste afwaghten

934 2205 2371 250 nu wat aen goet de penningen, sal de selve onder ul: laten, op conditie a 36

933 2356 2375 199 p anneen tot dat anders daer van sal comen te disponeren, & waert dat ue: mij

952 2449 2249 182 remitteren londe a 36:6 a ƒ7 binnen antwerpen te betalen, cont selve

958 2581 2275 176 ffectiueren mits staende delcredere voor de brieven a ½ de provisie

970 2658 2308 163 ue: antwoordt hier opte gemoedt siende blijve naer cordiale groet misse

1712 2786 774 109 niet voots gegaet

955 2798 621 104 met mijn broeders brief

2687 2750 498 197 Ady 20 d

960 2865 959 81 onderteekent & gereferreert op heden

787 2922 1133 176 London rebecea kaniton & Cotte

977 2924 2310 238 ne. aengename t deser gisteren ontfanghen daer benevens ick van den

965 3058 2267 234 busfet bedragende £24:13:6 en volgens wissel cours van colty af

950 3178 2212 259 gecomen a 36:4 is in wissel gelde ƒ 271:3. waer vooren ul. is

948 3236 2288 303 gerediteert, & sal den beffet met groet verlangen afwaghten dogh

963 3406 2192 195 verwondere mij dat ditto brffet ven dry stucken bestael dat was

967 3414 2317 264 moyelijck sal sijn in een te brenghen den tijdt salt leeren bedanckende

974 3614 1377 198 ul bij provisie voor de genomene sorge

972 3625 2309 306 desen principael tot geleyde van d'ingeslotene facture van eene

958 3730 2370 274 bale N.13 inhridende 50ps. tijken, beloopende u wisselgelde ƒ 526:3 ¼

964 3844 2279 239 dese bale sal p eertte pertreck ende schip ue toegesonden worden & het

951 3952 2320 272 Coynossement p mijn naeste rochus aerts sal selkerlijck voor nu a cobtiy

963 4034 2336 271 sijn, & hope de goederen ue beter contentement tullen gevan als mede

940 4157 2243 221 die in N.13 waer in ue eenigen aengenamen dien t can doen

989 4218 2316 288 gelieve te comanderen die met alle presentatie van dinst blijve

5243 193 740 112 Adij 21 meert 12201

3390 220 700 151 Brussel wed: borremans

3509 265 2480 138 nvolgens ue ordre van 12 deser soo hebbe op gisteren p beurtschip ul: toegesonden

3487 342 2495 147 de 6 ps. swerte perpetie daer by 2ps. van S: bellot &2 van jouff. reimt opgepackt

3522 428 1993 178 in een packie gemerckt t gelieve mij te crediteren als volght

5268 467 643 144 ƒ52: ƒ104:

3510 527 1109 152 20 meet 1720 2 swerte perpet. N70

5261 578 661 105 N42: - „ 94:

4411 607 202 93 „ 60

3883 613 156 140 2d

5259 645 682 94 „44:  „ 88:

4420 684 210 104 „56

3877 706 169 103 2d

4880 698 1062 204 samen in wissel gede ƒ 286:

3877 797 216 147 6 1

3514 827 2497 189 waer vooren mij gelieve te crediteren ick hebbe mijn mijterste beste gedaen & de

3513 956 2436 149 langhste lbeste stucken gesonden vallen door den bant wel soo in leingde als

3514 1073 1041 176 qualitjt tis altemael versch goedt

3526 1082 2487 197 ue heeft voordesen veele sarges meunders couleur wit met wat blouw & voort gemengel

3525 1202 2406 202 gevraeght hebbe present een seer schoon baeltien van 15 ps. bij, can ul: hier

3502 1304 2372 132 mede oft met andere couleuren dienst doen gelieve de comanderen die met

5238 1389 686 159 Adj 21 d 1220

3498 1416 836 155 de tuyterste affectie blijven

3421 1518 639 163 Leulen Gerard Meusel

3529 1558 2381 201 ue mij seer aengename van 16 deser wel ontfanghen den sahowdt verstaen,

3516 1660 2427 213 g segge tot antwoorrt, dat het niet can geschreden het heele buck wijn te laten

3524 1748 2446 202 overcomen in een wat, om dat sa8. differente persoonen daer in paert hebben

3526 1861 2450 152 oock het soude in onse kelders niet connen gerasien derhalven gelieve soo goede

3528 1947 2396 154 te wesen, van het allemael op hamen te trecken, dogh versoecke de goede

3512 2030 2447 151 sorge dat de hamen gepreparcert sijn met goeden wijn, dat wij geen ouraedt

3524 2113 2466 194 brijgen aen den onsen moetel wijn, & maecht dat een haem geteekent wordt

3533 2205 2430 178 met een clijn cruijse daer het middelste vant dat wijn in kont laten trecken

3536 2305 2464 171 op dat ickk voor mijne moeyte van het eerste nochte laeste vant wat met crijge

3542 2430 2453 131 den voerman is present liver qul sal tijdt hebben om alles te prepareren tegens

3532 2490 2364 185 sijn te nogh comste de goede sorge blijft ue: bevolen, & gelieve mij de

3534 2575 2431 194 rek te senden, on ue. het import te connen remitteren, waer mede naer

3547 2709 856 156 minsane groetenisse blijve

5401 2683 612 191 Ady 23d. 1720

3414 2823 816 128 hier margeo suyers tafelerse

3552 2868 2445 147 ul brief van 18 deser is mij wel behandight door hendrickk van niuwen kwijse

3542 2966 2461 174 volgens ul: versoeck, hebbe aen hem de vierthien houdert guldens courant ght

3548 3058 2313 185 getelt, & oock het restant van sijn tafel brief soo dat hij die geheel aen mij

3545 3144 2455 192 getransporteart heeft hij seyde dat int cort noch emant soude senden met een

3528 3269 2479 130 tofelbrief van ƒ 3000:- sent maer bij mij die ul: gelieft alst lwijden van

3544 3331 2421 176 antwerpen, oft ontrent sijn, soo die kenne sal te alle aenveirden, al waer

3560 3434 2439 146 het tot twee a 3 duysent ponden vlaems, dogh op die conditie dat ue mij

3550 3505 2484 208 binnen antwerpen sal betalen, & geene mindere spetien geven, als schellingen

3549 3615 2476 187 oft andere hoogeve naer advenant, waer op ue antwoorrt te gemoet sien,

5310 3712 718 160 Ady 23 mart 1120

3551 3753 761 153 blijve naer groetenisse

3402 3824 835 174 Brussel Steph. Rousseau

3563 3922 2289 167 J'ay reccu en san temp les cheres vres. du 13 a 15 du pase & 22 courant

3509 3989 2525 209 p la deux jesme avis, qu'avez reccu de la voufre de ctonelit le fay s la somm

3514 4096 2537 155 de trois cant florins de chonce, dont, vous este debte, comme aussij pour ƒ136:

3521 4188 2507 146 de change reccu de pous: van den divesche, gelon vre deomiere j'ay tbruve

3550 4275 2302 191 aussij y joint deux remises pour ƒ222:- de change s'avoir
