8330 4726
1066 224 457 115 I gread leads

1893 230 298 144 ƒ 2:16

1062 290 392 156 3 seales

1891 303 303 137 „ 9:16

1055 399 474 141 gread leads

1915 384 288 170 „9:16

1922 485 274 171 „ 11:16

1071 495 405 144 e 3 seales

1911 599 290 161 „11:16

1063 598 506 174 ½ gread leads

1052 697 2362 200 ces sont des florins de nre pays argent de change, les six florins font

1027 830 2432 162 un livre de gros de nre monnois. J'ay les melieurs ouvriers qui travaillie

1027 920 1543 160 pour moy, sur quoy vous pouvez estre assure

2754 1011 656 187 Ady 12 mars 1721

896 1023 971 184 Rijsel de Lannoy de la vaiere

1023 1175 2400 111 J'ay receu avec bien du plaisir l'honneur de la tres agreable vre du 2 courat

1033 1269 2404 158 y ioint troit lettres de change a la charge de mons: de foulon a bruxelles sei

1001 1334 829 154 ƒ618:- a 7 jourt de veu

973 1445 870 144 ƒ610½ a &joirs de veu

1006 1533 839 125 1210:- a 4 jours de veu

993 1584 2463 181 ƒ2434:- en semble en argent de change les quelles j'ay negotie a ¼  de vr

1011 1758 2428 139 perte de soite que vous a ette credite pour ƒ 2431:18 de change, ie dis deux m

1010 1818 2438 173 quettre cent trente & un florins dixhuit patars de change dont vous pouvez disposer

1004 1920 2394 181 J'ay fais voir le reste du contenu de vre lestre a mons: de sujndreclt, il est

972 2016 2464 197 fachen d'avoir des biens, dans les quartier de dixmude & Encor plus d'avoir

991 2135 2419 177 un receveur, si paressiux, vous ferez plaisir a mons. de swydrecht, si vous

1011 2240 2404 176 pouriez luy procurer un autre fermier, qui soit de melieur conduite, a quoy

1000 2342 2448 178 ie vous prie de tenir la main avec mons: de man, ce qui regarde le cempe

989 2463 2422 136 du dit S: mon espouze n'a pas eu le loisir de le viliter p raport de

1009 2562 2379 124 la grossesse, elle est fort miserable tant pendant les moits que des jours

982 2648 2456 167 a qli me cause un sensible deplaisir, elle vous fait bien des compliment

937 2765 2419 158 de mesme d toute la famile, comme enoy qui a lhonneur de vre

847 2810 834 243 London Schauvel I Jocquiel

2709 2858 713 195 Ady 24 meert 1733

986 3021 2431 153 comme j'ay eu l'occasion de parler a mons. Corquere vre associtie touchant

993 3084 2309 200 les fonds d'inglettere, dans la conjonctun presante, nous croijons quils

985 3224 2406 111 besseront du moins autant quils ont fait passé quelques mois & comme

963 3300 2431 178 jncline, pour avoir eing cent livres d'actions, dans la comp. dat indes

984 3442 2390 136 ie vous prie de vouloir aschetter pour mon compte les predits actions

969 3497 2463 165 quand loccasion s presente de les avoir a cent vint sudit ou a cent

968 3659 2308 117 & trente, ou a cent trente deux tout au plus, & quand vous auray

979 3712 2412 191 execute, cette ordre, vous pouriez tirer sur moy la comme requise

977 3838 2416 171 a courtes jours, pour pouvoir proufiter tant ce pui au change & si

984 3939 2247 147 en cees, que vous aimenez mieu d'avoir des remises ie vous

977 4063 2358 142 remitteray a la reception de vre avis que vous pourrez alors

953 4128 2485 173 disconter, a raison de quatre pour cent p au, comme on fait choz

971 4275 2368 118 vous. mons. Cocqual vous donnera de la satisfaction de ma

965 4339 2460 170 personne & suis tres parfaittement en attendant l'honneurs de vre

971 4454 422 96 resssonce

5251 220 805 152 Adij 26 meert 17273

3460 261 813 153 London Schauvel & Cocqueel

3561 322 2430 152 ie me suis donné l'honneur de vous escrire le 24 courant sous la couvertiore

3537 429 2524 185 de mons: Corqueel vra lhollande, ou ie vous ay priez de voulour a chetter pour

3575 503 2467 173 mon compte cincq cent livres d'actions, dans la comp: des judes, si vous pouriez

3562 609 2486 202 pen contrer l'occasion d'executer cette ordre a 128 ou 130 ou a cent trente

3566 738 2442 203 deux, tout au plus, ce que ie confirme p cette depuis nous avons vue p les

3550 809 2563 227 gaxettes dhollande de lartiele de Londres, du 18 courant N.0. que les fonds sont

3506 952 2559 165 generalement boulverse, sur tout celles de la comp. des judes, puis quils sont

3499 1034 2535 180 tombe jusqua ient trente & un & demie, de sorte, que ie ne doute point, que

3567 1112 2439 266 vous pouriez executer mes ordres a ma satisfaction, cependant il ne faut

3569 1215 2474 290 pas vous presser, mais tacher d'attraper le melieur marche ce que ie vous

3566 1341 2493 201 recomande me fiant entierement a vre bonne directson & a fin que vous

3579 1441 2406 230 auriez a peu prez la somme ie cessaire, ie vous remette cy joint cincq

3579 1554 2479 221 cent livres sterlinx tirez d'aujourdhuy a deux usances sur vos graces

3579 1664 2439 228 les quelles vous pouriez disconter en vous mesme & celon la priere de

3594 1768 2378 227 mons: Cocqueel vre associe, ie vous l'envoye signe sans endorsement

3589 1865 2451 232 afin, que vous pouriez vous en servir a vre comodite, vous priant de

3590 2022 2408 184 m'en crediter, & me donner aois de la reception de cette aussij de

3587 2085 2530 208 ce quil sera passe, touchant le predit, & suis aprez bien des complimes

5467 2265 212 77 3 mey

3593 2300 1554 115 ie vous envoyeraz le reste d'abord vre aens

5265 2276 714 169 Ady 1727

5004 2376 668 130 x mois de mars, d'avril

3472 2375 744 172 London chauvel & Cocqueel

3595 2433 2494 202 J'ay reccu en son temp les cheres vres. du 17„ 27 du passe, & 10 du  p la seconde

3595 2516 2439 170 avis que vous aviez recceu ma remise de  £500:- sur vous mesme & que

3589 2631 2431 204 vous ne pouviez pas executer mes ordres d'achetter  £500:- ffetions dans la

3601 2753 2430 164 comp des judes, puis quelles estoient monte a 138½ & p vre derniere, ie

3594 2838 2414 168 vois quelles sont encor plus rehausse jusqua 151 de sorte quil ny a plus

4082 2973 274 92 il est vwr

3613 2950 2411 172 rien a faire, il est vray si on pourroit prevoir ce quil arriveroit que

3608 3011 2503 211 J'aurois gague desapresent 12 de en quoy on doit avoir patience l'incertitude

3600 3105 2466 244 de la paix, ou gaire, m'at un peu intimide. pi que cela est ainsy legune

3628 3229 2404 204 nesti que vout me bonnefieray lintere de mon argent a raison de trois

3628 3337 2458 242 pour cent  an, jusqua que d'en disposeray autrement comme dautres

3625 3434 2413 214 re font dont savois parle a monsi Joequeee qui ma respondere emmandes

3612 3531 2414 198 vn avil & su en cat qui vous ne voudre  l resoddre a cela vous me

3597 3634 2445 221 ferray plaisie de me renvoyer ma lettre de change cque qui j'en pourroit

3562 3752 2483 205 i disposer a mon plus grande avontage a autant plus quille at encor un

3628 3854 2419 230 mois  corme ce qui me qui donner le temst de la negotie & ie payeray

3629 3955 2403 203 ce qui dent seroit due a mons Coequert iay sur quoy j'attendrey vrad

3635 4077 2469 216 responce ie suit det mortfa messs aue ie vous de me saut de peuce, ceperant

3626 4162 2439 192 cetiendant que vous auray trecasion de me pouvoit bonef l'interest pour

3613 4268 2454 247 hnt retant t honneut de vre correspondence at  beaulonge die veeel
