8248 4685
2450 220 847 161 Ady 10 febru 728

773 220 1491 202 London Reberia famitton Cooke

909 334 2262 139 e mij sien aeng Jan 18 pasts a 3. wel ontfanghuy waer

908 424 2345 152 sien dat de goedthijdt gehadt hebt can te doen in formeren

881 509 2397 155 bij mr. vrindt mills van wat hout de erlogie was gemaeckt

878 596 2309 148 dat et notelaren hout was, & dat ue vervolgens den

904 687 2372 176 beffet & ande hout hebt laten maken, daer moet aftscy

906 761 2324 210 vrice soorten van notelaren hem sijn, want hebbe hur

915 878 2323 177 cassen gesune Jan bruyn notclaren hout, & de myne is

904 942 2399 185 Jan geele notelaere, & dat staet aengenamen, als het bruyn

908 1012 2323 240 is oock veel schoonder gewolckt & grooten luyster oft

908 1149 2369 157 meer blincht als het bruyn& soo hope den maker in

921 1236 2373 182 dat geclaehtig couleur sal gehouden hebben, recommanderen

916 1309 2378 256 andermael dat de deures wel mogen sluyter het slot weck

925 1403 2355 201 na de muwste mode, hope ine cortrans us te vernemen

930 1517 2370 185 dat den batet gereedt sal sijn, omge eerste vertreckens

923 1585 2397 255 by lander adroiture op antwerpen te verserden lae

812 1708 2425 180 die in een ander casse van sleght hout wel gepacht

912 1792 2399 212 vrerden, op dat niets gequits rot, oft schade aencomen

916 1921 2094 199 dan, alles blijft uy hertelijk gerecommandeet

916 1966 2344 254 tis mij lief ue de rek court d'accoot bevonden hebt

924 2110 2275 171 ue remise Jan  £96:, op de clousz vanden berg

940 2178 2338 259 tot brussel in antff: te betalen, wort om acceptaie

938 2275 2376 247 gesonden & by faute sal die sonder protest ud: weder sende

956 2374 2338 230 ingevolge ue ordre hebbe op 3 deser, de versoghte zo in tijken

929 2474 2392 234 op gepockt in N. 12 & naer brugge versonden p mijn haeste

943 2568 1972 217 hebt ue de facture & cognosiement te verwagten

984 2594 2336 286 in eentijk 1e 3 segel gemarcht beven het gesens  hetbe

981 2734 2372 190 een stackie cam van ontrene ½ duym breedt ingepackten sijnde

966 2846 2377 212 seer schoen voor sijn gelt, & is lanck 240 brabantst hebbe

957 2934 2333 193 daer vooren betaelt a 29t. del court ƒ 34„16 is wissel

964 3057 2366 198 gelde ƒ 29:16 ½ waer vooren an is gedebitiert. het is een

957 3117 2330 200 volle garniture voor fure 3 agisianten, sijnde 18en

960 3205 2254 244 gaerden, hopende naer ue contentement sal wesel

953 3308 2386 211 dat ue eenige negone in canten conde doen hebbe seer schoone

959 3422 2355 172 occasie &an die te besorgen van alle breedde, hooge  lage

931 3514 2311 242 prijsen, alswaert tot ƒ50: d'ell, de lanten thechueftens

956 3553 2387 256 op costij & al het cortelyx te werck viert op costy gesonden

960 3673 2332 239 & met de tijk packen, isser schoone occasie, om die sonder

974 3811 2326 187 reghten te betalen in te brengen & geloove niet das de

961 3863 2333 277 tijk packn, op Conine comptoeren geopent worden

971 3990 2384 224 al: speculatie hier ontrent, sal gaerne vernemen, ingeslote

987 4087 2315 225 eanrge steltuns van canseny & iets voorvallendewaer

996 4179 2319 209 in ue eenige aengenamen dienst an doen gelieve te

979 4273 2338 229 commanderen, die naer seer minsaeme groet meste blijven

5923 120 79 98 10

5201 170 732 144 Ady 12 bebr 1722

3415 191 957 168 sellen Derard meurer

3513 234 2428 234 op 8 paste ras aen ue mijnen laeste, dienende tot antwoort op

3508 355 2440 189 us: messuve 30ganu lest, waer aen my referrere, sedert niets van

3517 423 2477 228 ul verrcomen & hebbe kan overlanck de procsiens van den moet

3523 513 2426 219 wijn afgewaght, dogh noch niet becomen het sal voor geene

3519 586 2421 259 bagatelle sijn, tant van nu af hebbe al versoeck voor 2 a 3

3519 686 2455 265 hamen, & dermits den tijdt soo insenseble passeert geer den

3522 798 2430 288 sijn hier is den komen volcomen voor de hant sal weelee

3522 898 2391 235 soo come met desen ue: ander mael versoecken van op

3510 966 2456 247 het spoedighste de proefkens te senden & op ontlangh

3421 1064 2492 292 deser een lettersien tot antwoort, om vervolgens de

3504 1219 2370 200 reguleren, E& geleeve mij te notteren hoeveel men van

3509 1308 2392 266 eraght van costij tot hier p haem moet betalen,  jaer

3523 1412 2415 233 mede naer denst presentatie Cordeale groetenisse

3522 1659 340 133 blijve

5222 1593 764 250 Adij 19b. 1720

3428 1684 1394 249 Brugge D: van Rewergenn

3516 1767 2502 243 ifl: aeng. van 12„ 18 & 18 deser wel ontfangen, met den eerste

3539 1927 2371 222 de onost rek van het pack tyken N12 bedragende

3525 1987 2487 308 in wisselgelde ƒ 15:14:6en waer vooren ue is gecrediteert

3526 2104 2485 253 met den breeden het cognossement van ditto bale & met

3519 2182 2514 321 den laesten advies vant arrivement van Jacol barnevoed

3533 2316 2476 290 die volgens ue notteert seer sleght sal gestelt sijn

3527 2455 2491 279 mijn pack sargen is door mijn vrendt geassireert

3541 2573 2407 285 soo dat daerbuyten seade van, schter ben veroblegien

3546 2706 2412 278 voormijn vrindt soe wel de sorge aen te nminn

3537 2742 2470 340 als voer mijneygen & verniets soo groote sende

3540 2910 2465 293 aende sarges als wel aen suykers ort andere goederen

3539 2980 2476 321 met can geschieden so0 ist redelijck dat iver een, sjn

3555 3109 2338 342 seade enoet dragen den schippen heeft maer

3555 3281 2348 266 begens de lee te protesteren & dan sijne lgken

3552 3376 2381 282 spenen, est bij aldien dat het pack sarges nat is

3561 3452 2440 371 hver soecke daer mede tedoen, als voor eijgen tet

3542 3626 2493 294 muste benefitie van mijn brindt & soo het noodigh

3565 3772 2462 269 weere, als de stucken door nas sijn, treert goet het

3573 3864 2477 304 sout vrater daer uyt te wasschen & de stucken dan

3539 4084 2466 183 weder te latendroogeue u gelieue aen aen mijn

3557 4179 2497 219 mons. geerge thorne tot twerton de gesteltenetse
