8406 4713
1066 293 2260 222 oft ue wel geconditerneert selt hebben ontfangen worders

1040 425 2230 229 referere mij aen den selven & sedert hebbe het geluck niet

1033 555 2285 231 gehadt eenige van ce misive te becomen volgens mijn

1046 692 2233 242 jaerlycksche gewoonte soo sende aen ue hier ingesloten

949 819 2397 252 ue re. courant waer bij ue op saldo is camende ƒ181:8½

1064 951 2197 270 wisselgelde waer vooren ul op mue iek is gecoediteert

1054 1103 2297 244 vesoeckende de selve te examineren quaer wel bevinden

1046 1257 2306 229 in confermittert te noteren & mij daer of advis se geven

1060 1388 2118 243 madt ul heeft de goedthijdt genadt van int jae 1720

1061 1532 2263 244 inde maent meert mij toe te senden eenen biefet van

1072 1675 2240 240 schoon notelaven hot die mijn hefste wel aenstadt

1059 1836 2267 231 & sij soude geeven noch soo eenen hebben om in de selve

1073 1971 2285 226 caneste dienen soo dat hij sus puecies van houdt geroole

1055 2103 2144 228 mede moeten wesen q van alle cansen gelwevekt

1077 2237 2223 240 gelijck dien die hebbe soo wel van binnen als van uyter

1077 2374 2228 198 bidde den werckman die dien bieffet gemackt heet eens

1077 2502 2208 243 te spreken geens se vragen oft hij noch van dat els st

1085 2623 2206 234 ilstelaven houdt heeft, & oft hij noch indaghteyk is hoe

1074 2809 2253 205 hoe hy gemackt is soude de leekeninge aen ue wel

1084 2939 2152 254 senden als hij niet preies weet de foirne hooghde

1063 3059 2228 276 breede a ick sal mij plaiier daen van met den

1100 3209 2121 266 eersten sijn antwaortt te laeten segemen gbidde

1093 3356 2244 226 int vlaems te schrifven op dat alles te beter verstae

1101 3514 2231 240 magh exasseert dep libertijct & in alle voorvallende

1124 3649 2179 236 occasien gelive te comanderen , hope pe eerste

1106 3776 2091 227 ordre voor eenigetijcken te becomen waer mede

1097 3929 993 211 naer graetenisse bljve

979 4018 2088 235 Coloinghe d'keer Gerand melyed Ady d21 d 1722

1085 4194 2264 224 en lange d'eene niet gehadt eenige van  iisiael

1110 4384 2137 151 te becomen nochte occasie om het te schrijven

3557 290 2285 160 desen om ue te versoecken van soo goedt te ween van my

3550 408 2336 236 eenige procfkens toe te laeten comen van ue alder best

3550 537 2381 233 over mosel wijn en sorte gelijck in den saene 1720 gehadt hebbe

3532 678 2455 250 ue niet sawefel of nu beter coop is ingevallt die ons aentaedt

3551 825 2361 237 sal wedenan een voldir oft yaemen vraegen u moetten

3559 962 2303 231 voerman bespreken  de mofkens voor niet swedte brenghene

3567 1105 2424 240 vermits de raght van die 7samen hebben sal sendt dogh vande

3548 1243 2442 234 alderbesten gaengenaemten die soo wat ue den cattenis mack

3545 1397 2431 229 sjnde van den vooigen wijn contens geweest ghope nu mede

3544 1525 2419 202 vergenoeghingete besomen hebbe bij dese oie d'een van ue

3560 1666 2267 229 de infereveren als dat het den goeden godt gelieft heeft

3561 1809 2439 230 mij tot een partued ofte wederhelft te verleenen  kerme

3556 1932 2450 211 marce Josepha de lannoy dochter van dheel Jaques de lannoy

3543 2076 2436 266 heere van wijndreght niet swijfelende off ue desen mijnen

3541 2243 2459 212 ceus sulit approveren mijn lheffte versoee haer complimenten

3554 2345 2348 256 hierte gelieven j'acceperen & ick de myne daer be voegende

5711 2513 199 122 lijdee

5603 2518 94 109 D

3448 2502 2299 298 Turnhout Aijou  de vwedr Robert Ady 15 meert 1722

3542 2685 2460 235 Op 23 pass hebbe aen ue het gehokelt fijn rastoegenie

3548 2818 2358 227 wegen de 22 ¼ pout 48 ¼ pour sm dat niet swijfe le oft

3542 2943 2380 237 helt hebben ontfangen jouf brockmans mijne entime

3559 3084 2440 252 vrindeune heeft mij versoght om het garen dat have mijen

3551 3233 2364 208 gesponnen hebben aen ue te senden om gepden geloeven

3557 3383 2449 242 geelijcktse woorden hebbe haer dat niet connen retsenen

3569 3537 2434 224 vermits van haer alte veel vrindtschapgemete derhalve

3576 3671 2417 243 sende heden aen ue dat gaven weght 21 panst is noch al

3561 3787 2427 247 redelijck sijn soo ue oordelt dat het fraiy soude syn om ver

5806 3966 154 115 edbe

3577 3975 2416 226 haer hemden te maeken soo soude het op  gelijck de wwnt

3558 4152 2446 164 linwaeren sijn moeten geloeven eworden soo met soud

3581 4299 2398 175 sij het ¼ laeten welen dogh mijdeenckt dat het wel

3605 4380 2381 125 ellen taecken sal & dat het wel linwaer van 26 a 28 p
