8296 4747
818 238 773 155 Gent Jacomo Baut

2596 246 718 180 Adij 4 July 1728

950 350 418 133 mijn hoer

939 455 2482 200 thuijs comende vinde mij vereert met ul: mij altijdt seer aengen

954 596 2438 194 van 20 meij lest waer uijt niet veel genogen vernemen hebbe dat

954 685 2466 206 dheeren leeden geene difficultijdt gemaeckt hadden ontrent het began

975 819 2438 216 croeus int avrangement tot mijn preiuditie maer dat sij mijn wre

952 969 2482 135 sonden betalen volgens den in houdt van het originee de diffiltiden

968 1061 2455 168 die sij gemaeckt hebben ontrent den intrest is nu oock neder

952 1223 2467 189 gelight soo datter niets obsteert als de betaelinge te doen tgene

947 1274 2499 252 dheeren leden nu stiptelijck willen volbrengen ende om het

951 1465 2469 172 selve te effectueren soo hebben boijsij dhe walkiers hier gesonden

948 1596 2464 145 om de betaellinge te doen binnen antwerpen te doen hebbe

952 1647 2429 179 dito veer desen morgent gesproken die mij sijden dat wij alle

944 1777 2500 192 conse livantien moeken terugge ontiden ende dat hij deselve

972 1931 2441 150 hier sal betalen um intereste volgens het droedt van het

947 2005 2483 209 hef derhalven bidde soed vrindelijck van alle de urantien die v

942 2117 2484 211 gesamentelijck gesonden hebbe op ontfange deser mij weder te

953 2230 2488 240 senden sal dan aen ider interettant de hunne behandighen

956 2341 2474 208 het is mij beet dat sulckx voor comt wilten suponeren dat het

948 2439 2452 257 geschiet is om dat wij onto itrantien aen joust de wed duwjn

938 2568 2493 238 met hebben willen sonden echter bidde van mij te noteren

943 2715 2502 174 tgene ick aen brief poorten als andersins toecomt om ck ten

949 2804 2458 249 danske te rambourseren tgene afwacht ende blijve met

953 2911 2492 244 voel respecht mijn heer bidde het packet met de lisrantien

953 3043 2396 236 op het post comptoar te recommanderen op datter geen

967 3151 1398 147 ongemait magh voor comen

872 3209 2561 190 bidde van mijne twee livrantien aen mij allemelijck toe te senden, & de

935 3367 2488 133 ordres van de andere ceinteresseerde ef te waghte bin reden mij moverende

2783 3453 630 177 Adij 3 july 1728

798 3441 658 177 Gent Jacomo Baut

951 3569 2429 162 l seer geestemeerde 6 deses wel ontfanghen daer bij ver

958 3714 2473 184 nomen dat de heeren beden eene naerdere resolutite genome

951 3809 2496 171 hadden om de betalinge van onse livransie cum

957 3892 2369 173 gendt te doen ende niet in antwerpen waerom onse

963 3975 2425 176 litrantien, bij sigh hebt behouden t gene seer wel is dieheeren

951 4095 2494 142 veranderen soer diewils van retolutie sij hebben het selve aen

958 4169 2431 184 dheer walhiers laten weten die daer cover verlaghen was

963 4300 2439 130 seggende dat hij 300 duysent guls chier in confaten hadde

977 4409 2463 132 wille nu niet meer twijfelen oft de betalinge sal int

5066 154 144 116 26

4808 171 82 73 64

3595 202 2492 206 leijdt volgen in gevolge het desret van iet iet twelck behelft ts

3607 327 2294 118 van ider regiment twee livrantien te betalen met 3 euren

3612 424 2445 104 ende 9 maenden intrest der halven comt aen mij voor mijne

3489 498 1642 151 hive ukvantien cam itresse als volght

3585 582 2514 167 bend vanhe Bant e r de uyue van 28 apil 20 ourt gelt ƒ8812:11

3569 709 1345 182 lenen dito van 9 unij 1720 Corant debt

5759 753 330 147 15677:14

4109 831 1119 152 Camisal in Corant gelde

5789 874 274 132 1320:2

5244 923 193 73 o1 in

3559 898 2251 203 hem alioph voor den iar en onde meyten manden in aelt

5448 1016 188 91 9d

3575 1008 1821 184 vande ƒ17320:2 a rato van 5 bep Aunum Comt

5628 1066 440 125 32 47:40

3646 1123 2441 193 eint dan samen voor mijne rekeninge te ontfange 2 „ 369:12

3595 1214 2466 170 dheer walhiers heeft ordre van de heeren beden schere sommen

3607 1357 2403 154 te lighten op obligatie het capital wissel gelde ende den intrest

3602 1420 2283 185 & P anum courans gilte hebbe bij hem 12000 capitat

3612 1526 2394 138 besrroken ende hadde mij ue obligatie al reede ter handt gastelt

3619 1664 2444 155 om teghons het vorshr even capituel af te eerten dogh ber midts

3603 1719 2434 216 on tolpenngen a costy sullen woorden gestelt soo hebben aen hem

3624 1815 2489 185 die obligatie gerestutieert ende sal de selve aen ul behandigen als de

3619 1904 2479 192 de boven geschreven ƒ 20„67:12 sult hebben ontfanghen als wanner

3614 2001 2505 174 ick aen ditoasser wackeirs sult geliven te betalen de t walt duytent

3582 2109 2482 165 guldens wissel gelde ende ditt obligatie in trecken ende de selve mij

3592 2167 2472 150 soo te londen deseobligatie is gepasseert in mijn faveur in dato

3613 2297 2391 152 5 julij 1700 achtentwintigh voor den tijdt van twalt manden

3627 2400 2505 166 genompaeert  72 ondertackent st meyer en walhiers onder get em pac

3636 2488 2436 143 met den seghel van dieeren heden menhoudt dese obligatien

3631 2555 2496 196 voor beter als die van de admodiaten is eens diels om den mindere

3623 2669 2514 195 intrest ende ten anderen om den landurighen tijdt ende geen

3638 2750 2484 185 andere hipotcken als de persinen even wel als ul de versochte

3623 2845 2470 188 leven duijsent guldens gearueteert heeft gelive op sijnen tijdt die

3630 2948 2515 195 pennigen te alvineeren ende tgene ul op mijne te ontfanghe

3635 3061 2322 214 penigen te last comt op mij te trecken om in geen do beure

3613 3132 2410 246 te wesen de goede sorge soo van het een als van het andere uyt

3605 3240 2364 221 ter herten recomanderende ende de eere van ul advies vant

3629 3329 2100 214 gene passeert afwacht ende blijve met veele respeet

3488 3343 81 147 8

3500 3426 702 186 Gent Lacomo Ratt

5455 3485 645 180 Ady 26 July 1728

3634 3515 2306 249 sal seer vrindelijcke antwoorde op ul mij seer aengename

3643 3683 2489 192 24 deses hebben dibero van ul te seggen als dat op ontfangh

3654 3753 2461 218 der selve aen de geintresseerde van den inhoudt paert hebben

3648 3869 2377 174 gegeven ende desen mergent een convoeatie gestelt om een

3625 3981 2522 145 parelijck te approteven ende ider voor sigh selfs at te garande

3646 4051 2497 152 voor de massie der uvrantien doghnmmandt heeft gecompardent

3647 4141 2484 206 soo dat ider een int besonden ul daer over sal moeten schrijven

3650 4239 2503 178 tis waer dat aen ul noiyt mentie gemaeckt hebbe van de masse

3642 4355 2410 141 echter hadde niet gedaght dat ul ende dkeer walhiers daer over
