8289 4719
935 247 2421 138 schriepuel soude gemaeckt hebben te meer om dat ider besitter

955 334 2433 142 van sijne lisrantien wel woet dat hij aen sine livrantien

923 424 2499 136 moet laten loasten de masse oft wel soo hij de volle somme

930 494 2460 144 van de livrantien lum intreste ontfanght de selve masse

947 573 2435 205 moet betalen ende goedt doen aen de besitters der selve der

946 673 2478 177 hulten volgens mijn oordeel can ul niet qualijck doen mot

944 778 2456 134 de volle sommen lum intresse te ontfanghen ende aen dhon

952 897 2470 127 walhiers de noodighe quitantie te geven ende daer naer vande

936 1004 2497 145 prinsipaele asten van garant te vragen voor dat sij van une

924 1093 2438 196 pennigen disponeren voor mijn del desen sal deken tot

950 1216 2043 158 garant van de masse van mijn lver livrantien

955 1236 2420 220 hebbe de masse der selve onder mij berust ende soo dat deie in

931 1349 2444 224 mijn selven ten vindende de andere die sulckx niet hebben

927 1457 2475 154 sijn voor obligeert de selve to betalen aen diete besitten daer

928 1575 2489 135 sij geen quistien sullen over maken vermiidts sij wel weten

855 1640 2581 209 t4 verobligeert sijn daer aen te voldoen twijfele niet off 21 sal

939 1710 2489 199 daer over van ngh andere int particuliet voorden geschreven

957 1796 2422 211 het suport van mijne twee lirvantien cune intreste ter

952 1871 2458 222 somme van thoinsigh duysent vijthoudert teven ontestigh

937 1975 2480 204 guldens twalt stuijvers ende  hebbe iust devonden soo

934 2077 2461 174 gelieft de selve somme maer te ontfanghen ende

940 2149 2482 204 als dan aen dh walhiers te betalen twalt duytent guide

952 2253 2410 221 wissel gelde mits in treckende de obligatie van de heeren

926 2393 2483 195 heden soo als met mijnen vovegen 8 deses aen ue gescreven

920 2491 2505 257 de selve ij toe de sende, & wat aengaet het imstlacy un de adioeste

938 2641 2491 195 referrere mij mede aen den selven oft het gebeurde dat den ftvande

913 2736 2518 190 in mora blieft ul te schrijven, & antu satisfactie te geven, entrat

890 2880 2548 157 de garantie van de masse, het waer noet vldelijc dat ick &antwe

893 2993 2515 192 daer om soude moetea waghta naer den ontfangh der peiingeey

904 3096 2527 209 soo can ul provisionelijck not dhe walliers adyiitteren, vout een

917 3223 2498 186 mij aengoet & sal met groot mpatientie vanu. afwaghte

919 3354 2509 168 te vernme dat voldoeninget sult hebben besonn, dit doent

923 3493 2483 160 sult verobligeren die maer minsame groetenisse blijve

888 3591 2090 216 TP. iengesloten eenen brief van dhe vernien

4962 147 151 108 A 1681

5305 194 791 173 Adij Aaug: N72815

3471 237 753 169 Cent Jacomo Baut

3557 280 2516 241 ue seer aengename van 28 pass, wel ontfanghen, daer benevens de

3560 424 2509 150 notitie van de ontfangene penningen van mijne twee sivrantien

3544 510 2479 209 cum interesse waer vooren ue gedebiteert hebbe, gin te gendeel

3551 613 2566 206 geneeitelrt, voor ƒ 12000:- wijsel gelde voor de gesondene froisernde

3521 726 2569 166 ofligatie aen d: Walliers betaelt als mede voor ue remise van

3545 855 2537 189 £923:8:10 wissel gelde ten latte dai ue booder pedro baut

3507 969 2540 149 dienende tot salde, & hebbe vervolgens die tesieninge gesloten

3537 1065 2360 202 dit sijnde het noodige deser & dat blijve met vel resspeet

5356 1172 735 193 Adj 23 be 1723

3463 1211 1090 199 Lille de Lannay de la raiere

3531 1314 2533 211 J'ay receu en son temps l'honneur de la vre du 22 juin passe &

3552 1466 2543 152 la quelle vous aviez tire sur moy quatre cent florins argent de change

3579 1575 2486 195 payable a veu p causse a lordre de mons samtot les quelles ont este

3557 1647 2480 196 paye a la presentation, la present ne servira que pour vous

3578 1799 2477 167 adviser quill at nlaus au senaur d'appetler de le mende un

3576 1886 2519 156 pere le S: de Lanney de smijndrecht le 21 de ce mois a 4huire

3572 2019 740 159 Lapres midy &

3443 2012 2663 320 Gend mons: ee tres cher frere consuller coppene anves ce gebreirez

3601 2231 2476 238 J'ay reccu en sun temp lhanneur de la votre, ou 4. courant,

3603 2338 2516 248 la quelle mon espouze et moj avons esse sensiblement saucke

3625 2468 2494 185 d'apprendre lindisposition de ure chere saeur cependant pour esperons

3639 2561 2487 196 quelle sen remettra bientost, si elle ne l'est des apresent ma lemme

3653 2624 2463 187 al derechif la mesme incomodite quelle at eu lars que vous fates jcy

3633 2711 2479 167 ce qui la mette hers d'essat, de faire la moindre chose, et moy je

3645 2810 2428 215 commince a ressentir mon veeu maz ce que m'empesche aussij de

3636 2914 2448 162 =rabailler aux affaires de seu ere dere d'ailleurs vous saluez que je

3631 3005 2473 148 ne puis, ny voudrez rien remicer sans vos oudres, et pour ce qui regande

3629 3079 2456 199 de faire faire s'&sac il ne se peux sane sans que les livrez soint

3629 3189 2498 179 lransporze du Journal au quand livre pour voir ce que son at davoit

3660 3279 2454 201 et doit a chacun et comme ils sont anniere depuis l'anne 1719

3651 3370 2401 155 il faudra prendre un teneur de livre, a qui en die donner deux

3646 3460 2439 216 eschalins argent de change par heure et il passeua bien du temp

3655 3549 2468 186 avant que cela senat fait, jay demande a ien cersain de conncy

3665 3684 2453 157 fils de celuy, que jen une pere a emploce pour tuansporter le

3659 3740 2473 197 hivre il ma respondue quil avoit trap d'occupation p la comp. des ynder

3653 3860 2485 145 il y en at icy encor d'autres, ct il faudra prendre le plus capable et

3664 3915 2484 195 qui as le temp de le faire ditte may I:V:S: si voes eaule que y employe

3667 4044 2456 113 celuy qui convienduait le meilleur car je ne paudroit rien faire sans

3671 4139 2435 118 vre adveu et ce qui regande de recevoir les relcenues de sen ane pene jcy

3667 4252 2481 98 aux environs, il faudrait bien coenmettre quel quan paur les recevoir

3648 4291 2500 124 a quelle sen madame vre espauze, et la mienne paudrons payser procere

3664 4368 2484 134 a Jean slasselmans le valet qui en est asse informe si vous le trouvez
