<?xml version="1.0" encoding="UTF-8"?>
<alto xmlns:xsi="http://www.w3.org/2001/XMLSchema-instance"
      xmlns="http://www.loc.gov/standards/alto/ns-v4#"
      xmlns:page="http://schema.primaresearch.org/PAGE/gts/pagecontent/2013-07-15"
      xsi:schemaLocation="http://www.loc.gov/standards/alto/ns-v4# https://www.loc.gov/standards/alto/v4/alto.xsd">
   <Description>
      <MeasurementUnit>pixel</MeasurementUnit>
      <OCRProcessing ID="IdOcr">
         <ocrProcessingStep>
            <processingDateTime>2022-02-11T21:40:23.163+01:00</processingDateTime>
            <processingSoftware>
               <softwareCreator>READ COOP</softwareCreator>
               <softwareName>Transkribus</softwareName>
            </processingSoftware>
         </ocrProcessingStep>
      </OCRProcessing>
   </Description>
   <Layout>
      <Page ID="Page1" PHYSICAL_IMG_NR="1" HEIGHT="4733" WIDTH="8104">
         <TopMargin HEIGHT="0" WIDTH="8104" VPOS="0" HPOS="0"/>
         <LeftMargin HEIGHT="4733" WIDTH="0" VPOS="0" HPOS="0"/>
         <RightMargin HEIGHT="4733" WIDTH="0" VPOS="0" HPOS="8104"/>
         <BottomMargin HEIGHT="0" WIDTH="8104" VPOS="4733" HPOS="0"/>
         <PrintSpace HEIGHT="4733" WIDTH="8104" VPOS="0" HPOS="0">
            <TextBlock ID="region_1644472788218_597"
                       HEIGHT="4343"
                       WIDTH="2777"
                       VPOS="134"
                       HPOS="508">
               <Shape>
                  <Polygon POINTS="508,134 3285,134 3285,4477 508,4477"/>
               </Shape>
               <TextLine ID="region_1644472788218_597l1"
                         BASELINE="648,342 693,338 739,334 785,331 830,328 876,324 922,322 967,320 1013,318 1059,314 1105,313 1150,312 1196,310 1242,310 1287,308 1333,308 1379,308 1424,308 1470,310 1516,310 1562,312"
                         HEIGHT="209"
                         WIDTH="951"
                         VPOS="191"
                         HPOS="627">
                  <String ID="string_region_1644472788218_597l1"
                          HEIGHT="209"
                          WIDTH="951"
                          VPOS="191"
                          HPOS="627"
                          CONTENT="BBergen CrA Laigle "/>
               </TextLine>
               <TextLine ID="region_1644472788218_597l2"
                         BASELINE="2456,322 2492,322 2528,322 2564,320 2600,320 2636,318 2672,317 2708,316 2744,314 2780,314 2816,312 2852,312 2888,312 2924,312 2960,312 2996,314 3032,317 3068,320 3104,324 3140,328 3176,332"
                         HEIGHT="187"
                         WIDTH="752"
                         VPOS="184"
                         HPOS="2441">
                  <String ID="string_region_1644472788218_597l2"
                          HEIGHT="187"
                          WIDTH="752"
                          VPOS="184"
                          HPOS="2441"
                          CONTENT="Adj 22 aug 1714"/>
               </TextLine>
               <TextLine ID="region_1644472788218_597l3"
                         BASELINE="794,458 914,450 1034,445 1154,440 1274,435 1394,432 1514,429 1634,426 1754,425 1874,424 1994,422 2114,422 2234,420 2354,419 2474,418 2594,416 2714,414 2834,411 2954,408 3074,404 3194,398"
                         HEIGHT="212"
                         WIDTH="2434"
                         VPOS="302"
                         HPOS="777">
                  <String ID="string_region_1644472788218_597l3"
                          HEIGHT="212"
                          WIDTH="2434"
                          VPOS="302"
                          HPOS="777"
                          CONTENT="Ldy bien Receu la vre du 16me passie, p la quelle vre grace me"/>
               </TextLine>
               <TextLine ID="region_1644472788218_597l4"
                         BASELINE="780,554 903,550 1027,546 1151,541 1275,538 1399,534 1523,532 1647,529 1771,526 1895,524 2019,520 2142,518 2266,514 2390,511 2514,507 2638,504 2762,499 2886,494 3010,488 3134,483 3258,476"
                         HEIGHT="221"
                         WIDTH="2511"
                         VPOS="335"
                         HPOS="764">
                  <String ID="string_region_1644472788218_597l4"
                          HEIGHT="221"
                          WIDTH="2511"
                          VPOS="335"
                          HPOS="764"
                          CONTENT="promettoit de m'envoyers une bonne somme, pour le commencement"/>
               </TextLine>
               <TextLine ID="region_1644472788218_597l5"
                         BASELINE="756,648 880,644 1005,640 1129,636 1254,631 1378,628 1503,624 1627,620 1752,618 1876,614 2001,611 2125,607 2250,604 2374,600 2499,596 2623,592 2748,587 2872,582 2997,577 3121,572 3246,564"
                         HEIGHT="144"
                         WIDTH="2526"
                         VPOS="500"
                         HPOS="738">
                  <String ID="string_region_1644472788218_597l5"
                          HEIGHT="144"
                          WIDTH="2526"
                          VPOS="500"
                          HPOS="738"
                          CONTENT="du mois courant, &amp;cela sur vre parilles voila le mois presque posse"/>
               </TextLine>
               <TextLine ID="region_1644472788218_597l6"
                         BASELINE="772,756 894,749 1016,742 1138,736 1261,730 1383,724 1505,719 1628,714 1750,708 1872,704 1995,700 2117,696 2239,692 2361,688 2484,684 2606,680 2728,677 2851,674 2973,670 3095,667 3218,664"
                         HEIGHT="199"
                         WIDTH="2480"
                         VPOS="611"
                         HPOS="754">
                  <String ID="string_region_1644472788218_597l6"
                          HEIGHT="199"
                          WIDTH="2480"
                          VPOS="611"
                          HPOS="754"
                          CONTENT="cassez longtemp credit pour estre satisfait, ie viend done p"/>
               </TextLine>
               <TextLine ID="region_1644472788218_597l7"
                         BASELINE="792,858 914,854 1037,850 1160,845 1283,840 1406,836 1529,832 1652,826 1775,821 1898,816 2021,811 2143,806 2266,802 2389,796 2512,792 2635,787 2758,782 2881,778 3004,774 3127,770 3250,766"
                         HEIGHT="221"
                         WIDTH="2492"
                         VPOS="687"
                         HPOS="775">
                  <String ID="string_region_1644472788218_597l7"
                          HEIGHT="221"
                          WIDTH="2492"
                          VPOS="687"
                          HPOS="775"
                          CONTENT="cette vous prier, de ne plus deslayer, &amp; je lattendrez avec impatieres"/>
               </TextLine>
               <TextLine ID="region_1644472788218_597l8"
                         BASELINE="762,970 789,968 816,967 843,964 870,962 898,961 925,959 952,958 979,956 1006,956 1034,953 1061,952 1088,951 1115,950 1142,948 1170,948 1197,946 1224,945 1251,944 1278,942 1306,942"
                         HEIGHT="173"
                         WIDTH="578"
                         VPOS="846"
                         HPOS="744">
                  <String ID="string_region_1644472788218_597l8"
                          HEIGHT="173"
                          WIDTH="578"
                          VPOS="846"
                          HPOS="744"
                          CONTENT="suis de coeur"/>
               </TextLine>
               <TextLine ID="region_1644472788218_597l9"
                         BASELINE="2450,1062 2481,1059 2512,1058 2543,1056 2574,1054 2605,1052 2636,1050 2667,1049 2698,1048 2729,1048 2760,1046 2791,1046 2822,1046 2853,1044 2884,1044 2915,1042 2946,1042 2977,1040 3008,1038 3039,1036 3070,1034"
                         HEIGHT="210"
                         WIDTH="661"
                         VPOS="894"
                         HPOS="2427">
                  <String ID="string_region_1644472788218_597l9"
                          HEIGHT="210"
                          WIDTH="661"
                          VPOS="894"
                          HPOS="2427"
                          CONTENT="Adij d: 1719"/>
               </TextLine>
               <TextLine ID="region_1644472788218_597l10"
                         BASELINE="610,1092 682,1085 754,1078 827,1074 899,1069 972,1066 1044,1062 1116,1060 1189,1058 1261,1054 1334,1052 1406,1050 1478,1048 1551,1046 1623,1044 1696,1042 1768,1038 1840,1035 1913,1031 1985,1027 2058,1020"
                         HEIGHT="219"
                         WIDTH="1481"
                         VPOS="917"
                         HPOS="594">
                  <String ID="string_region_1644472788218_597l10"
                          HEIGHT="219"
                          WIDTH="1481"
                          VPOS="917"
                          HPOS="594"
                          CONTENT="ortrede s: d'huys vrouere p. Grantgrijsser"/>
               </TextLine>
               <TextLine ID="region_1644472788218_597l11"
                         BASELINE="822,1180 936,1176 1050,1170 1165,1166 1279,1162 1394,1157 1508,1154 1622,1150 1737,1146 1851,1144 1966,1142 2080,1140 2194,1138 2309,1138 2423,1138 2538,1140 2652,1142 2766,1144 2881,1148 2995,1152 3110,1158"
                         HEIGHT="157"
                         WIDTH="2323"
                         VPOS="1041"
                         HPOS="804">
                  <String ID="string_region_1644472788218_597l11"
                          HEIGHT="157"
                          WIDTH="2323"
                          VPOS="1041"
                          HPOS="804"
                          CONTENT="die d&amp; juny laest leden, wat aen ul mijnen laesten waer bij "/>
               </TextLine>
               <TextLine ID="region_1644472788218_597l12"
                         BASELINE="786,1294 903,1286 1020,1280 1137,1274 1254,1268 1371,1262 1488,1256 1605,1250 1722,1246 1839,1241 1956,1238 2073,1234 2190,1230 2307,1228 2424,1226 2541,1224 2658,1222 2775,1222 2892,1222 3009,1222 3126,1224"
                         HEIGHT="174"
                         WIDTH="2375"
                         VPOS="1137"
                         HPOS="768">
                  <String ID="string_region_1644472788218_597l12"
                          HEIGHT="174"
                          WIDTH="2375"
                          VPOS="1137"
                          HPOS="768"
                          CONTENT="bargo gescreven hebbe, om ue tot betaelinge aen te sienden"/>
               </TextLine>
               <TextLine ID="region_1644472788218_597l13"
                         BASELINE="794,1392 913,1384 1033,1377 1153,1370 1273,1364 1393,1358 1513,1353 1633,1348 1753,1344 1873,1339 1993,1334 2112,1330 2232,1326 2352,1322 2472,1318 2592,1312 2712,1308 2832,1303 2952,1298 3072,1290 3192,1284"
                         HEIGHT="220"
                         WIDTH="2434"
                         VPOS="1218"
                         HPOS="775">
                  <String ID="string_region_1644472788218_597l13"
                          HEIGHT="220"
                          WIDTH="2434"
                          VPOS="1218"
                          HPOS="775"
                          CONTENT="oock utto nottitie vant gene ul mij noch sculdig tijdt aen"/>
               </TextLine>
               <TextLine ID="region_1644472788218_597l14"
                         BASELINE="790,1490 911,1482 1033,1475 1155,1469 1277,1462 1399,1456 1520,1448 1642,1442 1764,1436 1886,1431 2008,1426 2129,1421 2251,1416 2373,1412 2495,1408 2617,1403 2738,1400 2860,1397 2982,1394 3104,1392 3226,1390"
                         HEIGHT="257"
                         WIDTH="2472"
                         VPOS="1298"
                         HPOS="772">
                  <String ID="string_region_1644472788218_597l14"
                          HEIGHT="257"
                          WIDTH="2472"
                          VPOS="1298"
                          HPOS="772"
                          CONTENT="gewesen hoe ue: met sijn voorrige brieven gelofe dede, dat nu"/>
               </TextLine>
               <TextLine ID="region_1644472788218_597l15"
                         BASELINE="798,1598 918,1593 1039,1586 1159,1580 1280,1574 1401,1566 1521,1560 1642,1552 1762,1544 1883,1537 2004,1530 2124,1524 2245,1518 2365,1510 2486,1505 2607,1500 2727,1494 2848,1489 2968,1484 3089,1482 3210,1478"
                         HEIGHT="232"
                         WIDTH="2450"
                         VPOS="1390"
                         HPOS="779">
                  <String ID="string_region_1644472788218_597l15"
                          HEIGHT="232"
                          WIDTH="2450"
                          VPOS="1390"
                          HPOS="779"
                          CONTENT="al over lanck soude voldaen wesen, sedert mijnen voorgemelden"/>
               </TextLine>
               <TextLine ID="region_1644472788218_597l16"
                         BASELINE="804,1692 922,1684 1040,1676 1158,1670 1277,1664 1395,1658 1513,1652 1632,1648 1750,1643 1868,1638 1987,1633 2105,1628 2223,1623 2341,1617 2460,1612 2578,1606 2696,1599 2815,1592 2933,1583 3051,1576 3170,1566"
                         HEIGHT="238"
                         WIDTH="2400"
                         VPOS="1488"
                         HPOS="786">
                  <String ID="string_region_1644472788218_597l16"
                          HEIGHT="238"
                          WIDTH="2400"
                          VPOS="1488"
                          HPOS="786"
                          CONTENT="noch brief noch gelte, oft remises dan uk ontfangen tis nu"/>
               </TextLine>
               <TextLine ID="region_1644472788218_597l17"
                         BASELINE="812,1792 928,1784 1045,1777 1161,1770 1278,1763 1395,1758 1511,1754 1628,1749 1744,1745 1861,1741 1978,1736 2094,1732 2211,1728 2327,1724 2444,1718 2561,1712 2677,1706 2794,1699 2910,1690 3027,1681 3144,1670"
                         HEIGHT="209"
                         WIDTH="2362"
                         VPOS="1607"
                         HPOS="795">
                  <String ID="string_region_1644472788218_597l17"
                          HEIGHT="209"
                          WIDTH="2362"
                          VPOS="1607"
                          HPOS="795"
                          CONTENT="ontrent twee jaeren, dat de partije u gelevert is dat mij "/>
               </TextLine>
               <TextLine ID="region_1644472788218_597l18"
                         BASELINE="816,1886 932,1878 1049,1872 1165,1866 1282,1860 1398,1855 1515,1850 1631,1845 1748,1840 1864,1836 1981,1832 2097,1826 2214,1822 2330,1817 2447,1812 2563,1807 2680,1801 2796,1795 2913,1788 3029,1782 3146,1774"
                         HEIGHT="243"
                         WIDTH="2363"
                         VPOS="1674"
                         HPOS="795">
                  <String ID="string_region_1644472788218_597l18"
                          HEIGHT="243"
                          WIDTH="2363"
                          VPOS="1674"
                          HPOS="795"
                          CONTENT="ten uyterstere gevollyn is. te meer om dat sedert die tijdt "/>
               </TextLine>
               <TextLine ID="region_1644472788218_597l19"
                         BASELINE="816,1990 935,1982 1055,1974 1175,1967 1294,1960 1414,1955 1534,1949 1653,1944 1773,1938 1893,1932 2013,1926 2132,1921 2252,1916 2372,1910 2491,1905 2611,1900 2731,1893 2850,1887 2970,1879 3090,1872 3210,1864"
                         HEIGHT="242"
                         WIDTH="2427"
                         VPOS="1791"
                         HPOS="796">
                  <String ID="string_region_1644472788218_597l19"
                          HEIGHT="242"
                          WIDTH="2427"
                          VPOS="1791"
                          HPOS="796"
                          CONTENT="oft wel op de partije wijnig, oft niets onthanghen het te"/>
               </TextLine>
               <TextLine ID="region_1644472788218_597l20"
                         BASELINE="802,2094 923,2088 1045,2083 1166,2078 1288,2072 1410,2065 1531,2059 1653,2054 1774,2048 1896,2042 2018,2035 2139,2029 2261,2022 2382,2015 2504,2009 2626,2001 2747,1995 2869,1988 2990,1980 3112,1972 3234,1964"
                         HEIGHT="212"
                         WIDTH="2467"
                         VPOS="1914"
                         HPOS="782">
                  <String ID="string_region_1644472788218_597l20"
                          HEIGHT="212"
                          WIDTH="2467"
                          VPOS="1914"
                          HPOS="782"
                          CONTENT="de nette somme du my vandie partye is somende bedraege"/>
               </TextLine>
               <TextLine ID="region_1644472788218_597l21"
                         BASELINE="794,2192 911,2189 1028,2186 1145,2182 1262,2178 1379,2174 1496,2170 1613,2164 1730,2159 1847,2154 1964,2148 2081,2141 2198,2136 2315,2129 2432,2122 2549,2115 2666,2108 2783,2101 2900,2094 3017,2087 3134,2078"
                         HEIGHT="267"
                         WIDTH="2374"
                         VPOS="1975"
                         HPOS="776">
                  <String ID="string_region_1644472788218_597l21"
                          HEIGHT="267"
                          WIDTH="2374"
                          VPOS="1975"
                          HPOS="776"
                          CONTENT="in wissel gelde £291:16:5 en ick some ud iet desen"/>
               </TextLine>
               <TextLine ID="region_1644472788218_597l22"
                         BASELINE="798,2288 911,2286 1025,2284 1139,2282 1253,2279 1367,2276 1480,2272 1594,2268 1708,2263 1822,2258 1936,2252 2049,2248 2163,2242 2277,2236 2391,2229 2505,2221 2618,2214 2732,2207 2846,2199 2960,2190 3074,2182"
                         HEIGHT="211"
                         WIDTH="2310"
                         VPOS="2108"
                         HPOS="780">
                  <String ID="string_region_1644472788218_597l22"
                          HEIGHT="211"
                          WIDTH="2310"
                          VPOS="2108"
                          HPOS="780"
                          CONTENT="noch mael vrindelijk vermaner tot doedoeninge &amp; soo "/>
               </TextLine>
               <TextLine ID="region_1644472788218_597l23"
                         BASELINE="814,2382 931,2380 1048,2380 1166,2378 1283,2375 1401,2372 1518,2368 1635,2363 1753,2359 1870,2352 1988,2348 2105,2341 2222,2334 2340,2328 2457,2320 2575,2313 2692,2307 2809,2300 2927,2293 3044,2286 3162,2280"
                         HEIGHT="233"
                         WIDTH="2385"
                         VPOS="2190"
                         HPOS="795">
                  <String ID="string_region_1644472788218_597l23"
                          HEIGHT="233"
                          WIDTH="2385"
                          VPOS="2190"
                          HPOS="795"
                          CONTENT="bevinde ue niet genegen seyndt, sal verdbligent wesen"/>
               </TextLine>
               <TextLine ID="region_1644472788218_597l24"
                         BASELINE="794,2482 911,2480 1028,2478 1145,2476 1262,2473 1379,2468 1496,2464 1613,2460 1730,2455 1847,2450 1964,2444 2081,2438 2198,2432 2315,2427 2432,2422 2549,2415 2666,2410 2783,2404 2900,2398 3017,2394 3134,2388"
                         HEIGHT="241"
                         WIDTH="2379"
                         VPOS="2292"
                         HPOS="774">
                  <String ID="string_region_1644472788218_597l24"
                          HEIGHT="241"
                          WIDTH="2379"
                          VPOS="2292"
                          HPOS="774"
                          CONTENT="mij a costij te transporteren, om betaelinge te becomen"/>
               </TextLine>
               <TextLine ID="region_1644472788218_597l25"
                         BASELINE="798,2600 914,2594 1030,2589 1146,2584 1262,2580 1379,2576 1495,2571 1611,2566 1727,2561 1843,2557 1960,2552 2076,2547 2192,2542 2308,2538 2424,2531 2541,2525 2657,2518 2773,2511 2889,2503 3005,2496 3122,2486"
                         HEIGHT="283"
                         WIDTH="2359"
                         VPOS="2393"
                         HPOS="780">
                  <String ID="string_region_1644472788218_597l25"
                          HEIGHT="283"
                          WIDTH="2359"
                          VPOS="2393"
                          HPOS="780"
                          CONTENT="op d'een, oft d'andere maniere  can deator dit"/>
               </TextLine>
               <TextLine ID="region_1644472788218_597l26"
                         BASELINE="782,2710 903,2700 1024,2690 1146,2681 1267,2674 1389,2668 1510,2664 1631,2660 1753,2657 1874,2654 1996,2652 2117,2650 2238,2648 2360,2644 2481,2642 2603,2638 2724,2634 2845,2628 2967,2622 3088,2614 3210,2606"
                         HEIGHT="227"
                         WIDTH="2465"
                         VPOS="2511"
                         HPOS="763">
                  <String ID="string_region_1644472788218_597l26"
                          HEIGHT="227"
                          WIDTH="2465"
                          VPOS="2511"
                          HPOS="763"
                          CONTENT="voorsomen deshalve sal met groot verlangen remises"/>
               </TextLine>
               <TextLine ID="region_1644472788218_597l27"
                         BASELINE="762,2832 829,2823 896,2813 963,2807 1030,2800 1097,2793 1164,2789 1231,2783 1298,2779 1365,2775 1433,2772 1500,2768 1567,2766 1634,2764 1701,2761 1768,2760 1835,2758 1902,2756 1969,2755 2036,2754 2104,2752"
                         HEIGHT="207"
                         WIDTH="1379"
                         VPOS="2660"
                         HPOS="743">
                  <String ID="string_region_1644472788218_597l27"
                          HEIGHT="207"
                          WIDTH="1379"
                          VPOS="2660"
                          HPOS="743"
                          CONTENT="dever waghten, daer mede blijve"/>
               </TextLine>
               <TextLine ID="region_1644472788218_597l28"
                         BASELINE="2342,2862 2381,2869 2421,2876 2460,2880 2500,2884 2540,2886 2579,2887 2619,2888 2658,2886 2698,2886 2738,2884 2777,2882 2817,2879 2856,2878 2896,2875 2936,2873 2975,2872 3015,2870 3054,2868 3094,2868 3134,2870"
                         HEIGHT="220"
                         WIDTH="824"
                         VPOS="2714"
                         HPOS="2325">
                  <String ID="string_region_1644472788218_597l28"
                          HEIGHT="220"
                          WIDTH="824"
                          VPOS="2714"
                          HPOS="2325"
                          CONTENT="Adi 2 6ay 1717"/>
               </TextLine>
               <TextLine ID="region_1644472788218_597l29"
                         BASELINE="608,2948 661,2943 714,2937 767,2931 820,2927 873,2922 926,2920 979,2916 1032,2912 1085,2908 1139,2905 1192,2901 1245,2898 1298,2896 1351,2891 1404,2888 1457,2884 1510,2882 1563,2877 1616,2873 1670,2868"
                         HEIGHT="247"
                         WIDTH="1100"
                         VPOS="2764"
                         HPOS="588">
                  <String ID="string_region_1644472788218_597l29"
                          HEIGHT="247"
                          WIDTH="1100"
                          VPOS="2764"
                          HPOS="588"
                          CONTENT="London Therman Son"/>
               </TextLine>
               <TextLine ID="region_1644472788218_597l30"
                         BASELINE="816,3030 937,3025 1059,3020 1181,3015 1302,3010 1424,3004 1546,3000 1667,2994 1789,2990 1911,2984 2033,2980 2154,2976 2276,2971 2398,2967 2519,2964 2641,2960 2763,2958 2884,2954 3006,2952 3128,2950 3250,2950"
                         HEIGHT="176"
                         WIDTH="2465"
                         VPOS="2856"
                         HPOS="800">
                  <String ID="string_region_1644472788218_597l30"
                          HEIGHT="176"
                          WIDTH="2465"
                          VPOS="2856"
                          HPOS="800"
                          CONTENT="w mij seet aeng. van 4 deser P.5. wel ontfanghen tot ausevoort "/>
               </TextLine>
               <TextLine ID="region_1644472788218_597l31"
                         BASELINE="804,3136 923,3130 1043,3125 1163,3120 1283,3114 1403,3108 1523,3103 1643,3096 1763,3090 1883,3084 2003,3078 2122,3073 2242,3067 2362,3062 2482,3057 2602,3052 2722,3048 2842,3044 2962,3041 3082,3038 3202,3036"
                         HEIGHT="223"
                         WIDTH="2435"
                         VPOS="2962"
                         HPOS="783">
                  <String ID="string_region_1644472788218_597l31"
                          HEIGHT="223"
                          WIDTH="2435"
                          VPOS="2962"
                          HPOS="783"
                          CONTENT="de geordonneerde tijken lijne stepees, hebbe besoght soo veel"/>
               </TextLine>
               <TextLine ID="region_1644472788218_597l32"
                         BASELINE="800,3244 916,3237 1033,3230 1150,3224 1267,3216 1384,3210 1501,3204 1618,3196 1735,3192 1852,3184 1969,3179 2085,3172 2202,3166 2319,3160 2436,3155 2553,3149 2670,3143 2787,3138 2904,3132 3021,3127 3138,3122"
                         HEIGHT="237"
                         WIDTH="2372"
                         VPOS="3052"
                         HPOS="782">
                  <String ID="string_region_1644472788218_597l32"
                          HEIGHT="237"
                          WIDTH="2372"
                          VPOS="3052"
                          HPOS="782"
                          CONTENT="mogelijk wal &amp; niet meer dan 39 gis connen becomen, die"/>
               </TextLine>
               <TextLine ID="region_1644472788218_597l33"
                         BASELINE="786,3346 907,3341 1028,3336 1149,3330 1270,3324 1391,3317 1512,3309 1633,3302 1754,3293 1875,3286 1996,3276 2117,3268 2238,3260 2359,3253 2480,3246 2601,3240 2722,3233 2843,3228 2964,3223 3085,3220 3206,3216"
                         HEIGHT="274"
                         WIDTH="2458"
                         VPOS="3138"
                         HPOS="767">
                  <String ID="string_region_1644472788218_597l33"
                          HEIGHT="274"
                          WIDTH="2458"
                          VPOS="3138"
                          HPOS="767"
                          CONTENT="te samen opgepackt hebbe &amp; op 14 deser naer Brugge versonden"/>
               </TextLine>
               <TextLine ID="region_1644472788218_597l34"
                         BASELINE="816,3448 927,3441 1038,3436 1149,3428 1260,3423 1371,3416 1482,3410 1593,3404 1704,3398 1815,3392 1926,3384 2037,3379 2148,3372 2259,3365 2370,3360 2481,3353 2592,3346 2703,3340 2814,3333 2925,3327 3036,3320"
                         HEIGHT="216"
                         WIDTH="2255"
                         VPOS="3252"
                         HPOS="794">
                  <String ID="string_region_1644472788218_597l34"
                          HEIGHT="216"
                          WIDTH="2255"
                          VPOS="3252"
                          HPOS="794"
                          CONTENT="die aldaer geladen sijn nt schip Jan Lucas stroobane"/>
               </TextLine>
               <TextLine ID="region_1644472788218_597l35"
                         BASELINE="812,3542 924,3534 1036,3526 1148,3519 1261,3513 1373,3506 1485,3499 1598,3492 1710,3486 1822,3480 1935,3474 2047,3468 2159,3461 2271,3456 2384,3449 2496,3443 2608,3438 2721,3431 2833,3426 2945,3418 3058,3412"
                         HEIGHT="237"
                         WIDTH="2282"
                         VPOS="3348"
                         HPOS="792">
                  <String ID="string_region_1644472788218_597l35"
                          HEIGHT="237"
                          WIDTH="2282"
                          VPOS="3348"
                          HPOS="792"
                          CONTENT="raco van hier ingesloten het cogue ssement  de facture"/>
               </TextLine>
               <TextLine ID="region_1644472788218_597l36"
                         BASELINE="806,3640 928,3632 1050,3624 1172,3617 1294,3609 1417,3602 1539,3596 1661,3589 1783,3583 1905,3576 2028,3570 2150,3563 2272,3557 2394,3550 2516,3544 2639,3538 2761,3532 2883,3526 3005,3521 3127,3514 3250,3508"
                         HEIGHT="210"
                         WIDTH="2481"
                         VPOS="3437"
                         HPOS="786">
                  <String ID="string_region_1644472788218_597l36"
                          HEIGHT="210"
                          WIDTH="2481"
                          VPOS="3437"
                          HPOS="786"
                          CONTENT="bedragende an wissel gelde ƒ475:18 d ditto schipper geloove"/>
               </TextLine>
               <TextLine ID="region_1644472788218_597l37"
                         BASELINE="812,3734 933,3727 1055,3720 1177,3713 1298,3707 1420,3701 1542,3694 1663,3687 1785,3681 1907,3674 2029,3668 2150,3662 2272,3656 2394,3650 2515,3646 2637,3641 2759,3636 2880,3632 3002,3628 3124,3624 3246,3622"
                         HEIGHT="221"
                         WIDTH="2472"
                         VPOS="3527"
                         HPOS="793">
                  <String ID="string_region_1644472788218_597l37"
                          HEIGHT="221"
                          WIDTH="2472"
                          VPOS="3527"
                          HPOS="793"
                          CONTENT="voor nu abortij sal sijn pwant machte staet den 18 dese"/>
               </TextLine>
               <TextLine ID="region_1644472788218_597l38"
                         BASELINE="798,3846 920,3839 1042,3832 1164,3826 1286,3820 1409,3812 1531,3807 1653,3800 1775,3794 1897,3788 2020,3782 2142,3776 2264,3770 2386,3764 2508,3760 2631,3753 2753,3748 2875,3742 2997,3736 3119,3732 3242,3726"
                         HEIGHT="217"
                         WIDTH="2476"
                         VPOS="3644"
                         HPOS="781">
                  <String ID="string_region_1644472788218_597l38"
                          HEIGHT="217"
                          WIDTH="2476"
                          VPOS="3644"
                          HPOS="781"
                          CONTENT="te vertrecken, het is mij laedt dat ue hij het bij tijde ontvan"/>
               </TextLine>
               <TextLine ID="region_1644472788218_597l39"
                         BASELINE="814,3938 935,3934 1056,3928 1177,3924 1298,3918 1419,3913 1540,3908 1661,3903 1782,3897 1903,3892 2024,3887 2145,3882 2266,3878 2387,3873 2508,3870 2629,3866 2750,3862 2871,3860 2992,3857 3113,3855 3234,3854"
                         HEIGHT="227"
                         WIDTH="2451"
                         VPOS="3736"
                         HPOS="795">
                  <String ID="string_region_1644472788218_597l39"
                          HEIGHT="227"
                          WIDTH="2451"
                          VPOS="3736"
                          HPOS="795"
                          CONTENT="hebbe om eenige tijken van de andere ordinaire soorten"/>
               </TextLine>
               <TextLine ID="region_1644472788218_597l40"
                         BASELINE="794,4054 912,4046 1030,4039 1148,4033 1266,4026 1384,4020 1502,4013 1620,4008 1738,4002 1856,3996 1974,3992 2092,3986 2210,3982 2328,3976 2446,3972 2564,3967 2682,3962 2800,3958 2918,3954 3036,3950 3154,3946"
                         HEIGHT="221"
                         WIDTH="2396"
                         VPOS="3873"
                         HPOS="776">
                  <String ID="string_region_1644472788218_597l40"
                          HEIGHT="221"
                          WIDTH="2396"
                          VPOS="3873"
                          HPOS="776"
                          CONTENT="atrepen daer by te connen doen, ick sal al eene ball"/>
               </TextLine>
               <TextLine ID="region_1644472788218_597l41"
                         BASELINE="802,4154 923,4152 1044,4148 1166,4145 1287,4140 1409,4135 1530,4129 1651,4122 1773,4116 1894,4109 2016,4102 2137,4096 2258,4090 2380,4083 2501,4078 2623,4072 2744,4068 2865,4064 2987,4061 3108,4058 3230,4058"
                         HEIGHT="226"
                         WIDTH="2466"
                         VPOS="3968"
                         HPOS="783">
                  <String ID="string_region_1644472788218_597l41"
                          HEIGHT="226"
                          WIDTH="2466"
                          VPOS="3968"
                          HPOS="783"
                          CONTENT="finden van soorten trepen e prijsen gelijk eenen "/>
               </TextLine>
               <TextLine ID="region_1644472788218_597l42"
                         BASELINE="816,4268 924,4260 1033,4253 1142,4246 1251,4240 1360,4234 1469,4230 1578,4224 1687,4221 1796,4218 1905,4214 2013,4210 2122,4206 2231,4204 2340,4200 2449,4195 2558,4190 2667,4184 2776,4179 2885,4172 2994,4164"
                         HEIGHT="242"
                         WIDTH="2215"
                         VPOS="4067"
                         HPOS="797">
                  <String ID="string_region_1644472788218_597l42"
                          HEIGHT="242"
                          WIDTH="2215"
                          VPOS="4067"
                          HPOS="797"
                          CONTENT="&amp; ande princi paelste die a costiy sterck wetjken "/>
               </TextLine>
               <TextLine ID="region_1644472788218_597l43"
                         BASELINE="822,4378 938,4369 1055,4360 1172,4353 1289,4347 1406,4340 1522,4335 1639,4330 1756,4324 1873,4320 1990,4316 2106,4312 2223,4308 2340,4302 2457,4299 2574,4294 2690,4290 2807,4285 2924,4280 3041,4275 3158,4268"
                         HEIGHT="266"
                         WIDTH="2368"
                         VPOS="4177"
                         HPOS="805">
                  <String ID="string_region_1644472788218_597l43"
                          HEIGHT="266"
                          WIDTH="2368"
                          VPOS="4177"
                          HPOS="805"
                          CONTENT="negotieert d'ordinair raegh, bestaende sijne baelen"/>
               </TextLine>
               <TextLine ID="region_1644472788218_597l44"
                         BASELINE="812,4474 934,4466 1056,4460 1178,4454 1300,4447 1422,4442 1544,4436 1666,4430 1788,4425 1910,4419 2033,4414 2155,4410 2277,4404 2399,4400 2521,4396 2643,4392 2765,4388 2887,4384 3009,4380 3131,4376 3254,4372"
                         HEIGHT="171"
                         WIDTH="2474"
                         VPOS="4296"
                         HPOS="795">
                  <String ID="string_region_1644472788218_597l44"
                          HEIGHT="171"
                          WIDTH="2474"
                          VPOS="4296"
                          HPOS="795"
                          CONTENT="altijt  l0 ps t wijfele niet, oft dat sal ue aengwesen"/>
               </TextLine>
            </TextBlock>
            <TextBlock ID="region_1644472792068_600"
                       HEIGHT="4406"
                       WIDTH="2721"
                       VPOS="92"
                       HPOS="3299">
               <Shape>
                  <Polygon POINTS="3299,92 6020,92 6020,4498 3299,4498"/>
               </Shape>
               <TextLine ID="region_1644472792068_600l1"
                         BASELINE="3500,280 3625,268 3751,259 3877,250 4003,245 4129,240 4254,236 4380,233 4506,232 4632,230 4758,230 4883,230 5009,230 5135,230 5261,230 5387,230 5512,230 5638,228 5764,226 5890,224 6016,220"
                         HEIGHT="213"
                         WIDTH="2550"
                         VPOS="124"
                         HPOS="3483">
                  <String ID="string_region_1644472792068_600l1"
                          HEIGHT="213"
                          WIDTH="2550"
                          VPOS="124"
                          HPOS="3483"
                          CONTENT="en det  het wort de dee deornis nae vertaet mee"/>
               </TextLine>
               <TextLine ID="region_1644472792068_600l2"
                         BASELINE="3512,376 3634,363 3756,352 3878,344 4000,336 4122,330 4244,324 4366,320 4488,318 4610,316 4733,314 4855,312 4977,312 5099,312 5221,310 5343,310 5465,310 5587,308 5709,306 5831,304 5954,300"
                         HEIGHT="195"
                         WIDTH="2474"
                         VPOS="231"
                         HPOS="3495">
                  <String ID="string_region_1644472792068_600l2"
                          HEIGHT="195"
                          WIDTH="2474"
                          VPOS="231"
                          HPOS="3495"
                          CONTENT="geeft die linnes dien naem, om dat die aldaer gemaeckt worden"/>
               </TextLine>
               <TextLine ID="region_1644472792068_600l3"
                         BASELINE="3506,478 3624,463 3742,449 3860,438 3978,428 4096,420 4214,414 4332,409 4450,405 4568,402 4686,400 4804,398 4922,396 5040,395 5158,394 5276,392 5394,390 5512,387 5630,384 5748,380 5866,374"
                         HEIGHT="188"
                         WIDTH="2388"
                         VPOS="306"
                         HPOS="3490">
                  <String ID="string_region_1644472792068_600l3"
                          HEIGHT="188"
                          WIDTH="2388"
                          VPOS="306"
                          HPOS="3490"
                          CONTENT="&amp; in geene quaertieren soo goet sonnen naercomen, sijnde die "/>
               </TextLine>
               <TextLine ID="region_1644472792068_600l4"
                         BASELINE="3510,574 3634,558 3759,545 3884,533 4009,522 4134,514 4258,508 4383,503 4508,500 4633,496 4758,494 4882,492 5007,490 5132,490 5257,488 5382,484 5506,482 5631,478 5756,473 5881,467 6006,460"
                         HEIGHT="275"
                         WIDTH="2531"
                         VPOS="354"
                         HPOS="3493">
                  <String ID="string_region_1644472792068_600l4"
                          HEIGHT="275"
                          WIDTH="2531"
                          VPOS="354"
                          HPOS="3493"
                          CONTENT="plaets daer vooren in groot cotime  reputatie sal ue 10 pt sende"/>
               </TextLine>
               <TextLine ID="region_1644472792068_600l5"
                         BASELINE="3482,684 3603,668 3724,654 3845,642 3967,629 4088,621 4209,612 4331,606 4452,600 4573,596 4695,592 4816,590 4937,586 5058,585 5180,582 5301,581 5422,579 5544,578 5665,574 5786,572 5908,568"
                         HEIGHT="243"
                         WIDTH="2460"
                         VPOS="469"
                         HPOS="3464">
                  <String ID="string_region_1644472792068_600l5"
                          HEIGHT="243"
                          WIDTH="2460"
                          VPOS="469"
                          HPOS="3464"
                          CONTENT="van differente prijsernen die seer vet sullen sijn, sijn &amp; goet"/>
               </TextLine>
               <TextLine ID="region_1644472792068_600l6"
                         BASELINE="3510,770 3631,758 3753,748 3874,740 3996,731 4117,723 4239,716 4360,709 4482,702 4603,697 4725,692 4846,688 4968,683 5089,680 5211,676 5332,672 5454,670 5575,666 5697,664 5818,662 5940,660"
                         HEIGHT="195"
                         WIDTH="2464"
                         VPOS="577"
                         HPOS="3492">
                  <String ID="string_region_1644472792068_600l6"
                          HEIGHT="195"
                          WIDTH="2464"
                          VPOS="577"
                          HPOS="3492"
                          CONTENT="voor sijn gelt, seer bequam om heimden te maken van 24"/>
               </TextLine>
               <TextLine ID="region_1644472792068_600l7"
                         BASELINE="3490,874 3612,863 3734,853 3857,845 3979,836 4102,829 4224,821 4346,814 4469,808 4591,802 4714,796 4836,792 4958,788 5081,782 5203,778 5326,774 5448,769 5570,764 5693,760 5815,754 5938,750"
                         HEIGHT="219"
                         WIDTH="2485"
                         VPOS="680"
                         HPOS="3470">
                  <String ID="string_region_1644472792068_600l7"
                          HEIGHT="219"
                          WIDTH="2485"
                          VPOS="680"
                          HPOS="3470"
                          CONTENT="tot 3oft: dille &amp; als ue die sal gesien hebben twijfele niet"/>
               </TextLine>
               <TextLine ID="region_1644472792068_600l8"
                         BASELINE="3510,974 3629,962 3748,954 3867,944 3986,937 4105,930 4224,924 4343,918 4462,914 4581,908 4700,904 4819,900 4938,896 5057,892 5176,887 5295,882 5414,877 5533,871 5652,865 5771,858 5890,850"
                         HEIGHT="264"
                         WIDTH="2412"
                         VPOS="757"
                         HPOS="3490">
                  <String ID="string_region_1644472792068_600l8"
                          HEIGHT="264"
                          WIDTH="2412"
                          VPOS="757"
                          HPOS="3490"
                          CONTENT="oft sullen ue genoeginge geven &amp; daer sal wat voor ue"/>
               </TextLine>
               <TextLine ID="region_1644472792068_600l9"
                         BASELINE="3514,1080 3638,1071 3762,1063 3886,1054 4011,1046 4135,1038 4259,1030 4384,1023 4508,1016 4632,1009 4757,1002 4881,995 5005,989 5129,982 5254,977 5378,971 5502,966 5627,960 5751,955 5875,951 6000,946"
                         HEIGHT="224"
                         WIDTH="2517"
                         VPOS="892"
                         HPOS="3496">
                  <String ID="string_region_1644472792068_600l9"
                          HEIGHT="224"
                          WIDTH="2517"
                          VPOS="892"
                          HPOS="3496"
                          CONTENT="aen te profiteren sijn, daer is een ps kinne voor binnen sie "/>
               </TextLine>
               <TextLine ID="region_1644472792068_600l10"
                         BASELINE="3498,1206 3623,1192 3748,1181 3873,1170 3998,1159 4123,1151 4248,1142 4373,1135 4498,1127 4623,1121 4748,1113 4873,1106 4998,1100 5123,1094 5248,1086 5373,1078 5498,1070 5623,1060 5748,1050 5873,1038 5998,1026"
                         HEIGHT="280"
                         WIDTH="2534"
                         VPOS="967"
                         HPOS="3479">
                  <String ID="string_region_1644472792068_600l10"
                          HEIGHT="280"
                          WIDTH="2534"
                          VPOS="967"
                          HPOS="3479"
                          CONTENT="pardelure, om ue pack tijken, dog dat is nmet ri gemaeckt"/>
               </TextLine>
               <TextLine ID="region_1644472792068_600l11"
                         BASELINE="3510,1304 3634,1293 3758,1283 3882,1273 4006,1265 4131,1255 4255,1248 4379,1240 4503,1234 4627,1227 4752,1220 4876,1214 5000,1206 5124,1198 5248,1191 5373,1182 5497,1173 5621,1163 5745,1153 5869,1141 5994,1128"
                         HEIGHT="275"
                         WIDTH="2523"
                         VPOS="1065"
                         HPOS="3489">
                  <String ID="string_region_1644472792068_600l11"
                          HEIGHT="275"
                          WIDTH="2523"
                          VPOS="1065"
                          HPOS="3489"
                          CONTENT="ue can sien oft ul: die aenstaen &amp; als ul die soor te welt"/>
               </TextLine>
               <TextLine ID="region_1644472792068_600l12"
                         BASELINE="3526,1416 3648,1403 3771,1390 3893,1379 4016,1370 4139,1361 4261,1354 4384,1346 4506,1340 4629,1333 4752,1327 4874,1321 4997,1314 5119,1308 5242,1301 5365,1294 5487,1285 5610,1276 5732,1266 5855,1254 5978,1240"
                         HEIGHT="298"
                         WIDTH="2489"
                         VPOS="1146"
                         HPOS="3504">
                  <String ID="string_region_1644472792068_600l12"
                          HEIGHT="298"
                          WIDTH="2489"
                          VPOS="1146"
                          HPOS="3504"
                          CONTENT="dat gemaeckt hebben, sal daer dan partijen van doen"/>
               </TextLine>
               <TextLine ID="region_1644472792068_600l13"
                         BASELINE="3518,1530 3642,1515 3767,1502 3891,1490 4016,1480 4141,1470 4265,1461 4390,1453 4514,1447 4639,1440 4764,1433 4888,1428 5013,1421 5137,1414 5262,1408 5387,1400 5511,1394 5636,1385 5760,1375 5885,1362 6010,1350"
                         HEIGHT="254"
                         WIDTH="2529"
                         VPOS="1296"
                         HPOS="3497">
                  <String ID="string_region_1644472792068_600l13"
                          HEIGHT="254"
                          WIDTH="2529"
                          VPOS="1296"
                          HPOS="3497"
                          CONTENT="legken, can oock dan meirdere prijsen in die soorten"/>
               </TextLine>
               <TextLine ID="region_1644472792068_600l14"
                         BASELINE="3518,1644 3639,1628 3761,1613 3882,1602 4004,1590 4126,1579 4247,1571 4369,1562 4490,1554 4612,1547 4734,1541 4855,1535 4977,1530 5098,1524 5220,1519 5342,1512 5463,1507 5585,1500 5706,1494 5828,1486 5950,1476"
                         HEIGHT="248"
                         WIDTH="2470"
                         VPOS="1428"
                         HPOS="3497">
                  <String ID="string_region_1644472792068_600l14"
                          HEIGHT="248"
                          WIDTH="2470"
                          VPOS="1428"
                          HPOS="3497"
                          CONTENT="becomen, dat stuck is een blaems sinne soo ul can"/>
               </TextLine>
               <TextLine ID="region_1644472792068_600l15"
                         BASELINE="3524,1744 3647,1727 3771,1712 3895,1699 4019,1688 4143,1680 4267,1672 4391,1664 4515,1660 4639,1654 4763,1650 4886,1644 5010,1640 5134,1636 5258,1631 5382,1626 5506,1620 5630,1612 5754,1604 5878,1594 6002,1582"
                         HEIGHT="247"
                         WIDTH="2514"
                         VPOS="1506"
                         HPOS="3505">
                  <String ID="string_region_1644472792068_600l15"
                          HEIGHT="247"
                          WIDTH="2514"
                          VPOS="1506"
                          HPOS="3505"
                          CONTENT="daer van ordonneren, soo veel alst ue gelieft, sal alle"/>
               </TextLine>
               <TextLine ID="region_1644472792068_600l16"
                         BASELINE="3512,1848 3636,1834 3760,1820 3884,1808 4008,1798 4132,1789 4256,1781 4380,1773 4504,1766 4628,1760 4753,1754 4877,1750 5001,1745 5125,1740 5249,1736 5373,1732 5497,1727 5621,1722 5745,1717 5869,1711 5994,1704"
                         HEIGHT="296"
                         WIDTH="2519"
                         VPOS="1603"
                         HPOS="3493">
                  <String ID="string_region_1644472792068_600l16"
                          HEIGHT="296"
                          WIDTH="2519"
                          VPOS="1603"
                          HPOS="3493"
                          CONTENT="serge hebben om schoone &amp; goede stacken te senden"/>
               </TextLine>
               <TextLine ID="region_1644472792068_600l17"
                         BASELINE="3498,1956 3621,1942 3745,1930 3868,1917 3992,1907 4116,1898 4239,1889 4363,1881 4486,1874 4610,1868 4734,1863 4857,1856 4981,1852 5104,1847 5228,1842 5352,1837 5475,1832 5599,1826 5722,1820 5846,1814 5970,1806"
                         HEIGHT="272"
                         WIDTH="2507"
                         VPOS="1725"
                         HPOS="3478">
                  <String ID="string_region_1644472792068_600l17"
                          HEIGHT="272"
                          WIDTH="2507"
                          VPOS="1725"
                          HPOS="3478"
                          CONTENT="laet mij mede vreeten, oft ue die wilt wit gemaekt"/>
               </TextLine>
               <TextLine ID="region_1644472792068_600l18"
                         BASELINE="3524,2048 3647,2036 3771,2024 3895,2015 4019,2008 4143,1999 4267,1993 4391,1987 4515,1982 4639,1978 4763,1973 4886,1969 5010,1964 5134,1960 5258,1955 5382,1950 5506,1943 5630,1936 5754,1928 5878,1918 6002,1908"
                         HEIGHT="224"
                         WIDTH="2508"
                         VPOS="1847"
                         HPOS="3507">
                  <String ID="string_region_1644472792068_600l18"
                          HEIGHT="224"
                          WIDTH="2508"
                          VPOS="1847"
                          HPOS="3507"
                          CONTENT="hebben op het aederspoedighste, om dat het zesoen van"/>
               </TextLine>
               <TextLine ID="region_1644472792068_600l19"
                         BASELINE="3514,2164 3635,2152 3757,2138 3878,2126 4000,2118 4122,2109 4243,2102 4365,2096 4486,2090 4608,2086 4730,2080 4851,2076 4973,2070 5094,2066 5216,2062 5338,2055 5459,2049 5581,2041 5702,2032 5824,2023 5946,2012"
                         HEIGHT="241"
                         WIDTH="2467"
                         VPOS="1976"
                         HPOS="3496">
                  <String ID="string_region_1644472792068_600l19"
                          HEIGHT="241"
                          WIDTH="2467"
                          VPOS="1976"
                          HPOS="3496"
                          CONTENT="blijken voor bij haet, groete ue van herten &amp; blyve"/>
               </TextLine>
               <TextLine ID="region_1644472792068_600l20"
                         BASELINE="3530,2278 3651,2266 3773,2257 3895,2246 4017,2238 4139,2231 4260,2223 4382,2218 4504,2213 4626,2208 4748,2203 4869,2198 4991,2194 5113,2190 5235,2186 5357,2182 5478,2177 5600,2171 5722,2165 5844,2159 5966,2150"
                         HEIGHT="265"
                         WIDTH="2468"
                         VPOS="2077"
                         HPOS="3512">
                  <String ID="string_region_1644472792068_600l20"
                          HEIGHT="265"
                          WIDTH="2468"
                          VPOS="2077"
                          HPOS="3512"
                          CONTENT="mijn naem is daniet gerardo melijn ul hebbt hem"/>
               </TextLine>
               <TextLine ID="region_1644472792068_600l21"
                         BASELINE="3524,2394 3647,2380 3771,2367 3895,2357 4018,2348 4142,2340 4266,2334 4389,2328 4513,2323 4637,2319 4761,2315 4884,2312 5008,2308 5132,2304 5255,2298 5379,2294 5503,2289 5626,2282 5750,2273 5874,2265 5998,2254"
                         HEIGHT="214"
                         WIDTH="2502"
                         VPOS="2190"
                         HPOS="3508">
                  <String ID="string_region_1644472792068_600l21"
                          HEIGHT="214"
                          WIDTH="2502"
                          VPOS="2190"
                          HPOS="3508"
                          CONTENT="al wel gespelt &amp; u bruven comen &amp;lelten rechte "/>
               </TextLine>
               <TextLine ID="region_1644472792068_600l22"
                         BASELINE="3514,2506 3576,2498 3639,2490 3702,2482 3765,2476 3828,2469 3890,2464 3953,2460 4016,2453 4079,2449 4142,2446 4204,2442 4267,2438 4330,2435 4393,2430 4456,2428 4518,2423 4581,2420 4644,2418 4707,2414 4770,2410"
                         HEIGHT="202"
                         WIDTH="1293"
                         VPOS="2320"
                         HPOS="3493">
                  <String ID="string_region_1644472792068_600l22"
                          HEIGHT="202"
                          WIDTH="1293"
                          VPOS="2320"
                          HPOS="3493"
                          CONTENT="ben genoeghsaem. beiene"/>
               </TextLine>
               <TextLine ID="region_1644472792068_600l23"
                         BASELINE="3514,2598 3637,2590 3760,2582 3884,2574 4007,2569 4131,2563 4254,2559 4377,2554 4501,2552 4624,2548 4748,2544 4871,2542 4994,2538 5118,2536 5241,2533 5365,2530 5488,2526 5611,2522 5735,2518 5858,2513 5982,2508"
                         HEIGHT="218"
                         WIDTH="2502"
                         VPOS="2422"
                         HPOS="3496">
                  <String ID="string_region_1644472792068_600l23"
                          HEIGHT="218"
                          WIDTH="2502"
                          VPOS="2422"
                          HPOS="3496"
                          CONTENT=" hebbe het import van d'ingeslotene facture niet connen trecke, om dat het "/>
               </TextLine>
               <TextLine ID="region_1644472792068_600l24"
                         BASELINE="3518,2682 3641,2676 3764,2672 3887,2668 4010,2663 4134,2660 4257,2656 4380,2652 4503,2648 4626,2644 4750,2640 4873,2637 4996,2633 5119,2630 5242,2628 5366,2624 5489,2622 5612,2618 5735,2616 5858,2612 5982,2610"
                         HEIGHT="169"
                         WIDTH="2499"
                         VPOS="2525"
                         HPOS="3501">
                  <String ID="string_region_1644472792068_600l24"
                          HEIGHT="169"
                          WIDTH="2499"
                          VPOS="2525"
                          HPOS="3501"
                          CONTENT="soo bijne im portantie is oock de wissel die valt teele treckers &amp; wjinge "/>
               </TextLine>
               <TextLine ID="region_1644472792068_600l25"
                         BASELINE="3536,2772 3635,2768 3735,2765 3835,2762 3935,2758 4035,2754 4135,2752 4235,2748 4335,2745 4435,2742 4535,2739 4634,2736 4734,2734 4834,2730 4934,2728 5034,2726 5134,2723 5234,2720 5334,2718 5434,2716 5534,2714"
                         HEIGHT="206"
                         WIDTH="2031"
                         VPOS="2618"
                         HPOS="3520">
                  <String ID="string_region_1644472792068_600l25"
                          HEIGHT="206"
                          WIDTH="2031"
                          VPOS="2618"
                          HPOS="3520"
                          CONTENT="gevers sal mejn devoiren doen o ue intrest te behertigen"/>
               </TextLine>
               <TextLine ID="region_1644472792068_600l26"
                         BASELINE="3540,2866 3624,2864 3709,2862 3794,2860 3879,2858 3964,2854 4048,2851 4133,2848 4218,2844 4303,2841 4388,2837 4472,2832 4557,2828 4642,2824 4727,2822 4812,2818 4896,2814 4981,2812 5066,2809 5151,2806 5236,2804"
                         HEIGHT="171"
                         WIDTH="1728"
                         VPOS="2739"
                         HPOS="3523">
                  <String ID="string_region_1644472792068_600l26"
                          HEIGHT="171"
                          WIDTH="1728"
                          VPOS="2739"
                          HPOS="3523"
                          CONTENT="wissel 35:6 en dogh geen gelt maer wel brieven"/>
               </TextLine>
               <TextLine ID="region_1644472792068_600l27"
                         BASELINE="3552,2960 3674,2956 3796,2951 3919,2946 4041,2942 4164,2938 4286,2932 4408,2928 4531,2924 4653,2918 4776,2914 4898,2908 5020,2904 5143,2900 5265,2896 5388,2890 5510,2887 5632,2883 5755,2880 5877,2876 6000,2872"
                         HEIGHT="223"
                         WIDTH="2479"
                         VPOS="2773"
                         HPOS="3535">
                  <String ID="string_region_1644472792068_600l27"
                          HEIGHT="223"
                          WIDTH="2479"
                          VPOS="2773"
                          HPOS="3535"
                          CONTENT="iet toecomende hebbe liever dat ul mij remitteert sal oock betere"/>
               </TextLine>
               <TextLine ID="region_1644472792068_600l28"
                         BASELINE="3542,3050 3592,3048 3643,3046 3693,3044 3744,3042 3794,3040 3845,3039 3895,3036 3946,3034 3996,3032 4047,3030 4097,3028 4148,3026 4198,3026 4249,3024 4299,3022 4350,3022 4400,3020 4451,3020 4501,3020 4552,3020"
                         HEIGHT="207"
                         WIDTH="1045"
                         VPOS="2918"
                         HPOS="3525">
                  <String ID="string_region_1644472792068_600l28"
                          HEIGHT="207"
                          WIDTH="1045"
                          VPOS="2918"
                          HPOS="3525"
                          CONTENT="avaitigie voor 2f: wesen"/>
               </TextLine>
               <TextLine ID="region_1644472792068_600l29"
                         BASELINE="5362,3082 5394,3081 5426,3078 5458,3077 5490,3074 5522,3074 5554,3072 5586,3070 5618,3070 5650,3068 5682,3066 5714,3066 5746,3064 5778,3064 5810,3062 5842,3060 5874,3059 5906,3058 5938,3057 5970,3055 6002,3054"
                         HEIGHT="213"
                         WIDTH="678"
                         VPOS="2933"
                         HPOS="5341">
                  <String ID="string_region_1644472792068_600l29"
                          HEIGHT="213"
                          WIDTH="678"
                          VPOS="2933"
                          HPOS="5341"
                          CONTENT="Ady 25 augi119"/>
               </TextLine>
               <TextLine ID="region_1644472792068_600l30"
                         BASELINE="3392,3192 3445,3184 3499,3177 3553,3171 3606,3167 3660,3163 3714,3158 3767,3156 3821,3152 3875,3149 3929,3146 3982,3145 4036,3142 4090,3140 4143,3138 4197,3136 4251,3134 4304,3131 4358,3129 4412,3126 4466,3122"
                         HEIGHT="213"
                         WIDTH="1115"
                         VPOS="3013"
                         HPOS="3371">
                  <String ID="string_region_1644472792068_600l30"
                          HEIGHT="213"
                          WIDTH="1115"
                          VPOS="3013"
                          HPOS="3371"
                          CONTENT="Fiurenmant de wed: Robert"/>
               </TextLine>
               <TextLine ID="region_1644472792068_600l31"
                         BASELINE="3556,3278 3679,3265 3802,3256 3925,3246 4048,3237 4172,3229 4295,3222 4418,3218 4541,3212 4664,3207 4788,3202 4911,3200 5034,3196 5157,3192 5280,3189 5404,3186 5527,3182 5650,3179 5773,3176 5896,3172 6020,3168"
                         HEIGHT="180"
                         WIDTH="2496"
                         VPOS="3117"
                         HPOS="3539">
                  <String ID="string_region_1644472792068_600l31"
                          HEIGHT="180"
                          WIDTH="2496"
                          VPOS="3117"
                          HPOS="3539"
                          CONTENT="ue: aeng. dan 17 desen wel ontfanghen &amp; hebbe ul: assignake al dan"/>
               </TextLine>
               <TextLine ID="region_1644472792068_600l32"
                         BASELINE="3542,3372 3665,3364 3788,3357 3911,3350 4034,3342 4157,3336 4280,3329 4403,3322 4526,3316 4649,3310 4772,3304 4895,3298 5018,3293 5141,3288 5264,3284 5387,3280 5510,3275 5633,3272 5756,3270 5879,3266 6002,3266"
                         HEIGHT="245"
                         WIDTH="2495"
                         VPOS="3185"
                         HPOS="3523">
                  <String ID="string_region_1644472792068_600l32"
                          HEIGHT="245"
                          WIDTH="2495"
                          VPOS="3185"
                          HPOS="3523"
                          CONTENT="aen dejck Wanters voldaen, dat niet twijfele oft sult hebben"/>
               </TextLine>
               <TextLine ID="region_1644472792068_600l33"
                         BASELINE="3546,3482 3668,3472 3791,3461 3913,3453 4036,3445 4159,3436 4281,3430 4404,3423 4526,3416 4649,3410 4772,3403 4894,3398 5017,3392 5139,3387 5262,3381 5385,3376 5507,3370 5630,3364 5752,3358 5875,3352 5998,3346"
                         HEIGHT="260"
                         WIDTH="2488"
                         VPOS="3272"
                         HPOS="3527">
                  <String ID="string_region_1644472792068_600l33"
                          HEIGHT="260"
                          WIDTH="2488"
                          VPOS="3272"
                          HPOS="3527"
                          CONTENT="ontfanghen, desen om ue te seggen als dat ordre become hebbe"/>
               </TextLine>
               <TextLine ID="region_1644472792068_600l34"
                         BASELINE="3542,3596 3665,3584 3789,3575 3913,3565 4037,3556 4161,3547 4284,3540 4408,3532 4532,3524 4656,3518 4780,3512 4903,3505 5027,3499 5151,3492 5275,3484 5399,3478 5522,3470 5646,3461 5770,3452 5894,3442 6018,3432"
                         HEIGHT="277"
                         WIDTH="2514"
                         VPOS="3350"
                         HPOS="3522">
                  <String ID="string_region_1644472792068_600l34"
                          HEIGHT="277"
                          WIDTH="2514"
                          VPOS="3350"
                          HPOS="3522"
                          CONTENT="om eenige ps. Turnhautse lijn waerten fijne geblechte al"/>
               </TextLine>
               <TextLine ID="region_1644472792068_600l35"
                         BASELINE="3528,3700 3651,3686 3775,3675 3899,3665 4022,3655 4146,3646 4270,3639 4393,3631 4517,3625 4641,3618 4765,3613 4888,3606 5012,3600 5136,3594 5259,3587 5383,3578 5507,3570 5630,3561 5754,3550 5878,3540 6002,3526"
                         HEIGHT="240"
                         WIDTH="2513"
                         VPOS="3470"
                         HPOS="3507">
                  <String ID="string_region_1644472792068_600l35"
                          HEIGHT="240"
                          WIDTH="2513"
                          VPOS="3470"
                          HPOS="3507"
                          CONTENT="oock wel 100 ps tijken, mede moeten hebben dermits ontren"/>
               </TextLine>
               <TextLine ID="region_1644472792068_600l36"
                         BASELINE="3544,3798 3665,3787 3787,3778 3909,3769 4030,3762 4152,3754 4274,3748 4395,3741 4517,3736 4639,3730 4761,3723 4882,3717 5004,3710 5126,3704 5247,3697 5369,3688 5491,3681 5612,3671 5734,3662 5856,3651 5978,3638"
                         HEIGHT="281"
                         WIDTH="2471"
                         VPOS="3554"
                         HPOS="3523">
                  <String ID="string_region_1644472792068_600l36"
                          HEIGHT="281"
                          WIDTH="2471"
                          VPOS="3554"
                          HPOS="3523"
                          CONTENT="de ordre voor sijn waerten niet large soryven can &amp; dat ue"/>
               </TextLine>
               <TextLine ID="region_1644472792068_600l37"
                         BASELINE="3514,3898 3637,3892 3761,3884 3885,3877 4009,3870 4133,3862 4256,3856 4380,3848 4504,3841 4628,3834 4752,3826 4875,3818 4999,3811 5123,3804 5247,3797 5371,3790 5494,3784 5618,3775 5742,3768 5866,3762 5990,3754"
                         HEIGHT="291"
                         WIDTH="2512"
                         VPOS="3642"
                         HPOS="3496">
                  <String ID="string_region_1644472792068_600l37"
                          HEIGHT="291"
                          WIDTH="2512"
                          VPOS="3642"
                          HPOS="3496"
                          CONTENT="selfs moete spreken om marhanderen wel te verstaede"/>
               </TextLine>
               <TextLine ID="region_1644472792068_600l38"
                         BASELINE="3532,4004 3649,3996 3766,3988 3883,3981 4000,3974 4117,3967 4234,3962 4351,3955 4468,3950 4585,3943 4703,3938 4820,3932 4937,3926 5054,3920 5171,3912 5288,3905 5405,3898 5522,3890 5639,3882 5756,3872 5874,3862"
                         HEIGHT="200"
                         WIDTH="2378"
                         VPOS="3808"
                         HPOS="3514">
                  <String ID="string_region_1644472792068_600l38"
                          HEIGHT="200"
                          WIDTH="2378"
                          VPOS="3808"
                          HPOS="3514"
                          CONTENT="soo die preuve wwel doen mijn evind, fyft mij san"/>
               </TextLine>
               <TextLine ID="region_1644472792068_600l39"
                         BASELINE="3518,4106 3642,4098 3766,4090 3891,4084 4015,4078 4140,4070 4264,4066 4388,4060 4513,4054 4637,4048 4762,4042 4886,4036 5010,4029 5135,4022 5259,4016 5384,4007 5508,3999 5632,3990 5757,3977 5881,3967 6006,3954"
                         HEIGHT="258"
                         WIDTH="2525"
                         VPOS="3923"
                         HPOS="3496">
                  <String ID="string_region_1644472792068_600l39"
                          HEIGHT="258"
                          WIDTH="2525"
                          VPOS="3923"
                          HPOS="3496"
                          CONTENT="consirderabele partijen te bragen, darom versoecke van "/>
               </TextLine>
               <TextLine ID="region_1644472792068_600l40"
                         BASELINE="3542,4214 3665,4207 3788,4200 3912,4192 4035,4186 4159,4179 4282,4174 4405,4166 4529,4160 4652,4154 4776,4148 4899,4142 5022,4136 5146,4130 5269,4123 5393,4116 5516,4110 5639,4102 5763,4096 5886,4088 6010,4080"
                         HEIGHT="210"
                         WIDTH="2504"
                         VPOS="4028"
                         HPOS="3525">
                  <String ID="string_region_1644472792068_600l40"
                          HEIGHT="210"
                          WIDTH="2504"
                          VPOS="4028"
                          HPOS="3525"
                          CONTENT="op het alderspoedighste over tecomen, &amp; reght tot mijnen"/>
               </TextLine>
               <TextLine ID="region_1644472792068_600l41"
                         BASELINE="3534,4322 3657,4316 3780,4312 3903,4308 4026,4302 4150,4296 4273,4290 4396,4284 4519,4278 4642,4270 4766,4264 4889,4256 5012,4248 5135,4242 5258,4234 5382,4226 5505,4217 5628,4210 5751,4202 5874,4194 5998,4186"
                         HEIGHT="263"
                         WIDTH="2502"
                         VPOS="4131"
                         HPOS="3515">
                  <String ID="string_region_1644472792068_600l41"
                          HEIGHT="263"
                          WIDTH="2502"
                          VPOS="4131"
                          HPOS="3515"
                          CONTENT="hujke, het bedt is gereedt aalt heeft niet te peijsen op"/>
               </TextLine>
               <TextLine ID="region_1644472792068_600l42"
                         BASELINE="3560,4446 3682,4438 3804,4432 3926,4424 4048,4418 4170,4410 4292,4403 4414,4396 4536,4389 4658,4383 4781,4374 4903,4368 5025,4360 5147,4353 5269,4346 5391,4338 5513,4331 5635,4324 5757,4318 5879,4311 6002,4302"
                         HEIGHT="220"
                         WIDTH="2475"
                         VPOS="4221"
                         HPOS="3541">
                  <String ID="string_region_1644472792068_600l42"
                          HEIGHT="220"
                          WIDTH="2475"
                          VPOS="4221"
                          HPOS="3541"
                          CONTENT="een ander te gan, sal ue sondag, oft maendag verwaghten"/>
               </TextLine>
            </TextBlock>
         </PrintSpace>
      </Page>
   </Layout>
</alto>
