8351 4726
2582 265 704 136 Adij 15 april 1725

806 272 1441 164 Brugge Dhr Lanrence van SHentergen

991 374 2256 146 Beyde uj seer aeng. van 14 & 21 pasts bij tijde wel ont bij den

989 459 2408 121 laesten de reke van ul disboursen op het pack tjken N50. bedragende

989 555 2356 124 in court. gelt £5:250 n waer vooren ul is gecrediteert in wissel

989 677 2354 135 gelde ƒ 25:1:9 en oft £3:10:3½ 5 dito pack is tot london wel

976 762 2289 119 gearriveert desen dient voorders tot advies als dat heden aen ul

958 822 2446 132 toe gesonden hebbe een ander pack gemerckt D.N.51 imaowende

994 923 2314 126 taghentigh stucken tijken dat vervolgens gelieve te verclaren

1000 1022 2416 110 kerste vertreckende schip op london te versenden & te addrisseren

997 1108 2335 123 aen dhr John tapall dogh int schip van will samt niet te

982 1156 2427 156 laden gelijck voor desen ul: gemelt hebbe versoeckende p eersie

988 1235 2302 178 de oncost rek benevens het bognossement te lasen toe

1005 1361 1605 143 comen aen die naer vrinde hebbt blijve

2631 1398 671 175 Adij 16 gpue 1723

850 1465 633 177 Ceulen Serart madler

987 1478 2364 218 ul: seer aengename van 8 gber 1724 is mij op sijn tijdt wel geworden, daer bij

976 1628 2395 143 den latten brief van het sunt tot nettesem geboven, & alsoo ue heeft gelieft te

980 1694 2422 162 melden, dat op dat dons geen onderhoudt voor den armen is, soo hebbe het sehe

1000 1785 2350 172 in gratie aengenomen, & in ons arm huys gestelt om opgevoedt te worden

952 1889 2417 152 de twee andere leinderen hebbe thuys gesonden, het eene tot turnhoudt, & het

984 1941 2424 187 ander tot staken, bedancke ue hertelijck voor de genomene moeyte & godt salt

1005 2041 2396 174 ue loonen voor doncosten van eene rijse aen een expresse, als mede aenden

994 2151 2391 180 pastor betaelt, die ue aen onten ormen gelieft te schencken, lijdt

1009 2243 2394 139 versekert in soo danige oft andere voorvallende occasien, ettijt bereijdt sal sijn

1002 2330 2368 149 tot ue dienst. ne vehopen wij het geluck te hebben van ue: benevens

1001 2419 2350 173 ue. liefte hier te sien, in het aenstaende goedt &esoen, & ben bij desen ue

998 2520 2340 150 andermael presenterende mijn huys voor ue logement & bidde mij

1003 2625 2412 139 twee hamen rijnschen wijn toe te senden, van den besten, die ul oorsal

996 2761 2382 121 aengenaem sal sijn, dogh moet stercker sijn als den laetten gesonden

1000 2831 2317 169 mijn lieffte can soo clijnen wijn niet wel drincke, betrouwende mij

988 2920 2379 172 op ue goeder genegentijdt & ben verschert dat wat goedts senden lelt

982 2984 2380 196 alson verhope, daer selfs van sult comen duncken waer mede p

2616 3098 451 186 Adij 25d

1009 3148 242 130 blijve

832 3210 682 169 London John Eataall

1008 3271 2216 169 le 11 jesine courant fut a vre grace ma derniere, a la quelle ie me referre

989 3394 2345 131 depuis sans l'honneur de vre, cette ne servira, que pour vous envoyer la

972 3494 2301 162 facture, & cognossement d'un ballot A.51: contenant quatre vint pieces

955 3578 2421 125 de coutils, portant en semble le 923: 23½ estant charge dans le batteau

1003 3668 2343 146 du John hendsides qui estoit prest, pour partir pour londres & le prurer

1019 3777 2398 117 vend favorable, j'espere mons. que vous les receveray biendondionneer & qae

1003 3873 2301 140 les contils seront a vre entiere satisfaction, & on ie vous puis rendrel

944 3933 1935 126 d'autre service commande celuy qui a l'honneur d'estre

863 4041 1547 132 London dheeren John Schoppons & Johe Edwards

2666 4035 636 157 Adij 12 mey 1723

1010 4150 2262 127 18: mij seer aeng: van 16 Basst C.S. wel ontfanghen daer

1001 4217 2394 130 benevens mijne treke pours die wel geexamineert hebbe & de selve

1015 4304 2401 137 in alle syne posten conform bevonden & dien volgens hebbe ue op

1019 4357 2386 183 muw rek gedebiteert voor so £860:5:0 en conporte ul notitie

5912 230 53 60 2:

3559 277 2548 115 heden hebben wij advies becomen dat sijne sreyserlijcke, maiestijdt het accords

3564 323 2488 160 betroffen heeft met den coninck van spanien ter intervontie van den coninck

3565 403 2459 142 van vranckerijck tot groot genoegen van sijne onderdaenen de pircomstantien

3561 498 2539 165 sijn noch geheije echter men seght van groote aliantien tusschen de sotholinde

3553 610 2530 138 Brincen van Curopa dat veele des coursen veroorsaekt waron hier van

3561 704 2504 173 gevoelen sijn dat de sontsen a costj considerable souden connen vallen

3551 773 2503 166 waron ue: desen schrijve om ue te versoecken van te wegileren op de

3555 831 2544 201 banck actien soo die comen te dalen tot 186 a 128 p van seven honde

3544 973 2532 176 ponden sterliux bane aetien in te coopen latende alles op ue: goede sorge

3545 1047 2439 158 mij vertrovende geheelijck op ue directie & soo tot ue hoogie merck

3537 1157 2498 163 niet conde komen soo sal mij prevalleren van den intrest a 3 p de

3565 1224 2504 185 date 17 april gelijck genoten hebbe tot dat van mijn penningen onder

3571 1319 2345 165 ue: berussende anders soude comen te disponeren versoeckende

3556 1424 2446 148 nold delessijdt advies van t gene ontrens de fontsen passeert & blijve

3563 1550 804 127 naer seer vrinde groet

3559 1564 2489 209 P.. soo eenige imployen soude connen, gedaen hebben & dat ue

3568 1697 2333 162 in disbours ixare pout op mij trecken op sighs dat uk is comende

5208 1793 687 150 Ady 14 mej 1725

3456 1820 888 120 Peulen dhS Gerard Meuber

3563 1863 2512 162 18: seer aen de souder dato in de maendt april lest leden mij geschreve

3565 1959 2503 131 wel onf: met advies van de versendeng van een vatie wijn inhoudende

3519 2037 2464 156 de l versoeghte versghamen dat voor ontfangh van ue brief kiedal

3574 2076 2499 212 was gearriveert & hebbe het selve wel geconditioneert di hadde

3583 2204 2500 182 wal gewenst dat het in twee differente justatie gewelst wae

3581 2302 2555 156 omdat mijn broeder pedro de helft daer in heeft eenter moeton e

3585 2404 2358 193 patientie hebben t'can maed wat moeyte costen om te

3566 2472 2516 228 partageren ue gelieft den prijs te sposteren al   28 p hame

3587 2571 2302 192 vrij op de herre soo comt samen RD 52: die aen ue. hier

3580 2650 2401 211 benevens remittere op sight ten caste s Ican tischematter

3580 2691 2510 253 a costij. versoeckende de betalinge in te voorderen & de weirde

3571 2867 2473 176 ontlanghen hebbende mij t'adviseren het vat is geraegdt

3584 2925 2494 237 & bevonden & kaemen aght post soo dat de excresentie weynig

3584 3008 2508 182 is als ieder haem appart is. is profitabelder vermits de excresitie

3581 3101 2463 216 grootet is, het is ons lief geweest te vernemen dat meijonsf

3581 3202 2456 167 nichte de voeten flaedt te verbranden tegens de maenst van

3589 3319 2435 129 julj echter het engevalle het clyntie haer niet obligert

3587 3360 2499 177 van thujs te blijven soo verhopen noch het geliecke te hebbe

3591 3480 2360 153 van ue beyde te sien mijn btoeder jan mschiel melijn

3599 3543 2488 170 is heden weder naer aken vertrocken mijn herste versoecke

3601 3620 2481 195 ue & onse hede nichte benevens de famibie haet compire

3598 3732 2441 163 te agreesen & hebbe mede d'Pere van te sijn & blijv

5408 3858 629 157 Ady 8 guin 1725

3588 3872 959 150 naer Cordiale groet

3477 3950 801 170 Brussel marcats Rimbaut

3581 4022 2510 155 celon vre promissesa vre derniere voyage nous avons este nattente, que vous nous auriez

3587 4119 2503 143 apporte une modelle d'une boite de ttilette, pour voire, si elle seroit a vre gree & depuis

3587 4221 2496 112 nous m'avons reccu aucune de vos nouvellit, apparement que vous lauray oublie ce

3594 4269 2505 184 pour quoy ie vous prie pecette, de nous la faire voire au plustost pour prendre

3590 4407 2219 110 nre resolution, a cet  gard & En lattendant ie suis parfaittement
