9310 4699
1938 264 2311 126 beste fabricateur, & selfs uyt gesoght suponere de selve niet wel hebt gevisiseert

1917 310 2349 127 sal alle devoiren douy dat de geordonneerde 25 ps. naer ikt genoegen sullen sj

1902 399 2362 144 & versoecke al: voordere ordre voort gene noch moght noodigh hebben bij tijne

1921 477 2346 135 sien dat de silvere horologie gereedt is, dat maer naer occasie waght om die

1921 553 2333 166 te versenden, soo noch niet versonden is, gelieve de selve t'addresserenge pott

1934 635 2236 172 aen d heer Elias gruntgrijsser officiacl vant post comptoir tot antwerpen

1929 757 1273 135 gelijck de goode seetingh versonden hebt

1923 796 2207 210 benous: ten uytersten verplight voor alle ue goede wenschen in mijnen

1927 918 2240 140 houwelijcken staedt mijn welste versoecht haer compliment te gelieven

1926 1005 2292 128 t'accepteren, & ick het mijne daer bij voegende blije met ofres van dinst

3628 1097 599 159 Adij 29 meert 123

1933 1106 1024 151 &naer seer minsame groetauss

1775 1191 1082 175 London John Schoppens &Br. Edwards

1958 1281 2276 164 ue aengename van 10 deser .D. wel ontfanghen, daer uyt verstaen als dat

1944 1374 2288 172 ue mijne gesondene procuratie comde gekoghte £500:- vostindische comp

1936 1452 2295 142 actie op mijn naem te transporteren in forma niet en bevindt gelijcke die

1923 1569 2234 163 mp eyscht, waer over verwondert ben want andere vrinden van costij

1947 1633 2295 159 melden, ten uytersten wel te sijn, eghter om daer over noet meer te moeten

1950 1714 2292 151 schrijven soo sende aen ul hier benevens eene andere procuratie conform

1940 1810 2238 170 aen ue gesonden profeet versoeckende no sondder wijtstel die £500:- op

1948 1894 2262 170 mijn name te laten stellen, & dit geschoedt sijnde aen mij een notariele

1944 1996 2262 173 attestatie te senden dat ick op de boecken van die comp. daer vooren

1949 2088 2225 189 gecrediteert ben & den notans William ccorey die aen my bekont is 3

1942 2201 2338 187 daertoe te employeren, ick dencke niet dat ue diet qualijck sal afnemen

1936 2299 2089 169 andere vrinden hebben mij soo danige attestatien gesonden sonde

1954 2399 2081 188 gevraeght te hebben & die notaris heeft dat wel opgestelt daerom

1951 2501 1774 154 vertrruwe dat uk, aen dit mijn vesoeck voldoen sal

1965 2566 2288 186 al. tratos voor  £ 315:- a 34:5 en hebbe op 21 deser P.S. prompt

1974 2722 810 147 betaelt tot u naeright

1961 2733 2223 250 men seght hier met de laeste brievaen van costij, advies te sijn, dat u

1958 2850 2263 226 jattus bech staedt maeckt van fijne Crediteuren ten villen te voldoen

1962 2959 2306 170 waer over dheer lannoy de swijndrecht mijn schoon vader ue versoecket

1978 3063 2263 156 ue gevoelen daer ontrent te lat weeten. de ordre voor incoop van

1974 3188 2283 156 £500:- legge vijfhondert ponden sterlinge in de lotteije anndities

1957 3268 2290 138 als die deleu a negentige p ccuto blijft al gerecomandert he

1943 3329 2325 210 kan wel gebeuren, daer op comen hullen, want hebbe al tot die mys

1976 3444 2189 200 geweest, & alles in dese conioncture van tijt wonderlijck soo ten

1980 3544 1687 181 reghten compt gelieft de weirde op mij te trecken

1968 3640 2308 152 en ul ten uijtersten verplight voor alle ue goede wenschey en mijn

1971 3733 2303 169 huwelijck mijn liestte versoeckt hae compliment te gelieven accepteren

1960 3825 2140 172 & ick het mijne dae bij voegende hebbe d'eere van ue te teggen dat

1973 3958 531 152 warelijck ben

1967 3988 2262 222 versoecke van mijne voorige gesonden procuratie weder te

1986 4171 308 114 senden

6822 179 108 99 19

6154 210 693 148 Adij 3: meet 1721

4367 231 890 149 Amtterdam Frans. rousseau

4482 319 2358 177 op 4 gder laest 1720 was aen ue mijnen laesten, waer bij d'eere gehadt

4479 432 2438 141 hebbe ue: te feliesteren over ue houwelijck, sedert geene van ue mislive

4483 535 2410 157 ontfanghen, vindende mij verplight ie bij desen inschelijck te laten weten

4478 629 2305 135 als dat het den goeden godt gelieft heeft mij tot den selfden staet te

4484 752 2337 126 roepen, & te verleenen jouff: anna maria josipha de lannoy dochtere

4465 839 2410 131 van dheerjeeeques de lannay, heere van twijnd recht vertrouwende ue

4455 888 2357 175 desen mijnen seens sal gelieven t' epproberen. hadde e met mijne

4473 1004 2333 140 voorige geimpetitneert met een sleghte comissie voor caamerdelen,

4466 1114 2342 163 de voranderinge van mijnen staeet maect & verandert de voonge

4475 1187 2457 172 resoliutien, derhalven blijve ul: ten hooghtten verplight voor de genomen

4481 1312 2392 122 moeyte die hier ontrent wel hebt gelieven te nemen, eghter als het

4466 1398 2414 151 aen ue niet te veel moeyte sorde sijn, soo wentte wel, dat soo goedt

4468 1478 2447 178 waert van mij den prijs eens te laten weten van de 3 spigels aen

4457 1580 2395 141 den voedt deser genoteert srdt mij veel plaisir doen, niets soude my

4475 1672 2454 160 aengenamer sijn, als doccasie te rescontreren ul, van gelijcken dinstigh

4452 1766 2495 167 toe mogen wesen, & in wat voor vallende oe casien vesoecke mij niet

4456 1892 2473 127 te sparen en affaires is hier wijnigh oft mess te doen alles staedt stil

4463 1951 2452 190 godt wil ons betre tijden verleenen. mijn liefste versoeckt haer Congeliu

4441 2060 2461 141 j'accepteren, & ick het mijne daer bj voegende hebbe d'eere van ul

4468 2178 1073 174 te seggen, dat warelijck ben

4443 2242 1965 198 den ceitten spigel 6½ a 7 quaeten hoogh & 3 ½ breedt

4471 2342 2050 170 dan 2d 4½ quaert oft 5 quaeta hoogh 5½ breedt

6580 2441 84 114 mo

4471 2444 1770 191 den cente 3½ quaen hoogh & 4½ quaet breedt

6293 2478 564 180 Adij p april

4377 2575 676 197 bergen Frans: Caist

4498 2650 2451 164 J'aj bien receu lhonneur de la vre du 217 passe, y joint notice de nre compte

4451 2785 2495 112 ccourant excepte les partres de lamne courante ie l'aj examme, & ie trouve

4470 2846 2507 148 Perreur de Lan 1tl, que vous marque avoir payez le 25 fevrier ƒ100

4483 2977 2448 122 cependant ie n'ay rieu receu peut estre que mes freres l'auront reccu

4477 3032 2470 195 & que vous lauray mis sur mon compte icy inclule le compte, & comme

4490 3138 2405 143 ie le trouve sur mon livre, il faut voir aprez la quitance du 25

4472 3252 2461 150 ferrier 1718, & ie ne doute pas, que vous trouveray l'avoir paye aun

4459 3349 2385 143 de mes freres, & non pas a moy, ce quil vous plaira m'avis r

4490 3454 2315 169 ie vous suis bien oblige de vos bonnes souhaites, comme aussij ma

4478 3522 2393 187 comp. qui a lhonneur de joindre iay ces compliments, & moy qui

4469 3650 1798 187 ett tres cincerement, & avec offres de mes services
