8358 4706
998 279 2321 91 met ue laeste getrocken op een dagh nae sight a 35p te betalen aen

984 324 2289 121 dordre van d heer adviaen wallaert & ue voorrge tratos van 12 pasto

1002 420 2249 108 alle geaccepteet, & de £50: op light a 34:8 te betalen aen d'ordre

987 524 2207 103 van dheer John frejer betaelt dit tot ue naeright, sal nu p ue

1016 581 2248 190 eerste de certificatie van de £500:- banck actiue afwaghten,

1000 686 2215 175 & als ue de intresten van de banck, oft oostindische comp sal

1000 795 2168 137 in cassa hebben, versoecke te laten weeten, om als dan ue in

983 864 2267 208 conformitijdt daer vooren te debiteren & iets waer in ue eenigen

1008 1000 2224 169 aengenamen dinst can doen gelieve te comanderen die naer

969 1115 1239 162 saer vrindelijke groetenisse blijve

2631 1070 688 240 Ady 14 juny 1721

812 1215 839 193 Londen george virgoe

1005 1282 2240 236 op 31 pass &4 deser waren aen ue mijne laeste, waer aen mij

991 1387 2164 215 gedrage sedert geene van ue ontfanghen desen tot geleyde

986 1476 2273 235 van dingeslotene facture van eene bale met 130 ps tijsken,

1016 1577 2131 227 geassorteet volgens ue ordre monterende in wissel gelde

982 1717 2243 184 ƒ1336:10½ waer vooren, naer wel bevinden mij gelieve te

1005 1809 2273 186 crediteren ditto bale is gisteren van hier op buogge verlanden

996 1920 2209 198 & geadresseert aen  heer faurence van ventergen, om met

1020 2012 2284 167 het eerste vertreckende schip op London af te vaerdighen, godt

1011 2103 2304 174 lat de selve ue wel geconditioneet ter hant comen, & tewiffele

1020 2196 2210 194 niet oft de goederen sullen ue wel bevallen. den masser wilt

1010 2294 2201 180 naer dese reyse niet mee 4 tt laten scorten echte sal

1015 2383 2293 192 altijt devoiren doen, soo veel mogelijck sal sijn, 2 ut sal noch

1024 2522 2196 166 wel becomen & 2st: pops minder in prys lijdt verscheert

1004 2618 2298 179 mijn heer ue intrest sal behertighen, & iets voorders van ue

988 2703 2206 220 dienste, gelieve te comanderen die naer seer vrindelijke

2667 2806 516 165 Adij 14d

1018 2852 671 163 groetenisse blijve

828 2923 1331 191 Bougge laurence van Zentergen

1016 2996 2223 186 ul  aengename 12 deser wel ontfanghe dien volgens sal de

1038 3110 2288 178 oncost B: & cognossement vant packe tijken A 20 p al

1035 3183 2318 221 eerste verwaghten desen tot adves dat op gisteren ue toegess

1024 3258 2284 239 hebbe een pack DN. 4. inhoudende 130 ps tijken voor n

1033 3375 2278 213 van dheer george virgoe, wiens ordre ontrent het selve gelieve

1023 3493 2317 191 te volgen, ditto pack sal voor morgen van hoer nwet vetrecken

1024 3582 2234 218 by changuement van wagens hebbe oock mede gesonden

1043 3705 2302 173 een cofses gemerckt &inhoudende bngagie voor en passagier

1029 3801 2301 227 bestaende in cleederen& lijnwaet & als ul den inhowet soude

1027 3895 2220 208 moeten weten, sal ue de notitie senden, & oft de comisen het

1035 3992 2275 230 selfde wilde vesiteren, sende hue in clus den slutel die met

1040 4132 2288 183 het coster gelieve op london oock aff te laden, & taddristeren

1047 4232 2294 150 an dhor chevalier thomas scawen, & comp & het cognossemen

1044 4348 2263 183 met uls debours mij toe te senden, recomanderende bij

3528 210 2405 156 visitatie present te sijn, op datter niets verlooren gaedt tis van

3538 273 2449 148 een engelsche lors, die aen mij gerecomandeert is. hebbe dheer virgoe

3509 411 2448 108 tot noch toe niet vernomen oock heeft sijn vader mij iets daer

3530 472 2259 175 af geschreven, supponere bij dheer wellens sal sijn geaddresseert

3532 598 2387 100 ingesloten een brief van mad: Broeckmans geopent voordheer van

3540 657 2366 137 den bussche, het sal aer haer veel contentement geven antwoordt

3540 745 2342 179 petisfactie te becomen, & sal ue verobligeert sijn blijve & gelijck

3541 874 303 139 ick mede

5210 885 734 166 Adj 16 Juny 1721

3410 951 843 178 Amsttmm francisco Rousseau

3516 1071 2459 140 verhope ul: met mevrouw ue liefte in gesontheydt sult thuys gearriveert sijn,

3530 1162 2452 170 sijnde mij leedt geweest soo schoelijck van hier tijdt vertrocken, dat den tijdt

3543 1253 2448 157 noet gehadt hebbe, ue eenige beleeft heden te connen betoonen, tijdt versekert

3488 1367 2409 146 doe mij niett aengenamer soude sijn, als ue in eenige voorvallende

3547 1463 2438 122 occasien dienstige te mogen weser, & wat sigh pretentier gelieve mij niet

3537 1535 2426 150 te sparen. hebbe de libertijt genomen van op uls te trecken £41:0:617

3536 1665 2429 111 van co, op sight sonder voorder advies in date 13 deses te betalenaen dheer

3531 1745 2475 151 John frijes, ofte ordre synde ditto heer den sone van den sord frijer van

3525 1842 2491 157 london, die aen mij gerecomandeet is geweest versoeck ende hem behulps ee

3536 1943 2426 136 te wesen, sult mij ten hooghsten verobligeren & aen hem mijn respect te

3515 2049 2046 142 betooren, benevens mevoome ue liesste & blijve met respect

5331 2105 476 201 Adij 18d

3416 2146 952 154 Brussel heurico Borremans

3530 2273 2410 115 ue aengename van gisteren wel ontfanghen waer bij met groote

3532 2346 2479 139 verwonderinge sien mejouff: ue moeder saliger, e notitie heeft aen getche

3677 2412 148 82 e p

3528 2473 2430 96 15ft op 43 stucken soo draper als perpet: te scorten hebbe di'eere

3523 2533 2419 168 van ul: te seggen daer niets van weete boven dien sij de rekkeninge

3529 2637 2443 162 courant met my op 24 janu. v72s gesloten, gelijck al soo gebove

3524 2773 2456 88 bevinden sal van het drogett heeft bij mij claghten gedaen als voorleden

3525 2831 2479 160 fare a cottij wat, dogh soo val daer bj te moeten verloeten is drowigh

3538 2915 2458 122 want daer aen nochte aen andere goederen int minse niet te avrneeren is

3538 3030 2462 153 patientie dat de ƒ4:9 verliese, dogh ue d'andere pretentie is niet te

3549 3119 2465 183 peiyse hebbe de goederen den majouss. ue moeder altijt beter coop gesonden

3527 3229 2462 167 verkoght als an genant, & voor eenrge fauten, oft andersints heeft sij mij

3536 3322 2445 189 opllot van rekendnge caltijt hecort: daer coeese heeft ul gesondene

3529 3449 2425 105 assignatie betaelt, & de res chingil van  moede & die van ue lyn

3536 3550 2432 154 daer vooren gerediteert gelijck met mijnen vooorgen geschreven, tot ue

3547 3627 2449 184 naeright & waerin icl t eenigen aengenamen dint can doen versoecke

3545 3738 2079 176 te comanderen die naer seer vrindelijke groetenise blijve

5369 3802 480 195 Adij 18d:

3419 3838 1105 158 London rebecca heemitton & coosie

3555 3954 2442 155 iuk aengename van 25 pass O.3. wel ontfanghen, met advies dat ul de

3526 4038 2455 135 twee balen tijken N. 18,„ 19 wel waren geworden, dat mij lief is voorders

3566 4152 2360 159 volgens ue ordre, soo hebbe aen ue toegesonden de 115 us. tijsen ge

3348 4268 2647 131 schpper adriaen van grimberge, volgens het gevegaende bognostement

3561 4358 2425 144 sijnde opgepackt n N. 20. m onterende in wissel gelde ƒ1240:5-
