8413 4719
1068 287 2198 138 saecken verder open te maken, de schulden in te voorderen

1046 429 2186 139 soo salt gioodigh sijn dat ue sijne presuratie mij toesent op

1032 476 2229 191 dat goede betalinge doen g sal ul de voorss samme als van

1039 604 1650 181 remitteren waer mede ue graetenise blijvee

905 709 2368 235 polder den doel Mejouf de wed: le page Ady 10 april 1722

1074 899 2150 152 op 27 gebruu lest hebbe kan ue geschreven om de swee

1048 985 2332 188 sacken serwe die mij synde toecomende gtot nn niet vernomen

1029 1115 2376 148 waer over seer verwondert ben ue weetwel dat mij die recht verdige

1060 1195 2171 186 toecomen ick hebbe eimers met de betalinge van de paght

2396 1278 1019 142 geraeiliteert gris t ve leghte nempet

1058 1295 2296 172 pakentie gehart u daer um gverianen  de sencve

1086 1414 1158 67 datocl my soo righels laete

1025 1448 2357 141 wel ue maet daet geen gelt voor uyt geben gu fanckue e voor

1079 1525 2193 156 nu al langh gedoyen soo dat geen excusie hout voor den dagh

1076 1638 2142 195 brengen bidde andermael met desen van de toecomen

1072 1761 1876 189 weeke mij toe te senden al mij is comende quu

1070 1868 1425 173 afwaghtinghe blijven naer groetens

901 1952 2007 222 London phed pay aoe Ady 17 d 1725

1091 2099 2202 169 u n my seer aengenaeme van 23 meert lest PS. wel

1084 2203 2147 198 ontfangen dae bevevens remige voor st £ 100:- a 36:27

1085 2327 2174 193 ten laste henrij haydon tot brugge mij antweepen te betalen

1083 2482 2172 151 welcke om acceptatie sal versenden en verval dage de

1086 2595 2281 140 betalinge in voorderen que voor dis selfs weerde crediteren

1080 2698 2165 137 tis mij lief dat de bale N.5 met 136 stucken ue wel is

1106 2775 2186 196 gelworden ue ordre voor een andere bale sal peesste

1041 2895 2308 171 te gemoet hen waer mede naet dnst preentatie blijve

942 3010 2452 213 London man Bebecca Hamilton g coohe Ady 11dn

1115 3156 2290 174 us mij seet aengenaeme van 23 meert teƒ 65 wel ontfangen

1108 3283 2292 152 dae bij verneme de rek. courant sult exanineren niet twijfelende

1118 3371 2162 192 of u de selve reght sult bevinden & hebbe ue op miee pk.

1099 3521 2317 174 gecrediteert voor ƒ188:8½ wissel gelde hadde dieere van ul ordie

1125 3598 2225 195 voor tijlen al verwaght die ichter ge ue. eerste te gemoet pen

1120 3725 2214 182 voorders bedancke ul voor de goedthert die wel hebt gelieven te

1127 3840 2171 192 nemen om den make van het besset te spreken ick ben seer

1108 3960 2303 202 bedaght dat oo gelijck dien die hier hebbe niet soude uyt vallen

1126 4065 2291 189 & dan soude daer mede niets connen doen vermils nevens malse

1119 4218 2284 195 in deselve canmer moeten aen daer hebbe den selven doen uyt

1134 4338 2278 196 teckenen op den lijnen babautschen voedt q sende aen ue

1129 4453 623 137 die leekeninge

5851 228 156 100 168

3561 256 2458 139 hier ingesloten die gelive aen den werckman te geven de mate van

3562 369 2421 180 den grooten voedt van answerpen waer naer hij sigh gegeleren moet

3546 505 2434 163 slaedt benevens de uytseekeninge van het baffet is van rij stucken

3528 597 2471 154 die op malfanderen passen N1.2.3. hij moedt de lesten wel observed

3563 703 2416 197 sijn precies soe uyt getecken het loot werck moet voek het self ste syn

3559 804 2272 226 gelijck aen den gesonden beffet gedaen heeft hij sal dat noch wel

3549 924 2406 211 indaghtigh sijn van binnen moet besijden oock gemacht sijn dat

3549 1068 2376 150 men de bardens soo hoogh g soo lage can doen als men begeert dat

3568 1185 2309 197 seed gerieffelijck is de scheyf moet men oock connen uyttrecken

3554 1292 2441 209 sijnde dat inde reekening aen geweesen dinst om de wijn gelasen op te

3548 1430 2236 186 stellen & boven al moet op het houdt wel gelet woorden

3570 1499 2434 198 waerom den nature van het houdt oock is uyt geteeskent tis alles notelen

3553 1636 2463 146 hout, & als hij die soorte van hout niet leude hebben, soo waert beter dat den

3558 1733 2443 152 masier die niet aennamp te maken, tis schoon door aedert, & geloove dat

3552 1828 2325 133 het van den wortel van den boore gemaeckt is. de deuren gaen in

3544 1936 2353 128 viren open is altemael plat niet banden ingeleght hij is 1½ voet

3557 1985 2429 189 diep met hant &al, all de deuren toe sijn, de teekeninge op de tijde

3571 2105 2443 174 il hier oock benevens soo dat niet twijfele oft sal daer genoech connen

3549 2192 2470 184 uyt gerasien, & alles wel oblerveren, het notclaren hout moet ue hem

3561 2279 2398 187 hurtelijck recomanderen, & het waer seer noodtsaielijck dat ick hem

3564 2358 2440 218 desen brief int engels translateerde om dat hij alles te beter soode

3562 2430 2458 223 verstaen aen ider deur sijn twee trecksloten, boven met een lanckk

3553 2566 2431 173 achangenden eyter, met onder een copere bolleken aen, als hier nevens

3558 2679 2361 194 aengewesen oock gelijck van onder de platiens sijn oockk cooper de

3563 2792 2402 184 plaet van het slot van binnen ooc cooper gelieve voor den puys

3547 2895 2470 143 van den buffeet te accorderen, want den gesonden bifet heeft ver de

3540 2987 2459 161 £24 st gelioft hie sijnder twee gemaeckt opt selfde fatkoen voor

3549 3111 2287 198 ƒ240:- de wee courant gelt maer het houdt is soo schoon niet

3561 3198 2452 178 recomandere ul de sorge, & waerin iue eenigen aengenamen diust

3559 3283 2446 202 can doen, gelieve te disponeren van die met de uyterste affectie

3553 3449 339 131 blijve

3475 3473 2364 276 e le jouf: marge suyers Ady 13 april 127

3590 3679 2192 170 sende aen ue hier Engesloten den tagelbrief van comelis

3575 3750 2379 224 dinckkens met het behoorelijck acquit van mer. Brockmans

5847 3858 165 93 ptel

3589 3887 2409 146 hebbe de oude rek ue gesloten waer mede naer coisial oet

3563 3997 2110 121 D aenstonts hebbe a J acobus vander stappen de ƒ2000:- betaele

3472 4053 2162 163 Busxelles mons: Aephans Rousseau ady 15 d 1722

3595 4139 2375 149 J'ay l'honneur de la vre du 9 courent y jant une lestre de

3597 4259 2260 167 change de ƒ350 de change sur mons: & cke que ie vous

3592 4378 2412 127 renvoye ucceple j'ay paye z vre traitte de ƒ365: de change
