8385 4726
1048 291 2329 118 mijn keer dhr Jacques de laknoij heere van hwijndreckt mijn schoen

1055 351 2317 115 vader is debete aen wijlen jouff de wed, Jacques proes en franc. goes

1046 422 2368 106 tot ostende vijf pouden sestiien schellingen & acht grooten vlams wissel

1050 508 2204 131 gelde volgens gesonden ick door haden voors sous fran roes

1062 605 2278 112 naer de doodt van syn moeder, men seght ditto frante droes present

1055 644 2281 157 tot brugge wondt bij sijnen broeder, is eenen canoninck & terwijlen

1062 759 2238 156 gevne sijn schult soude quyten versoecke seer vrindelijck naer

1054 867 2286 128 voor frans groes te informeren & de voors somme te betalen

1047 968 2330 112 & daer van quitantie in te trecken dat hij benevens sijnen broeder

1059 1073 2280 83 dh canoninck bekenne voldaen te sijn van het selve slat van

1062 1113 2184 130 van rek. & van alles verhopende ue dese goetheet sal hebben

1068 1224 2286 129 & waer in ul: oock eenigen aengenaemen dinst can doen geheve

1072 1285 1732 183 te comand du naer seer minsam groet Blijve

1078 1376 2042 176 Ingesloten een wissel brief van se £100:- ten laste haydon

1073 1466 2192 172 & vermits sijn anqueroet addres biy 5: richard Taylor gelieve de

1087 1591 2025 120 acceptatie te bevoorderen & by faute te laten profesteren

1094 1661 1982 142 & mij weder te senden is binnen antwerpen te betalen

2584 1651 610 176 Adij 25 mars 1724

896 1698 778 183 London ak John Tatnall

1084 1788 2045 156 p 18 deser was aen ue mijnen laesten daer benevens facture

1083 1893 2322 122 &rognossement van eene bale inhoudende soo ps tijken & gemerckt N°43

1094 1934 2202 131 monterende in wissel gelde ƒ 1096:3 voorsers referrere mij aen den selven

1081 2029 2147 154 seders become ul seer aengenaem van 2 deser C. 5 daer bij bevinde

1094 2146 1174 121 remises voor se £280: te weeten

1079 2163 1989 198 t£100: a 35: 3 en op pedro van diest welcke is geaccepteert

1215 2271 1585 121 „ 80:„ 35:3 en op amandus genbreckts tot brussel

2784 2279 634 161 die om accept. hebbe versonde

1222 2353 1566 105 „ 100:-„ 35:5dt op haydon mes adves by ricad saylort

1091 2409 2320 155 iak twijfele niet eens oft ue remise op francisens kint die op 2 april toecomen

1087 2510 2242 116 N. S. vervalt promt sal betaelt worden dat sijn gevallen daer men mets

1108 2575 2316 136 tegen van weete wel dat het ue schult niet is dat de brieven geprotester

1107 2679 2314 132 worden dat sijn gevallen daer men niets tegen can & alles gaedt noch

1108 2743 2313 123 wel als men daer by niet verliest haydon is formeel banqueroet & sal

1110 2865 2306 101 van groote pousiderabele sommen sijn wat aengaet de prijsen van de tjken

1114 2934 2280 107 connen niet lager comen dit jaer als de bale N43„ & tis te beduchten

1106 3049 2234 88 tot die prijs niet meer becomen sal echter sal altijdt mijn uyterste

1118 3055 2285 163 beste doen ue intrest als eygen te behertigen daer u genoghsaet

1116 3169 2289 149 de preuve van heeft & waer in csi eenigen voorderen aengenaemen

1096 3248 2050 162 dinste can doen gelieve te comanderen die naer seer

1124 3365 1106 164 vrindelycke groetenisse Blijve

2756 3418 573 157 Adij 27 meert 172t

927 3463 1076 164 Brugge pauven van saentergen

1124 3509 2292 159 118: aeng 24 deser wel ontfanghen daer bij de retour den wissel brief

1138 3619 2221 133 van   1oo: ten laste reydon de retoer niet behoorelijck protest

1132 3708 2283 137 & door taysor geaccepteert ter peren van den trecken ul gelieft

1131 3769 2289 141 te seggen dat ue voor 4 s soude crediteren voor het protest dat

1123 3885 2285 142 tot laste van mijn vrindt met moet comen, & den acceptant is

1138 3947 2182 176 geobligeert het protest te betalen darom gelieve dat van

1143 4062 2257 119 voors tayser af te vragen & mijne ret te ontlasten dat

1105 4143 2309 140 di versaeke is, desen darom aen ue schrijve & sal voordaen

1139 4238 2160 123 met verlangen de quitantie van  £5-16.8 afwaghten

1127 4314 2258 169 door d'heeren raet geteckent als p mijn vooregen genoteert

1137 4404 1639 155 waer mede naer hy gee groet blijve

5244 240 828 135 Adij 29 mars 1724 a 36

3452 276 1460 125 lndon d'heeren John schoppens & yo edwards

3562 343 2423 155 181 mij seer aengenaem van 3 janu & 3 febou pass sijn mij bij sijde wel

3573 419 2509 107 geworden bij den persten eene inbeggende form van procuratie tot versoep van mjn

3584 522 2492 118 seo £500:- oostindische procuratie & met den laesten advies dat ue op pma lebrie

3580 599 2392 107 pass ontfanghen hadde het divident van 7: judia comp actie a 4 xto

3588 681 2502 102 vervallen 25 xber 1723 waer vooren ue op nuwe iek gedebiteert hebbe in £ 20:

3594 737 2368 148 conforim ue ordre voorders soo hebbe d'eere van ue te seggen als dat

3596 810 2489 147 geraden gevonden hebbe mijne st 800 oostindische comp actie tot amstd

3588 914 2487 86 te vercoopen om dat dichter bij de kant is om advies over & weder te hebben

3574 971 2499 121 & dat oock avantagieuser is gelijck het gebleken heeft vermits mijn corresponder

3577 1061 2502 88 d ffrancisis Crousseau de selve versoght heeft op 30 april naest comende

3580 1130 2394 157 te leveren binnen london a 150 pr volgens sijn advies van 27 deser uyt

3574 1220 2512 123 amsterdam die mij versoght heeft ul: daer van comnisse te geven sal aen

3585 1303 2519 144 hem mijne procuratie senden & hij sal aen ul schrijven aen wie die £500:

3577 1402 2355 144 te transporteren, mits ontfanghende eerst het capitael dat beloopt

3574 1465 2523 159 seven honders & vijftigh ponden sterlinx biddende op alles goede sorge te dragen

3584 1582 2493 116 & niet te transporteren voor dat die somm ten vollen sult hebben ontfangen

3578 1660 2461 116 ingesloten heeft ue de signature van voors p francisio rousseau om de

3572 1736 2460 117 selve te connen confronteren als ul sijn brief & ordres sult ontfanghen

3571 1796 2437 162 dogh wat hij ul soude schrijven van iets minder te ontfanghen int

3592 1899 2502 139 papitael segge absoluet niet te transporteren voor dat ul: de volle somme

3589 1988 2368 120 van seven honders & vijssegh ponden terhux sult hebben ontfangen

3592 2070 2495 173 tot ul: governo als de procuratie naer amst sal senden aen dhe rousseau

3564 2168 2515 114 die de selve aen ue: sal in sijn brief lasen toecomen sal ue mijn advies

3555 2264 2535 108 daer benevens senden & van ue verwaghten te verstaen den uyt val van

3572 2348 1709 125 den aet waer mede naer seer vrint groet blijve

3420 2411 969 163 Amst dh. francisio Pousseau

5234 2447 619 124 Adij 30 meert 1724

3600 2481 2375 160 ƒ6: mij seer aenge van 27 deser wel ontfanghen daer bij advies als dat ul

3431 2576 2645 153 mijne st £500:- ootindische complaetien in Engelandt a costij vercoght hadde a 150 8

3575 2710 2440 135 te leveren op 20 april aentaende dat wel is hebbende gisteren vna ostende aen mijn

3594 2762 2483 108 correspondente d'heeren joen choppens & jo: dwars in london daer van Pannisse gegeven

3597 2865 2359 146 & alsoo die actien op mijn naeme geboeeft sijn soo sal mijne procuratie tot het

3584 2932 2433 159 transporteren gereedt maken & de naeste weeste ue toe senden in een brief

3590 3034 2470 102 aen voors heeren jokn choppens & Edwars om de selve se transporteren aen die

3606 3133 2418 132 gene as hem sal gelieven te ordonneren dogh ul moet weeten dat de volle

3598 3214 2495 140 capitale somme die te samen bedraght seven honders & vijstigh ponden terhirx

3597 3291 2454 140 voor het fransporteren tot london moet betaelt woorden volgens d'ordre die myn

3595 3346 2395 134 Proeder pedro aen ue gegeven heeft tot den versogs darom moet ice aen

3584 3445 2522 116 de loepers subx adverteren want souden sonder dat niet getranporteert worde

3598 3523 2498 161 hebbende aen mijne vrinden wel dagdelijck geschreven dat sij de voors & 600t

3598 3603 2489 147 aetien niet en souden transporseren voor dat sij de voors capitael comme van

3600 3682 2480 152 seven honders & vijftigh pouden terleux souden ontfanghen hebben tot aen

3599 3793 2457 118 governo het is seer sleght dat uk soo cuntert om het restant van 1

3624 3879 2482 111 tackman te besomen daer s ackersoom nu soo langh a costij is geweest

3607 3967 2502 117 bidde van geen sijdt meer te versugmen want soo de schepen uyt chipa comen

3593 4040 2450 115 te arriveren soo sal aeversoom wederom naer ostende reysen & sonder hem

3616 4132 2425 123 sult niet ten reghten comen dat ul mijne penningen conde smpeoyeren

3621 4229 2437 87 tot een sevilen intrest soude mij aengenaem sijn sijnde de wissel te

3589 4303 2303 108 te schadelijck om die de trecken ul antwordt op d'een g alander

3625 4398 1565 133 afwaghtende blijve naer seer minsaeme grae
