8392 4706
836 267 1394 140 Brugge d'hier laurenie van kentergen

2448 253 782 110 ady 23 xbee 1725

1066 326 2230 122 op 17 deser was aen u mijnen laeten waer aen mij gedag

1043 399 2314 122 sedert geene van ue ontfangen het pack tijcken is opgepacke

1022 483 2293 116 dogh hier is geene ocasie om te versenden vermits geene glnetsche

1030 537 2317 173 waghens comen om dat te hoegen in praclicabel sijn soo dat het

1047 623 2312 132 wel naed n jaed sijn sal ees dat sal connen voors gesonden woorden

1041 699 2317 136 g vermits met mijne trekeninge seourant oolangh niet waghten can

1049 768 2284 148 soo gelike de selve mij aentens soeke, endens ue is gecrediteert voor

1028 831 2348 119 de son, oft op de lak castevellen ƒ ƒ21:11:3 wisel geloe de niett o

1040 904 2237 155 dan eilo toet waghtent blijve naer u gelvent & hebben een saligh

1048 989 1590 121 hooghte, dij & naed seer vandelijcke graetenis

2654 1046 495 168 Adij 23 xber

862 1088 856 169 brussel wed: Van Cinthout

1022 1150 2166 233 tot antwoort op ul aengename van 20 deser segge, dat het mij

1035 1305 2220 163 onmogelijck is de calfsvellen minder te geven als tot selt hoen

1014 1366 2308 221 stuyvert & twee oorden, om reden met mijnen voorigen genoecht aen

1025 1460 2306 196 vermelt, & vermits ul: het oordt minder maer geven en wilt soo

1040 1576 2285 196 ist dat volgens ul l'ordre ue: tolbrief weder senden moete, die

1024 1657 2229 219 dan hier ingesloten te iyge sende, sijdt versekert dat het van

1026 1775 2218 187 het adder veste goedt is, groote roote & soo schoon & laght als

1034 1883 2193 190 noch oyt gehadt hebbe, dat het doen coste ten quijte ul noteert

1020 1964 2274 213 tijdt verleleert ul tolbrief niet weder tenden soude gelieft ul

1044 2058 2289 195 te resolveren ten prjse hier vooren vermelt soo moedt op ontfang

1008 2178 2303 187 deser advies geven, want verwaghte loijden van andere gewesten

1019 2303 2297 217 & somtijdts soude ul ordre te laet comen, & den soude ue bij mj

1029 2400 2257 182 nochte bij een ander geene goederen connen becomen, dit tot ick

1044 2519 1554 191 naeright  blijve naer odiale groetenisse

2430 2622 791 158 ady 24 xber 1725

865 2627 1069 166 London Jscques Bian de wille

1078 2734 2290 151 cess aengenaeme van 27 pass 6.5. wel ontfangen daer benevent

1072 2830 2275 145 mijn rekeninge courant waed bij mij is comende  £47:7:6 en

1065 2902 2314 141 dat d'accvorts hebbe bevonden de selve net geloten, op uen helven

1066 2993 2305 112 de voors somme ul gedebiteert ben seer verwondert dat ue eght detwj

1069 3073 2306 127 resserende bespocken balen talts vellen met. de Biedder sult verenden segge

1079 3166 2236 133 andermael die voor mijne rekeninge in dit lesten niet tegen mijn

1087 3230 2221 151 ordre is genoch by tijde geweest om di te connen voltrecken sven niet

1079 3282 2303 191 geobligeert. die goederen baenveerden by tijde als het aen m prise soude

1083 3385 2298 169 geliven derhalven heb sie aen e prise maer te laeten want di alet

1086 3480 2302 115 niet en begene tegens het voor saed sal ue mijn ordre biy tijde senden dit to

1086 3537 2285 154 ue naeright ick heb mij het te beslagen wec de gesondene bale om dat de

1074 3635 2307 106 oe exoubitant swach syns de coopers willen daer niet aen daer bij somen

1074 3692 2301 155 deerde van incoop j ooch een hooge wissel soo dat te vreesen is dat sante

1066 3763 2303 190 profijt sal moeten vercoopen & wilt prise siyn goederen soo hoogh in pys

1086 3849 2156 149 hauden tgeene leyntere vellen leveren soo sal sijn gaedt sigh selfs

1090 3929 1461 134 verbieden waer mede naed gwetensheb

2311 3999 861 146 adyj 24 abre 1721

861 4030 1008 136 Leuven mons steven de wille

1111 4059 2209 183 in lange van ue niets vernomen desen om u te laten

1087 4169 2294 127 weeten als dat op gisteren hier eene bale versche engelsche salft

1086 4262 2248 132 quoole oo hebbe ontfangen ick hadde 3 balen georonte

1056 4330 2319 165 dogh maed een becomen om dattet in ingeliandt gien me

1073 4440 690 111 te becomen waren

5850 220 113 86 188

3566 285 2296 118 ldheer Elius hys oock maed een tale soo datter maer twe hiel int

3549 355 2293 99 handt sijn comen mechelijck hooges un priss als de voorige om dat die in

3565 388 2406 145 Engelands duerer ingehoght sijn & men schrijft mij noch hoogen tegens

3550 469 2248 150 het voor jaes ijn sullen dese twee balen sullen heeft verkoght sijn

3524 542 2337 168 daerm ac die, wodigh heeft soude cito moeten boedcomen tot ul

3554 643 2301 134 naereynt de vellen sijn soo schoonn goedt als men die coude somen

3558 684 2138 149 wenschen waer mede naer ue vrindelijcke graeteniee blijve

3997 767 1680 176 geleve aen mons saly hier van hennissel geven

5126 810 838 171 a1de 24 sebed 1725

3416 876 1362 170 London mad: Hebeiea Hamilton pack

3575 976 2358 167 op 10 deser was aen ue mijnen laesten waer aen mij gedrage sedert

3553 1049 2272 161 gene van ue ontfangen  noctans diferente posten van colt syn

3525 1110 2394 142 sijn aengecomen wald mede remises verwaght hadde ie ccises op erue

3547 1171 2416 173 te gemoedt sien de soops geordonneerde tijcken sijn op 19 desesal op gepaes

3536 1264 2423 162 gehreef dogh hebbe de vale niet connen verenden om datter geen wagen

3521 1324 2442 234 van hier op gende geweest sjne seynde de wegen onbuuyckbaer door aen

3533 1408 2374 183 voor den memguictdegen negen & nat weder soo dat del vale hier moet

3548 1499 2338 209 blijven tot dat het wat geosen heet dat de wegen kort sijn dat

3539 1558 2423 231 npeant her sal wesen sal geent oeory laeten gaen

3555 1644 2382 237 maer & eerste daer vvan prositeren waer op moeght versroeckeen waer

3564 1788 1376 158 mede naer seer vrindelycke giwetenisse blijve

3426 1810 2324 262 Brugge d'heed Laurene van Rentergen Adij 20 ƒ3:1725

3546 1910 2426 245 beyde ue aengenaem van 25 jst courant wel ontfangen met de

3566 2004 2395 261 lersten mijn rekeninge coment de naecherigh geexamineert hebt

3548 2109 2425 234 gdaer 3 ceyne crreitties in bevonden oncossen op 1 pack sarges in dat

5076 2222 889 180 ƒ88:13:9 moet sjn ƒ86:13

3535 2281 620 150 27 Januu ssels

5762 2323 212 136 „37:111

3554 2331 1984 201 op 21 april oncosten op 2 balen alfo vellenteltus ƒ 37:10:3

5071 2422 903 133 „5:13:6. .. „5:7

3553 2463 1010 174 op 2 julij oncosten so het cofer

3550 2502 2384 185 de aest is alles wel hebbe alle de pesten met u gesondene oncost rekeninge

3548 2593 2272 166 noet geien soo dat ul chereijek abuysheeft doncossen op het offe

3557 2638 2388 249 waten £5:0:10 nclans is ƒ5:7: wissel gelde soo sende u die rek

3549 2787 2420 160 te rugge versoeckende de selve te conigeren fmj te negge te senden

3561 2853 2413 187 om te connen shuysen ul compt  sald ett ƒ21: dis let ul naerigh

3554 2931 2422 210 het pack sijck en can onmogelijck niet versenden om datter geen gendet

3555 3024 2411 199 wagens sijn & de bale calfsvenen is mij wel gehworden wensche ean

3567 3105 2388 196 aenstaende saligh mns jaeo verveelt met alle redenckelijcke benedixtie

3556 3277 879 128 & poete ute van heeten

5060 3249 815 208 Adij 29 gbre 1721

3447 3351 1434 136 Brussel de Zed: Michil van Sinthant

3565 3385 2408 192 melrieff: in gevolge w aengenaem van 24 dsessoo hebbn de bale

3546 3489 2418 159 satsvellen heden ser wage gesenden om gewogen te vwoorden weeg

3548 3589 2317 180 als volght t hied ingesloten het waegh hiefe hebbe de selve

3571 3720 2277 139 aentens wederon doen op packen & sullen p eerste beut schip

3544 3774 2429 168 at over morgen vertreckes sal u tol geeen en oorden in eee bal

3571 3883 2074 170 gemerckt :ML gelive miy le prediteren als volght

3553 3961 2409 186 op 29 xber 1721 eene bale safivellen niet st dousien wegen net te

3557 4056 2408 161 ƒ780 a 10 ½ .. ƒ6¼5:10 wissel gelde cons haed onttang van

3582 4174 2386 134 ue brief quame i dijenen te schoenmaeckers om de vellen & coop

3584 4238 2269 177 soude noch wel wat meeu e vood gehadt hebben hadbe die hier

3579 4336 2231 159 willen laeten volgens soo is vood ic an geluck gehoeeft
