8207 4692
2367 215 882 180 Adij 8 Janu 1708

745 227 1115 181 Am Jvand Rousseau

921 307 2382 172 eet mij seer aend. van 16 pos & 4 deses wel ontfangen, met den

913 419 2375 209 eersten mijne rek court: waer bij ul is comende £21:10:2 e

919 493 2361 190 holl coutt dat alsoo d'accordt bevonden hebbe & ul op niau

924 589 2373 205 Rek: daer vooren gecrediteert, dat niet eerder geantwoort het

915 689 2370 210 is, om dat d'occasie niet hebbe connen restontreren die

907 824 2368 183 saerde u te remitteren om de lijnighyt der somme

901 893 2359 209 sal heden noch devoiren doen, atsoo het mogelijck ul

911 1015 2364 192 seus denevens senden met u laeste soo hadde op mij

933 1128 2339 219 getrocken, voor Rek van dheer er broeder stephand

828 1212 2497 186 £1509e die ter presentatie sal verceren, als mede tgene

936 1293 2403 265 ce noch voorders sal trecken tot de £5001-  asbrod

921 1396 2330 241 voors: daer vooren belasten, & ten se ul alle geluck

907 1502 2402 229 t benedictin, soo voort tijdelijck: als ieuwig indesen

904 1619 1935 240 oopende jaere & groete u van herten

827 1749 2418 268 Brugge D: van Rentergen Adu a 720

926 1894 2344 232 uel aeng. 6 deses wel onfangen, daer bij verstaen het

933 2028 2295 207 arrivement kan Lucas groebane, waer in voor mij is

946 2149 2270 206 geladen alnoch eene bale salfsveleen, N.A. welcke

938 2224 2408 243 geleve te verslaren, voor  750 swaer & ƒ 525: weit

943 2331 2332 192 hier ingesloten de toree noodige, cnicatien, ick vreete

906 2399 2385 235 dat ditto schipper van de gepasseerde stormen, soude

945 2533 2343 223 connen geleden hebben, daerom mag seel eens na gesien

945 2632 2341 183 worden, oft die bale niet nat p geworden, soo sijnde

931 2703 2368 220 soude moeter geopent worden anders met doet dogh

931 2813 2355 193 devoiren dat de trree schippers op het spoedigerine

946 2928 2357 226 Crrewaert comen & alhoewel den versternomen is

948 3021 2343 202 soo hope dien wel int cort sal lesteren & de traters

962 3126 2397 207 navrgatie sullen wesen, de bncost rek benevent mijne

963 3240 1405 223 Peke court sal verwaghten

980 3324 2248 202 bedancke ul voorde genomene moyte ontrent het

978 3437 2318 199 besorgen, d'acceptatie van £75:17:8  die berugge

966 3551 1852 214 hebbe asi van lesten groetende blijve

2582 3640 660 181 Adj d1720

771 3664 1189 192 Turnhout devred: Robert

969 3766 2240 213 e aeng. van 3 deser &de ontfangen, benevens hot vlay

986 3869 2265 182 waer vooren ue bedancke, daick is niet omgesien om de

966 3956 2279 200 ƒ78:- courent te ontlanghen, het gelt heeft vereedt

988 4048 2280 228 gelegen hij is heden niet over gesomen, soo gelieft hem

982 4145 2379 221 te seggen dat hij toecomende vryde 4 smergens compt sal din

989 4275 2362 147 ue cassignatie voldoen & het stuck lijnwaert sal laetn

1012 4338 2351 196 leggen, tot dat ue: daer van disponeren sal, rran c

3509 156 2479 223 daenst an doen geluve te geonden, die naer srindelyke

3527 272 972 236 poetenisse blijve

3488 389 1100 226 aen frans. Rousseau

3501 410 2507 275 ingesloten remise root ƒ 129:1 hee  makende £21:10:2

3509 540 2478 264 holb. court ten laste Com: hogerwoert & soon op 6 dagen dato

3496 650 2434 247 waer vooren het noodig gelieve te besorgen & sal dienen tot

3506 792 2389 258 slot, &ant gene ue p saldo van rekeninge is comende

5136 874 826 193 dy 12 Janu 1720

3390 944 870 217 Turnhaut Csanen

3525 992 2512 271 se aend. van £ & 11 deser wel ontfanghen benevens de 126 ps tij ie

3533 1160 2221 179 sdaeren vooren N Creditere in wissel gelde als volght n

5437 1217 486 153 ƒ 392:10

4946 1242 351 161 ƒ13:11½

3668 1268 796 158 50 I groot loodt

5454 1305 482 154 „ 298:10

4984 1353 331 135 „ 9:19

3676 1377 607 146 309 3 segels

5002 1400 916 177 „9:19 „ 99:10

3683 1422 740 251 10 t groot &oodt

5452 1506 340 116 „360:

4992 1517 245 162 „12:-

3671 1569 617 206 30 1¼  segels

5451 1594 503 154 „ 36:10:

3790 1596 1476 283 d segels moorkens roote ied „ 14:-

5464 1711 477 209 ƒ1216:10

4485 1798 1447 232 af 3 p volgens accoordn ƒ36:10

4747 1932 1132 183 d. A nitto i elƒ 1180:

3526 2014 2467 242 waet Jan geleve te disponeren & dene assignaie te senden

3542 2146 2412 207 sal die prompt voldoen, hebbe die tijk ue in strepen wel

3534 2245 2483 216 bevonden, soo die qualitydt wel is salue profitabel

3524 2323 2500 290 sijn, daer de gareuve van mijn rindt moet afwoghten

3515 2467 1693 240 maer mede naer groetmisie blijve

5187 2560 821 201 Adij 13 janu 1720

3414 2622 806 216 London J: Girgoe

3570 2688 2370 239 us: mij seer aend. van 18 passoo 3 wel ontfanghen, daer

3562 2807 2446 203 beneven ordre 3oor 120 ps tijken ord. brelde etmalle strepen

3571 2836 2483 244 oock een staeltien van Clijne Strepies roodtt miet, die Clijne strepus

3555 3001 2461 173 worden op provisie niet gemaeckt, maer bij geluck  dermits

3565 3075 2399 217 eenide op mijn visie hebbe doen maken hebbe ue daer

3569 3150 2477 242 mede connen bedeenen & sijn die 6 ps met de 8 20 gedot di'tsamen

3566 3237 2482 272 opgepackt in N.11. & gistren op brugge versonden, met addreo

3581 3364 2392 214 aen dheer : Jan rentergen, waer van hier ingesloten de

3554 3491 2347 243 de kauture bedragende in weseel gelde. ƒ 1489:1½ niet

3567 3565 2488 240 twijfelende, oft dese goederen, sulln u vergenoeginge geven

3584 3655 2447 252 ick hebbe veele vande Clijne strepus, soo van blauw voit

3577 3781 2449 200 als rood. C wit versonden, het goodt can niet hooger van

3588 3839 2379 307 couleur gemaeckt worden als ue staelen want de verc

3593 3986 2480 212 soude al te veel costen7& dat souden die tijhen met connen

3552 4046 2480 304 draper gelieft ue eene partije soo gelijck ue stael is oock

3584 4195 2434 254 blaus &vrit, soo moete spoedig ue: ordre hebben sijnde
