8406 4733
1076 293 2217 139 te betalen de somme van £: en sterlivx & van hem daer af

1045 422 2302 140 quitantie te vraghen sal ue: daer vooren crediteren volgens de cours

1061 530 2359 129 van de wissel waer mede ul: antwordt afwaghtende blijve niet presentaie

1050 589 1187 184 van dinst & naer seer vrind, groot

1289 692 1632 193 srotitie van de prijsen gelijck die nu besomen can

1307 828 367 160 43 segels

1860 843 352 158 a ƒ 12:15

1933 950 274 110 „10:15

1285 938 438 118 Jj graet loot

1903 1046 300 105 „10:15

1264 1020 358 171 p3 segels

1259 1128 952 156 4 groot loot.. 18:15

1060 1186 2325 229 met 2 pr rabat voor contante betalinge soude myne devoiren doen

1061 1329 1360 176 om een ƒ1 oft 2 p ps minder te becomen

1042 1450 2249 109 P.D den notaris selpelk, moet noch eenen aet maken waer vooren noch

1059 1545 2172 144 betaelt moet worden soo gelieve hem te betaelen t gene sal vragen

1053 1634 2076 164 als het deswee pouden sterlue niet en excedeert & gelieve sijne

1059 1755 1670 143 quitantie af ie vragen & de selve my toe te senden

905 1793 999 204 sendt d'r. Anter  heguderyen

2462 1838 614 128 Adij 11 xbre 11723

1045 1939 2201 136 heden besom de retour het wissel briefie van  £100:- a35:4 en door

1035 2018 2220 172 dh abr: crop uyt londen getrocken op 20 sbre 8.S. op 2 asos tot ul

1060 2103 2261 175 lasse niet behoorelijcke acceptatie ten verval dage te betalen ten

1045 2223 2302 111 huijse van d'h pedro meulenaer daer bij oock een protest waer inne

1037 2328 2249 178 onder andere staet als dat ul den brief vereerde ter geren van

1058 2430 2202 171 den treckes & dat ul: de weirde op 18 des voorlede maendt aen

1055 2525 2314 147 seri melijn geremitteert heeft dat vervolgens aen mij soude moeten

1066 2642 2193 141 geweest hebben & vermits d'eere niet hebbe van ul te kennen

1036 2761 2324 128 veel min eenige van ue: misve oft remises ontfanghen te hebbben

1060 2813 2306 158 doet mij vermoeden dat den notaris de backer al: gelaes met wel

1064 2920 2321 186 verstaen sal hebben & suponere dat ue: aen hem voor antwordt

1053 3024 2250 191 sal gegeven hebben dat ul op 18 past. de weirde geremitteert

1059 3132 2215 176 heeft aen hiM n L. voor wiens rek den voors wisselbrief

1072 3223 2259 211 getrocken is derhalven neme de libertijdt van desen aen ue te

1043 3332 2360 203 schrijven met versoeck van mij te intermeren hoe de sake gelegen

1082 3446 2313 198 is & en das dat het profest gescheedt is ten regarde van RM

1083 3548 2193 199 in ½ gelieve het profest te doen veranderen & mij te laten toe

1058 3660 2235 187 comen om d'oncost te reccipereren diere van ue aengenaeme

1059 3756 1973 212 cito te gemoedt siende blijve met presentatie van dienst

2764 3850 492 154 Adij 18d

913 3902 1160 181 Gent Brans de Backer Aotaris

1083 3954 2268 190 op 13 deser hebbe te rugge becomen den wissel brief van  £ 100:-

1063 4096 2326 130 ten laste Lo Ant: cheijndrijck daer bij een protest door ue: gedan

1082 4133 2341 192 waer inne geintereut stadt voorantwoorde, dat ditto h: de weirde

1066 4248 2322 203 op 18 pass mij sodde geremitteert hebben dat mij seer wand colijcke

1070 4365 2250 172 voor quin, echter conde wel considereren dat het een mise lagh

3565 255 2500 122 van ul oft van ue schrijve wat, waerom aenstonts aen t heyndry

3553 353 2477 137 daer over hebbe geschreven die nij geantwoort heeft dat het een abuys

3570 428 2447 138 wat door ul begaen, & dat kan ul het protest soude wedersenden, omt

3555 507 2473 202 corigeren t gene ul hier ingesloten sal vinden biddende op ontfangh

3569 627 2459 172 deser dat t veranderen, & morgen op 19 deser mij te rrigge te senden

3561 739 2467 171 op dat op woonsdagh toecomender naer london can versenden, dit van

5372 823 637 181 Adij 20 sber 1723

3578 843 872 171 ue afwaghtende blijve

3492 944 917 176 Rijsel de lancoy de la Baiere

3566 1015 2402 160 J'ay receu en son temp les tres cheres vres, que vous m'avez fait l'honneur de

3579 1139 2428 148 m'escrire le 23 passe & le 15 courant, p la premiere avis, que vous aviez tire sur

3577 1251 2415 150 moy ƒ960:- de change a  de date, payable a l'ordre de me Tous mostincse

3580 1305 2546 186 de mesme p la derniere ƒ972:- de change, a l'ordre de marcq Antoine

3569 1430 2424 162 pBregeaut a de date, les quelles j'aj payez a la presentation, & vous en

3573 1563 2483 105 ett debite. ie vous suis bien oblige, de l'information, que vous m'avez bien

3567 1660 2449 133 voulue faire, touchant la maladie qui regnoit en sitois, ncon seven est

3570 1726 2449 170 partie, & a pris la route p mons de sorte quil ne pourra avoir l'honneur

3550 1812 2475 196 de vous venir voir, si non, qua son retour. ie me suis bien doute, que mons:

3581 1934 2437 143 de swijndrecht, n'auroit pas fait plaisir a les parenteet il en fait encor

3569 2033 2512 160 moins a moy, & a la fille ma comp. son plaisir consiste a nous chagriver

3587 2120 2362 175 ce qui cauze, que madame ne le va voire si souvant elle fait rilles

3574 2230 2333 172 compliments a toute la famile, comme moy qui a l'honneur d'estre

5301 2322 443 183 Adij 20 d

3495 2325 673 179 London John Atnall

3578 2488 2427 140 op 13 deser was aen ue mijnen laesten, waer aen mij gedrage, sedert van ue

3579 2619 2384 120 niets vernomen, desen dan alleenelijck tot geleyde van het Engesloten

3575 2676 2302 134 postest op ue: remise van p £100:- a 35: 4 et ten laste Antone

3587 2774 2493 135 heyndereyere tot gendt heeft evenwel den wisselbrief geaccepteert, ter ceren

3585 2884 2411 127 van den trecker, & twijfele niet, oft sal ten verval dage promt betaelt

3594 2973 2474 177 worden, ue moet dit protest aen m abr: coop ter handt stellen, & don cotta

3588 3100 2449 138 tant selve hem bragen, bedragende in wissel gelde ƒ 1:4: waer vooren

3594 3220 2449 132 ue gedobsteert hebbe hebbe noch geene occasie gehadt om ue: andere

3603 3336 2345 119 remise van  £57:- a 35:5. om acceptatie te versenden, ue

3595 3411 2414 173 antwoordt op mijnen voorrgen cito afwaghtende blijve naer seer

3557 3532 884 168 vrindelijcke groet enisse

5095 3576 804 176 Adij 25 sbre a723

3511 3634 1292 176 Lille mons: de Lannoy ee la Racere

3634 3744 2394 161 J'ay receu l'honneur de la sres agreable vre du 23 cours y joint

3598 3860 2356 199 quatres remises sur amsterdam a la charge de mons: quilleaame

3591 3994 2422 168 louis de surmont puacune de douze cons sus argent de bancque

3593 4098 2367 182 faisant ensemble quatre mille huit cent  les quells j'ay

3625 4194 2469 185 aegosie aujourdhuy a ½  de vre avance de lorte que je vous

3607 4352 2496 112 en at credite en argens de change pour quasre mil suit cent

3611 4447 2305 90 dingt quatre florins ce qu'il vous plaira d'anotter de
