8385 4733
842 310 2248 117 Bruxelles mons: advianus van den diessche ady 11 meert 1724

1037 357 2284 131 ul: aengenaeme van gisteren door de bediende van de diligentie

1027 455 2389 129 desen uoen wel ontfanghen waer op tot antwordt segge als dat over

1046 544 2366 172 langh de sargie negotie geguiteert hebbe & mijnen vrindt moins.

1043 634 2219 122 advianies uythoven in de selve gestelt & alle mijne goederen

1022 754 2337 145 over gelaten dat een man is die altijdt superabondant van

1035 813 2400 166 goeds bij sigh heeft doedt in alle sorten van stoffen als akesaegen

1012 961 2356 133 van alle couleuren faillie stoffen sarges drogetten perpet.

1021 1031 2343 108 soo danigh dat bij hem van alles ul gerieff soudt connen

1038 1112 2329 129 vinden woont hier inde pier pos traet in het danbert hebbe

1034 1205 2324 148 hem e brief gecomumceert dogh heeft de gevraeghde ps

1030 1325 2366 143 sarges niet gesonden om dat bij geene van het marck van

1043 1393 2346 141 de starre heeft gelijck iul bij mij is gewent te hebben heeft

1038 1477 2334 130 ven wel schoon goedt bij van andere marcken soo ul van

1031 1577 2341 173 sijne sorten gelieft sal ul die stacken wel senden voor eene

1036 1691 2316 174 preuve & als ul tegens passchen gelieft over te comen

1045 1755 2392 167 bidde by kee eens naer te gaen ben wel verschert een sad

1052 1834 2362 179 uytmuntent gerief sult vinden van alles dat al noodigh

1044 1959 2195 146 heeft & daer c affairens in besraen & alles tot seer

1028 2026 2407 181 sivilen prijs soodanigh dat al ten uytersten conten sult sijn

1031 2155 2273 178 & ben versekert u mij voor sijn adies bedancken sal

1049 2215 2376 197 & ten respecte van onse oude correspondentie soo en eeigen

1054 2304 2275 183 aengenaemen dinst can doen gehen te comanderen die

1056 2443 1459 146 naer seer vrindn groetenisse blijve

2769 2411 432 210 Adij 13 d

879 2547 863 159 Brussel van den driesche

1044 2575 2394 176 met overgroote verwonderinge hebbe gesien de falsitijdt die gepassect is, ontrent

1037 2655 2390 222 ue signature, doorck aengename van gisteren, dat uk sekelijck in achte dentk

1054 2746 2379 188 moet stelln te mer omdat ul lignature seer wel naer gemaeckt is, gelijck ue

1046 2866 2384 167 sien cau, op den verwaenden brief die ul beantwoordt hebbe, g hber benevant

1042 2942 2289 210 ben senderde siynde het geschreft van de selve hant van den brief aen ue

1040 3034 2395 213 geschreven uyt antwepen voor de huysvrouwe van monsieur in aclyen

1027 3123 2367 213 die vals is, gelijck doen aen mij geschreven niet ul naergemaeckte

1039 3212 2390 230 lignature &ick rade ul aen alle ul correspondentee, te schrijven, & hun

1033 3322 2330 189 hier van tennisse te geven, & oock te inquiteren naer dien per soon,

1043 3411 2326 192 die ue dien open brief ul behandight heeft want is een sake van

1049 3490 2298 232 groote aengelegen tijdt ick sal middelertijdt hier oock recharge doen,

1003 3588 2441 216 naer dien persoon, die mij den brief oock geopent op de borte behenden

1043 3691 2399 185 heeft on dat tijdt te connen achterhalen, bidde van dese twee ingesloten

1052 3772 2380 241 brieven mij weder te senden, om in cas van noode, daer van te bedienen

1042 3859 2396 219 dogh bidde alles seerat te hadden, is een lietclachtige sake, want te

1068 3962 2368 208 beter stelen, als aent ygaende tijt is te cort om meer te schrijven

1046 4071 1976 213 overdenckt de salkie wel & blijve naer groetenisse

1037 4148 2395 200 dese sale seen aen ul andere correspondenten, oock geschreven sijn

1068 4246 2344 228 die niseuren op sor deenige brieven goederen versonden hebben

5271 242 792 162 Adij 18 mars 172„ 273

3473 271 783 159 Leden dhr John Japale

3582 312 2385 210 Op 5 deser was aen ul mijnen laesten daer bij ul remise van ser 100 ten

3581 465 2486 112 laste henrij haydon met behoorelijck protest de retour voorders referrere mij aen den selven

3574 523 2482 123 sedert geene van ue vernomen desen dan alleenelijck om ue te seggen als dat de

3580 615 2482 100 nuwe betolinge van den tol van wijnigh belanck is te vooren moest men betalen

3581 677 2521 169 oftu p ps. & nu 4½ p: p Ebsoo gewight warom niet langer hebbe willen uyt stellen e

3575 784 2483 139 van die bale te versenden te meer om dat noch geene aparentie saege op den

3577 843 2534 160 voorigen voedt soude gestelt worden ingesloten dan de facture & cognossement

3593 958 2489 121 van eene bale met soo ps tijken monterende in wissel gelde ƒ 5096:3. sijnde de

3585 1054 2541 140 selve geladen int schip van Edward merrifiel die met den eersten goeden winde

3575 1146 2520 142 pout te versrecken godt geleyde hem in salvo & late dese goederen ue wel gesonde

3579 1238 2459 108 ter hant comen den mayer van de tjken heeft mij geprotesteert dat de teken

3582 1298 2513 178 voor desen prijs niet geven dan wil wel gelooven niets profiteert dogh ben

3571 1394 2514 157 geinformeert dat hij groote sommen gelts moet betalen voor sijne garens soo

3585 1504 2515 124 wille suponeren noch voor desen prijs sal connen becomen om het cons geltt

3583 1573 2463 183 te hebben derhalven heeft ul noch eenige partijen noodigh soo soude cito

3587 1684 2496 169 moet en ue ordres hebben om heer van te profiteren waer mede d'eere van ue

3577 1754 2371 155 missive afwaghtende als mede remises voor t' gene mij is comende blijve

3586 1816 836 161 naer seer vrinds groet

5230 1864 600 164 Ady 22d: 1724

3487 1908 745 161 Brussel Jan de Broe

3422 1946 2580 202 hebbe d'here gehaet ul. lieste in de vatten avons dagen tot brussel sjnde te

3572 2125 2453 138 sureken die mij als dan versoght heeft ul rekieninge courant ul toe te senden

3570 2184 2519 153 &vermits aele moetenier deser staet verscoten ben geweest, hebbe soo menigh vildige

3577 2278 2418 134 occupatien gehadt & noch hebbe, dagelijckx, dat niet herder aen haer versoeck

3571 2366 2498 168 hebbe sonnen voldden, ingesloten dan ul. rekeninge courant waer bij aen mij

3574 2456 2460 184 op saldo is comende in wissel gelde, ƒ 161:10 sijnde het in port van de laeste

3427 2582 2631 139 partije, waer vooren binnen & a 10 dagen eene assignatie sal senden

3435 2648 2599 170 aen dh stephano Rousseau tot volle voldoeninge van alles, voorders

3581 2757 2449 143 recomandire ue mijnen voint dh advianes ny thovee en wien

3588 2818 2484 194 mijne negotie & correspondentie hebbe overgelaten, hij doedt groote

3587 2942 2412 162 affaires in alle soosten van stoffen, perpetuenen: & eep witte als

3583 3025 2347 193 sweste van N. 1. 56. 60.70.80 100. soo gelijck uk bij mij

3583 3186 2326 170 gewent tijdt te hebben, doedt oock in ghe laeyen van alle

3584 3250 2398 198 couleuren, een gerief sonder wargael & tot seer livielen prijs

3578 3340 2429 214 &waer in ue t eenigen aengenamen dienst can doen, gelieve te

3604 3444 2191 181 comanderen, die naer seer vrindelycke groetenisse blijve

3408 3578 77 103 A

5171 3585 759 160 Adj 23 meert 1722

3495 3598 1282 164 Brugge d'hr Caurence van rentergen

3424 3589 124 209 1

3630 3682 2314 181 us: aengenaem van 14 deser wel ontfanghen daer benevens mijn langh

3625 3817 2472 140 verwaghte re court. die naergesien & d'accordt bevonden hebbe & vervolgens ule

3632 3889 2391 137 op muse rek: gedebiteert voor £215-3n wissel gelde saen dat uk sijne

3623 3975 2427 166 bocken nu houdt in ⅓ in plaets van ƒ dat my indifferent is ue keeft mij

3621 4068 2466 117 mede toegesonden de oncost iek op het pack tjken R.N.43. bedragende

3619 4158 2395 152 en cours gelt £3:13- saen waer vooren ue gecrediteert hebbe in wissel

3639 4276 2447 131 gelde £3-3- ƒ 17 dat benevens mij gelieftete noteren den wissel brief van

3659 4322 2444 163 sp £130: door hayden geaccepteert was voor manst anders Eehter geloove

3636 4422 1576 127 besalt is geweest voor sijn salissement
