8344 4733
1039 263 2441 162 t  £51:- & in tegendeel bevinde ul remise van s4 £ 70:- op

1027 385 2412 124 2 usos &  a 36: 3 en ten laste d'heer jan B ferar welcke

1024 467 2431 152 is geaccepteert & sal ue rek. daer vooren crediteren de contin

1029 577 2416 123 veranderinge in de sonttsen comen door het uyt senden van de b

1020 672 2444 126 & uyt trecke van borlogh echter men can hier sigh niet in belden

1038 773 2415 133 dat den corlogh een aenbanck soude nemen den tijdt moet alle

1023 821 2422 165 leeren t'is seker dat de londssen in soodanige occurentie van

1034 940 2419 164 tijdt geen voordeel sonder nemen & daer waer mij wejnighe aen

1021 1081 2438 138 gelegen als de intresten maer wel betaelt wirden & datter

1025 1142 2435 153 geen confiscatien souden voor comen men heeft mij over eenige

999 1277 2405 156 garen geinformeert dat het parlement a costij noyt eenige

999 1400 2416 93 confiscatien ten sijde van vorlogh soude toestaen wat daer

1030 1459 2394 142 van is bidde sigh van te informeren & het reght mij te

1012 1551 2381 112 adviseren om in soodanige voorvallen de noodige precausien

1012 1661 2357 131 te nemen sult mij ten hooghsten verobligeren & d'eere

1024 1754 2444 147 van ue: antwordt afwaghtende blijv maer seer vrindelyckt

1010 1855 283 176 gdett

997 1921 2381 175 de lotterye a £10:- p los sal niet seer gewilt worden hier

1015 2047 1684 175 pmais stmen daer gans geen piculatie en

2401 2118 818 221 Adij 6 july 1726

828 2154 1021 164 Brussel Sheer Bossenaers

1021 2296 2444 136 tot antwortt op ul miseve van gisteren hebbe d'eere van ue te

1018 2394 2444 123 seggen als dat in dns kneghtiens buys bevinde eenen jongen genaemt

1030 2461 2413 147 Jan frommels maer met drommels veuwel het blijckt elaerlijck dat

1011 2559 2453 169 het den selven is daer ul mentie van gelieft te maken vermits

1021 2679 2353 158 ijn de pamer van den arniex op den honder, boeck sur littera s

1031 2750 1574 162 bevinde het volgende van worde tot woorde

1983 2846 730 202 Adj 17 gber 1712

1009 2970 2437 116 Aengenomen door de camer van den armen t Kint joanmes traelt

1024 3082 2431 109 den vader over vier iaren gestorven tot namen de moeder in de maendt

1011 3157 2416 144 sber 1714 gestorven en het gasthuijs tot dordrecht als wanneer

1041 3286 2428 97 de weekneesters haer belat vindende met het voors Aint aen odt

1035 3340 2434 121 hebben geschreven & vermits van antwerpen geborsigh was & geen

1017 3420 2453 153 vrinden te vinden on het kint te onderhouden heeft de kamer vn

1001 3560 2466 122 den armen beweght door bernkertighegdt het selve kent te aendenden

1021 3632 1124 163 genaemt goannes Trommell

997 3740 2378 164 lesen jonghen is noch ont beven synde nu 17 jaren oudt

1025 3900 2444 145 & hebbe den selven op 24 junij pass besteedt tot tyn ockesseel

1019 3995 2334 149 bij hendnck van des bloedt sijne oever om sijn ambaght

1002 4097 2353 172 te leeren ingevalle ue eange effecten heeft die nyt

1002 4188 2426 140 den hootde van den voors Jan Tromnels aen den armer deser

1013 4341 2457 102 stadt souden toecomen bidde de selve mij toe te senden om die te

1017 4423 2463 116 stellen in de handen van de vier dienende ael moesseniers blijvende

1007 4476 711 82 met veel respect

5958 215 139 85 265

5023 240 891 185 Adij 10 gullet 1716

3486 257 958 168 nden Difr Jhn Ckinall

3546 344 2491 187 le une ou moy de may passé fut a vre grace mas derniers. y sont

3572 494 2434 142 facture & Cognossement d'un ballos .B. contenant 80ps de cotils

3577 572 2474 153 portans ƒ915:1: argent de change ne doutant point que vous les auraid

3579 705 2410 123 receu depuis long temp & que vous auray trouvé lus contils a vre

3569 782 2516 141 entiere satisfaition depuis sans l'honneur d'ancune vre celle pour vous

3576 890 2429 141 adviser que mon suvrier m'a presente les cotils presentement comme

3579 958 403 125 en suitte

3581 1030 663 166 le ¼ great leads

4416 1025 460 169 a ƒ7:18

3674 1146 523 162 l great leads

4509 1156 362 146 „9:18

4487 1261 385 146 1:9:18

3648 1271 483 141 3 seales

4486 1365 397 139 „11:18

3669 1371 451 146 1 3 seales

3596 1453 2513 153 cala uniguement a cause qu'il en est trop charge & qu'il a besoing

3607 1585 2450 131 de l'argent dont j'ay juge de vous en informer si vous avez besoing

3597 1663 2478 164 une parsie il vous plaira me donner vos ordres erviant que vous

3605 1755 2516 160 ne pouvez mal faire d'ordonner une bonne partie car quand ils sera

3594 1856 2309 140 hors du  necessite il le tiendra au prix precedant en

5754 1951 69 87 t

3610 1934 2155 141 attendant l'honneur de vre reponce ie suis tres parfaitt

5310 2026 680 197 Ady 16 Julj 1726

3482 2066 987 159 Mons la veufve Francois Janiot

3590 2147 2469 197 ie me suis donne l'honneur de vous escrire le 19 sbre 1725 passe vous ayant

3599 2279 2477 169 envoyez en mesme temp un extrait de vre compte courant par le quelle

3601 2365 2482 150 il me revient ƒ142:de change pour trois pieces de perpet: vous envoye

3574 2488 2510 143 En lan 1723 le 19 fevrier 5 mars & 13 may, estant presentement plus de

3577 2592 2504 134 trois proit ans passe & fort puste, que ie serois paye, vous priant p

3599 2652 2451 162 cette de m'envoyer la preditte somme p le premier voyage de

3604 2783 2088 188 mons. Jonard, & En lattendant J'ay l'honneur d'estre

4922 2891 659 192 Adij 27 July 1726

3493 2912 1049 191 Bruxelles mons: Bossehaert

3612 3041 2491 206 deeere van ul mij altijdt seer aenge 22 deses is mij op sijn tijdt wel geoorden

3618 3158 2441 174 de over groote droccheydt die ons overcomen is door het over leyden van onse

3606 3239 2535 150 seer lieve swagerinne mevrou van wessel daer bij gevoeght de menigh vildige

3628 3342 2472 169 occupatien in soodanige voorvallen hebben mij belet den selven niet eerder

3623 3456 2459 153 te connen beantworden un hebbe d'eere van ul te seggen als dat de vier

3625 3556 2400 139 heeren dienende aclemoesseniers contenteren aen ul versoeck van de

3645 3649 2472 176 moulven met silvere khoppen & a aen ian trommels te laten volgen

3631 3738 2495 170 alhoewel sulx noyt en geschiedt twijfele niet oft monfren van hessel

3621 3819 2388 151 heeft pour paert gegeven van die subite veranderinge den man is

3633 3938 2422 121 Inconsolabel & wij mede schter wij moeten ons alle reseyneren in den

3643 4023 2407 150 wille des heeren & connen niet beter doen dan den almogenden te

3628 4120 2384 119 te bidden dat hij naer liele wilt verleenen het eenwigh leven

3636 4213 2382 154 in wiens heylige profectie ue bevele & blijve niet presentatie

3658 4308 1683 162 van dienst in alle voorvallende occasien
