8419 4761
1052 360 2157 139 a oftende puis qu'on y peut rien avoir qu'a grand quantité

1070 455 2302 147 mon fuere qui a ette a ostende u a men peu obtemer quoy que n

1041 528 2281 182 somme mesme interesse dans la nobigabien cependant sy ie pay avoir

1062 688 2115 134 quelque choye pour moy ie ne manqueray pas de vous en faire

1059 737 2237 191 particupant le shee a ette vendu chais le catte ne sara pas moins

1044 851 2200 186 & le net est a l'avenant que n'en suis pas fache puis que e la

1062 955 2308 169 me rendra plus que ie n'ay cice il pouray bien que nou reume

1034 1039 2296 201 p lille cependant cela est inpertin voyla que ie pruiy vous marquer

1050 1150 2292 176 & joyez tauseiers persuada mons: que ie lus a vous qu toute la famill

1054 1243 924 137 avec un veritable estme

2552 1249 769 186 Adj 15 aug: 1722

878 1376 1152 183 hier marge suyers tafelieresse

1053 1437 2336 254 alsoo met mijne liefste een eysie gedaen hebbe naer oftende egisteren

1052 1583 2266 196 avont maer eerst thuys gecomen, soo hebbe niet eerder comen

1040 1662 2179 240 beantwoorden op ue  aengename van 2 deser, & hebbe d'eene

1049 1811 2189 199 van el te seggen, als dat andere imployen gedaen hebbe

1050 1870 2182 254 waer toe groote commen sal noodigh hebben derhalven

1069 2029 2061 160 en can aen ue versoecke niet voldoen, maer ter contrarie

1065 2105 2230 189 sal eene somme van mijn afelbrieven moeten gerembousseert

1069 2211 2159 189 hebben ten langhsten tegens bam is, waer naer gelieve te

1074 2320 1667 224 reguleren & blijve naer Cordiale groetenisse

2599 2402 472 159 Ady 15d

904 2467 676 196 brugge Rentergen

1073 2481 2290 277 gisteren eevont eerst thuys gearriveet sijnde bevinde mij vereert

1028 2633 2232 182 met ue aengename van 9 deser hebbe noch niet becomen

1052 2676 2334 216 den prys van den burcan van mijn vont van London, even wel

1090 2824 2302 189 om niet te tarderen soo sende de hertificatie & de weirde

1079 2879 2310 221 voor ƒ 200:- soo als den vorgen int jaer vs 20 aengegeven

1086 3029 2304 163 is geweest. versoecke van den schippier wel de recomanderen

1064 3115 2174 191 den inhout van de 3 cassen te secreteren om reden ick:

1096 3225 2211 181 mondeliut geseydt & bedancke ue voor de moeyte die

1090 3282 2337 235 hebt gelieven te nemen int versenden van het cognossant

1092 3401 2320 199 aen dhee tatnall van het pack N. 37. sal de oncolt rek

1097 3505 2182 199 examineren, & d'accoorrt bevindende ue, daer vooren

1092 3622 2184 217 crediteren & blijve ue andermael verplight voor alle

1116 3736 2241 226 ue beleeft heeden aen ons betoont wetende a costij & waer

1117 3829 2242 245 in ul eendgen aengenamen dienst can doen gelieve

1107 3903 2200 246 te comanderen die naer soer vrindelyke groetenisse

1102 4104 317 148 blijve

1088 4065 2250 277 De. mijn broeder hadde mij . brief van 22 deser naer

1093 4160 2233 260 gent toegesonden, dogh alsoo voor arrivemert van daer

1122 4270 2303 234 vertrocken was is heden te ougge gecomen, die ue met

1112 4385 1643 236 het voors ten deele beantwoorde van dt

5237 239 749 158 Adij 15 gug: 1723

3431 275 1416 160 ten den facteur van de brugsche schepen

3543 333 2456 194 in gevolge het advies van dheer ventergene van brugge soo is schopp

3527 448 2428 161 meter de kempe present a cotty, & vermits 3 lasten voor mij in

3520 557 2466 153 sijn schip sijn geladen, soo neme de libertif van mijne certificchi

3514 652 2223 173 ur toe te senden, die hij bij ue sal comen ofhalen om

3533 727 2423 178 onderwegen van de tollen te bevrijden waer mede blijve

3442 863 2036 197 Turnhoudt de wed. Jan B Robert Ady 17 auy: 1722

3548 953 2398 228 voorleden vrijdagh savondts eerst thuys gecomen seynde vinde onderandere

3559 1091 2340 204 ce brief van 130 pass met het stuck lapn waet dat behandight hebbe

3559 1195 2436 199 sij soude geiwne de rek van don costen hebben om ue te voldoen. g het is

3557 1287 2436 223 mij legdt dat ue naer het gelt van de laeste partije soo langh hebt moet

3559 1410 2302 207 waghten bidde op toecomende donderdagh ue assignatie te senden

3550 1540 2313 170 bedraght ƒ965: dat noch maeck ont naer sien geblijve net haeste

3479 1658 1629 201 ostende de heed van costene Ady 17 d

3556 1738 2294 214 ben voorleden vrijdagh eerst met mijn herfte alhier gearriveert sijnde

3557 1906 2385 153 genoodtsacht geweest eenige dagen tot gendt te blefven buyten onse geslingen

3519 1981 2388 157 door dhen aldaer mijn ieste geastockeert windt met eene quage hebe

3555 2084 2443 165 ghortsen dogh gods danck al nu gepasseert dat de reden us dat met eerde

3549 2194 2459 184 hebbbe connen voldoen aen ontse plight van ue te bedancken que loffte

3566 2319 2440 170 voor alle eene quvilitijdt seven huyse genoten hopende de occasie sal

3558 2405 2446 189 vinden van gbeminde te connen ontfangen qoue reciproque dinstn

3565 2536 2443 121 te betoonen bevindende ons aen ue gul lefte ten hooghsten verpluy

3565 2630 2043 134 ggeliefte dese weynige tot danck segginge aen te nemeen

3557 2685 2449 152 & heer malcamp heeft mij sijn bock van versoopinge geleent om den mijnen

3567 2806 2428 130 te heppleren gsien dat ue oock al iets heeft ingekoght hope iue soo

3560 2904 2389 136 goedt sal sijn van mij toe te senden tgene ue  memene hebbe te

3522 2958 2487 165 handt gestelt q dat ue lieffte sal cindaghsigh sijn de twee stacken

3576 3087 2413 151 stoffen die mjne huy svroulm versoght hadte te weeten een blau

3557 3194 2349 155 fattin geen pauseau damast het seies jalm dat suh. huyse

3573 3305 2405 143 gebroght hebbe om mede te paecken sijn de coue reght van betalt

3542 3410 2463 121 myn keer alsoo de vreulven eer begerigh sijn ven te hebben daer sij naer

3580 3475 2345 184 naer verlanghen soo sal ue haer greet plaisied contensement

3584 3587 2366 132 geven van haert leyn cargie op het spaedighste te versenden dogh

3566 3672 2437 182 recomandere seer vrindelijck van wel te sergen dat alles wel gepaes

3593 3778 2412 155 in oock too sehen dat geen gescheurt goeeft hebbe enfin myn heeven

3579 3919 2425 160 beleeft heden sijn hte groot dat oordeele ul niet anders doen ont

3587 4013 2418 164 als wel: myn heffte doedt ue qul beniende verscheven van haer

3579 4134 2341 130 respeckt q ick het mjne daer bij voegende hebbe d'een van ue

3585 4215 1164 193 te seggen dat waenelijck ben
