<?xml version="1.0" encoding="UTF-8"?>
<alto xmlns:xsi="http://www.w3.org/2001/XMLSchema-instance"
      xmlns="http://www.loc.gov/standards/alto/ns-v4#"
      xmlns:page="http://schema.primaresearch.org/PAGE/gts/pagecontent/2013-07-15"
      xsi:schemaLocation="http://www.loc.gov/standards/alto/ns-v4# https://www.loc.gov/standards/alto/v4/alto.xsd">
   <Description>
      <MeasurementUnit>pixel</MeasurementUnit>
      <OCRProcessing ID="IdOcr">
         <ocrProcessingStep>
            <processingDateTime>2022-02-11T21:40:34.556+01:00</processingDateTime>
            <processingSoftware>
               <softwareCreator>READ COOP</softwareCreator>
               <softwareName>Transkribus</softwareName>
            </processingSoftware>
         </ocrProcessingStep>
      </OCRProcessing>
   </Description>
   <Layout>
      <Page ID="Page1" PHYSICAL_IMG_NR="1" HEIGHT="4713" WIDTH="8419">
         <TopMargin HEIGHT="0" WIDTH="8419" VPOS="0" HPOS="0"/>
         <LeftMargin HEIGHT="4713" WIDTH="0" VPOS="0" HPOS="0"/>
         <RightMargin HEIGHT="4713" WIDTH="0" VPOS="0" HPOS="8419"/>
         <BottomMargin HEIGHT="0" WIDTH="8419" VPOS="4713" HPOS="0"/>
         <PrintSpace HEIGHT="4713" WIDTH="8419" VPOS="0" HPOS="0">
            <TextBlock ID="region_1644520834531_1091"
                       HEIGHT="4381"
                       WIDTH="2615"
                       VPOS="225"
                       HPOS="769">
               <Shape>
                  <Polygon POINTS="769,225 3384,225 3384,4606 769,4606"/>
               </Shape>
               <TextLine ID="region_1644520834531_1091l1"
                         BASELINE="952,348 1059,344 1167,344 1274,344 1382,344 1489,346 1597,348 1704,352 1812,355 1919,359 2027,362 2134,366 2242,368 2349,372 2457,374 2564,374 2672,374 2779,374 2887,371 2994,367 3102,360"
                         HEIGHT="187"
                         WIDTH="2184"
                         VPOS="261"
                         HPOS="936">
                  <String ID="string_region_1644520834531_1091l1"
                          HEIGHT="187"
                          WIDTH="2184"
                          VPOS="261"
                          HPOS="936"
                          CONTENT="London iesf John Schoppens &amp; JEdwars Ady 9 maij 1722"/>
               </TextLine>
               <TextLine ID="region_1644520834531_1091l2"
                         BASELINE="1080,478 1192,480 1304,482 1416,482 1528,484 1640,484 1752,486 1864,486 1976,488 2088,488 2200,488 2312,490 2424,490 2536,490 2648,492 2760,492 2872,492 2984,494 3096,494 3208,496 3320,496"
                         HEIGHT="163"
                         WIDTH="2275"
                         VPOS="394"
                         HPOS="1062">
                  <String ID="string_region_1644520834531_1091l2"
                          HEIGHT="163"
                          WIDTH="2275"
                          VPOS="394"
                          HPOS="1062"
                          CONTENT="beyde ck mij seed aengenaeme van 16 febr: lest q 23 passto PS wel"/>
               </TextLine>
               <TextLine ID="region_1644520834531_1091l3"
                         BASELINE="1082,594 1192,596 1302,597 1412,598 1523,600 1633,602 1743,602 1854,604 1964,604 2074,606 2185,606 2295,608 2405,608 2515,608 2626,608 2736,608 2846,608 2957,606 3067,605 3177,604 3288,602"
                         HEIGHT="138"
                         WIDTH="2239"
                         VPOS="545"
                         HPOS="1066">
                  <String ID="string_region_1644520834531_1091l3"
                          HEIGHT="138"
                          WIDTH="2239"
                          VPOS="545"
                          HPOS="1066"
                          CONTENT="op syntijdt ontfangen ingevolge den eersten soo hebbe ue gedebiteert "/>
               </TextLine>
               <TextLine ID="region_1644520834531_1091l4"
                         BASELINE="1092,704 1204,708 1316,710 1428,712 1540,714 1652,715 1764,717 1876,718 1988,720 2100,722 2213,724 2325,724 2437,726 2549,726 2661,726 2773,728 2885,728 2997,728 3109,728 3221,728 3334,728"
                         HEIGHT="175"
                         WIDTH="2279"
                         VPOS="598"
                         HPOS="1074">
                  <String ID="string_region_1644520834531_1091l4"
                          HEIGHT="175"
                          WIDTH="2279"
                          VPOS="598"
                          HPOS="1074"
                          CONTENT="voor st £25: vanl mjn  het half saet divident van mijn £500"/>
               </TextLine>
               <TextLine ID="region_1644520834531_1091l5"
                         BASELINE="1080,820 1192,822 1304,825 1416,828 1529,830 1641,832 1753,834 1866,836 1978,838 2090,840 2203,842 2315,844 2427,846 2539,848 2652,850 2764,852 2876,854 2989,856 3101,856 3213,858 3326,860"
                         HEIGHT="194"
                         WIDTH="2278"
                         VPOS="726"
                         HPOS="1064">
                  <String ID="string_region_1644520834531_1091l5"
                          HEIGHT="194"
                          WIDTH="2278"
                          VPOS="726"
                          HPOS="1064"
                          CONTENT="actie in d'india comp. vervallan 25 xbre 1 als mede by den"/>
               </TextLine>
               <TextLine ID="region_1644520834531_1091l6"
                         BASELINE="1076,926 1191,930 1306,933 1421,936 1536,939 1651,942 1766,944 1881,946 1996,950 2111,952 2226,954 2341,956 2456,958 2571,960 2686,962 2801,964 2916,966 3031,968 3146,970 3261,972 3376,972"
                         HEIGHT="188"
                         WIDTH="2335"
                         VPOS="843"
                         HPOS="1059">
                  <String ID="string_region_1644520834531_1091l6"
                          HEIGHT="188"
                          WIDTH="2335"
                          VPOS="843"
                          HPOS="1059"
                          CONTENT="laesten voor soo £15 van mijn £500 banck aelie vervallen is meet"/>
               </TextLine>
               <TextLine ID="region_1644520834531_1091l7"
                         BASELINE="1096,1046 1207,1048 1319,1050 1430,1052 1542,1054 1654,1056 1765,1058 1877,1058 1988,1060 2100,1061 2212,1062 2323,1064 2435,1066 2546,1066 2658,1068 2770,1070 2881,1070 2993,1072 3104,1074 3216,1076 3328,1078"
                         HEIGHT="153"
                         WIDTH="2266"
                         VPOS="957"
                         HPOS="1080">
                  <String ID="string_region_1644520834531_1091l7"
                          HEIGHT="153"
                          WIDTH="2266"
                          VPOS="957"
                          HPOS="1080"
                          CONTENT="laest leden gvoorders tot vrindelijcke antwoordt hebbe d'een van"/>
               </TextLine>
               <TextLine ID="region_1644520834531_1091l8"
                         BASELINE="1096,1154 1206,1158 1316,1161 1426,1164 1536,1166 1646,1169 1756,1171 1866,1174 1976,1176 2086,1178 2196,1179 2306,1181 2416,1182 2526,1184 2636,1186 2746,1186 2856,1188 2966,1188 3076,1190 3186,1190 3296,1190"
                         HEIGHT="178"
                         WIDTH="2234"
                         VPOS="1090"
                         HPOS="1079">
                  <String ID="string_region_1644520834531_1091l8"
                          HEIGHT="178"
                          WIDTH="2234"
                          VPOS="1090"
                          HPOS="1079"
                          CONTENT="ue te seggen dat de omme die mij is comende, te geringhis "/>
               </TextLine>
               <TextLine ID="region_1644520834531_1091l9"
                         BASELINE="1088,1262 1202,1266 1316,1270 1430,1276 1544,1279 1659,1282 1773,1286 1887,1290 2001,1292 2115,1294 2230,1296 2344,1298 2458,1300 2572,1300 2686,1302 2801,1302 2915,1304 3029,1304 3143,1304 3257,1304 3372,1304"
                         HEIGHT="181"
                         WIDTH="2315"
                         VPOS="1186"
                         HPOS="1072">
                  <String ID="string_region_1644520834531_1091l9"
                          HEIGHT="181"
                          WIDTH="2315"
                          VPOS="1186"
                          HPOS="1072"
                          CONTENT="om te remitteren sullen dat aen ien tot dat wat meerdere intrest"/>
               </TextLine>
               <TextLine ID="region_1644520834531_1091l10"
                         BASELINE="1100,1372 1208,1377 1317,1382 1426,1388 1535,1391 1644,1394 1752,1398 1861,1400 1970,1403 2079,1406 2188,1408 2296,1408 2405,1410 2514,1410 2623,1412 2732,1412 2840,1412 2949,1412 3058,1412 3167,1412 3276,1412"
                         HEIGHT="182"
                         WIDTH="2211"
                         VPOS="1318"
                         HPOS="1084">
                  <String ID="string_region_1644520834531_1091l10"
                          HEIGHT="182"
                          WIDTH="2211"
                          VPOS="1318"
                          HPOS="1084"
                          CONTENT="sullen ontfanghen sijn tegens het eynde van dit loopende jaet"/>
               </TextLine>
               <TextLine ID="region_1644520834531_1091l11"
                         BASELINE="1104,1486 1187,1490 1271,1494 1355,1496 1439,1498 1523,1500 1606,1503 1690,1504 1774,1506 1858,1506 1942,1508 2025,1508 2109,1508 2193,1510 2277,1510 2361,1510 2444,1510 2528,1510 2612,1510 2696,1511 2780,1512"
                         HEIGHT="201"
                         WIDTH="1710"
                         VPOS="1396"
                         HPOS="1088">
                  <String ID="string_region_1644520834531_1091l11"
                          HEIGHT="201"
                          WIDTH="1710"
                          VPOS="1396"
                          HPOS="1088"
                          CONTENT="ingevalle de wissel als den avantagieus sal sjn"/>
               </TextLine>
               <TextLine ID="region_1644520834531_1091l12"
                         BASELINE="1108,1586 1221,1592 1334,1596 1448,1600 1561,1604 1675,1606 1788,1610 1901,1612 2015,1614 2128,1616 2242,1616 2355,1618 2468,1618 2582,1620 2695,1620 2809,1622 2922,1622 3035,1624 3149,1624 3262,1624 3376,1626"
                         HEIGHT="145"
                         WIDTH="2304"
                         VPOS="1547"
                         HPOS="1090">
                  <String ID="string_region_1644520834531_1091l12"
                          HEIGHT="145"
                          WIDTH="2304"
                          VPOS="1547"
                          HPOS="1090"
                          CONTENT="men heeft hier niet al te goede opinie van de oostidische comp dat mij"/>
               </TextLine>
               <TextLine ID="region_1644520834531_1091l13"
                         BASELINE="1094,1688 1207,1692 1320,1694 1433,1698 1546,1702 1659,1706 1772,1710 1885,1713 1998,1718 2111,1722 2225,1726 2338,1729 2451,1732 2564,1736 2677,1738 2790,1740 2903,1742 3016,1742 3129,1744 3242,1742 3356,1742"
                         HEIGHT="153"
                         WIDTH="2293"
                         VPOS="1622"
                         HPOS="1078">
                  <String ID="string_region_1644520834531_1091l13"
                          HEIGHT="153"
                          WIDTH="2293"
                          VPOS="1622"
                          HPOS="1078"
                          CONTENT="2ul slde doen gesolveren, om mijne £8wacke in deselve te veraghen"/>
               </TextLine>
               <TextLine ID="region_1644520834531_1091l14"
                         BASELINE="1108,1782 1221,1786 1334,1792 1447,1796 1561,1799 1674,1804 1787,1808 1901,1812 2014,1815 2127,1818 2241,1822 2354,1826 2467,1830 2580,1832 2694,1836 2807,1838 2920,1841 3034,1844 3147,1846 3260,1849 3374,1852"
                         HEIGHT="186"
                         WIDTH="2297"
                         VPOS="1737"
                         HPOS="1093">
                  <String ID="string_region_1644520834531_1091l14"
                          HEIGHT="186"
                          WIDTH="2297"
                          VPOS="1737"
                          HPOS="1093"
                          CONTENT="glaet dat het ditdent van 24 junij te vervallen ontfangen seude syn"/>
               </TextLine>
               <TextLine ID="region_1644520834531_1091l15"
                         BASELINE="1100,1898 1213,1896 1326,1896 1439,1898 1552,1899 1666,1902 1779,1906 1892,1910 2005,1915 2118,1920 2232,1926 2345,1931 2458,1936 2571,1941 2684,1946 2798,1949 2911,1952 3024,1954 3137,1956 3250,1956 3364,1954"
                         HEIGHT="213"
                         WIDTH="2300"
                         VPOS="1807"
                         HPOS="1083">
                  <String ID="string_region_1644520834531_1091l15"
                          HEIGHT="213"
                          WIDTH="2300"
                          VPOS="1807"
                          HPOS="1083"
                          CONTENT="q sootos den prijs gelyck mij doeften, sonden comen te monteren &amp; soude "/>
               </TextLine>
               <TextLine ID="region_1644520834531_1091l16"
                         BASELINE="1082,1992 1195,1994 1308,1998 1421,2003 1534,2007 1647,2012 1760,2018 1873,2024 1986,2031 2099,2038 2212,2044 2325,2049 2438,2056 2551,2062 2664,2067 2777,2072 2890,2075 3003,2080 3116,2082 3229,2084 3342,2084"
                         HEIGHT="233"
                         WIDTH="2300"
                         VPOS="1907"
                         HPOS="1063">
                  <String ID="string_region_1644520834531_1091l16"
                          HEIGHT="233"
                          WIDTH="2300"
                          VPOS="1907"
                          HPOS="1063"
                          CONTENT="voor dat capitael lostenge, annuities laken coopen om dat oordeele"/>
               </TextLine>
               <TextLine ID="region_1644520834531_1091l17"
                         BASELINE="1088,2114 1201,2116 1314,2118 1427,2120 1541,2124 1654,2128 1767,2131 1881,2136 1994,2140 2107,2145 2221,2149 2334,2154 2447,2158 2560,2162 2674,2165 2787,2168 2900,2172 3014,2173 3127,2174 3240,2174 3354,2174"
                         HEIGHT="233"
                         WIDTH="2302"
                         VPOS="2013"
                         HPOS="1070">
                  <String ID="string_region_1644520834531_1091l17"
                          HEIGHT="233"
                          WIDTH="2302"
                          VPOS="2013"
                          HPOS="1070"
                          CONTENT="die fantsen voorscherder int capitael gehouden woorden versoecke ue"/>
               </TextLine>
               <TextLine ID="region_1644520834531_1091l18"
                         BASELINE="1092,2238 1202,2241 1312,2244 1422,2246 1532,2250 1642,2252 1752,2256 1862,2258 1972,2262 2082,2265 2193,2268 2303,2270 2413,2272 2523,2274 2633,2276 2743,2276 2853,2276 2963,2276 3073,2276 3183,2274 3294,2272"
                         HEIGHT="219"
                         WIDTH="2237"
                         VPOS="2129"
                         HPOS="1075">
                  <String ID="string_region_1644520834531_1091l18"
                          HEIGHT="219"
                          WIDTH="2237"
                          VPOS="2129"
                          HPOS="1075"
                          CONTENT="opinie hier ontrens &amp; mj te raden als voor eggen om volgens bj bijde "/>
               </TextLine>
               <TextLine ID="region_1644520834531_1091l19"
                         BASELINE="1096,2366 1203,2365 1310,2364 1417,2364 1525,2366 1632,2367 1739,2369 1847,2372 1954,2376 2061,2378 2169,2382 2276,2385 2383,2390 2490,2392 2598,2396 2705,2398 2812,2401 2920,2403 3027,2404 3134,2406 3242,2404"
                         HEIGHT="224"
                         WIDTH="2176"
                         VPOS="2255"
                         HPOS="1080">
                  <String ID="string_region_1644520834531_1091l19"
                          HEIGHT="224"
                          WIDTH="2176"
                          VPOS="2255"
                          HPOS="1080"
                          CONTENT="te resolveren hebbe d'heer de lannoy myn schoon vaderiul mijne"/>
               </TextLine>
               <TextLine ID="region_1644520834531_1091l20"
                         BASELINE="1102,2488 1216,2486 1330,2486 1444,2486 1558,2486 1672,2488 1786,2490 1900,2492 2014,2494 2128,2496 2243,2498 2357,2500 2471,2502 2585,2504 2699,2504 2813,2504 2927,2504 3041,2502 3155,2500 3269,2496 3384,2490"
                         HEIGHT="203"
                         WIDTH="2317"
                         VPOS="2373"
                         HPOS="1084">
                  <String ID="string_region_1644520834531_1091l20"
                          HEIGHT="203"
                          WIDTH="2317"
                          VPOS="2373"
                          HPOS="1084"
                          CONTENT="voor gehouden, sal sijne rek op maken quiet een behooreljck scatimael"/>
               </TextLine>
               <TextLine ID="region_1644520834531_1091l21"
                         BASELINE="1122,2594 1227,2594 1332,2594 1437,2596 1542,2596 1648,2598 1753,2599 1858,2600 1963,2602 2068,2604 2174,2604 2279,2606 2384,2606 2489,2606 2594,2606 2700,2604 2805,2602 2910,2600 3015,2598 3120,2594 3226,2588"
                         HEIGHT="187"
                         WIDTH="2138"
                         VPOS="2502"
                         HPOS="1105">
                  <String ID="string_region_1644520834531_1091l21"
                          HEIGHT="187"
                          WIDTH="2138"
                          VPOS="2502"
                          HPOS="1105"
                          CONTENT="aftestalie ue p naeste toesenden versoeht sijne complimenten"/>
               </TextLine>
               <TextLine ID="region_1644520834531_1091l22"
                         BASELINE="1132,2712 1214,2711 1296,2710 1378,2710 1460,2710 1542,2710 1624,2710 1706,2710 1788,2712 1870,2712 1952,2712 2034,2712 2116,2712 2198,2710 2280,2710 2362,2710 2444,2710 2526,2710 2608,2708 2690,2708 2772,2706"
                         HEIGHT="151"
                         WIDTH="1673"
                         VPOS="2603"
                         HPOS="1115">
                  <String ID="string_region_1644520834531_1091l22"
                          HEIGHT="151"
                          WIDTH="1673"
                          VPOS="2603"
                          HPOS="1115"
                          CONTENT="te agreeven qick de myne daer by voegende blijve"/>
               </TextLine>
               <TextLine ID="region_1644520834531_1091l23"
                         BASELINE="2744,2804 2769,2802 2794,2802 2819,2802 2844,2801 2869,2800 2894,2799 2920,2798 2945,2797 2970,2794 2995,2792 3020,2792 3045,2789 3070,2786 3096,2782"
                         HEIGHT="209"
                         WIDTH="390"
                         VPOS="2675"
                         HPOS="2724">
                  <String ID="string_region_1644520834531_1091l23"
                          HEIGHT="209"
                          WIDTH="390"
                          VPOS="2675"
                          HPOS="2724"
                          CONTENT="A7: d:"/>
               </TextLine>
               <TextLine ID="region_1644520834531_1091l24"
                         BASELINE="932,2864 979,2859 1026,2856 1073,2852 1120,2850 1167,2848 1214,2847 1261,2846 1308,2844 1355,2844 1403,2844 1450,2844 1497,2844 1544,2843 1591,2842 1638,2842 1685,2842 1732,2840 1779,2839 1826,2837 1874,2834"
                         HEIGHT="184"
                         WIDTH="978"
                         VPOS="2721"
                         HPOS="913">
                  <String ID="string_region_1644520834531_1091l24"
                          HEIGHT="184"
                          WIDTH="978"
                          VPOS="2721"
                          HPOS="913"
                          CONTENT="Brussel Stephano Rousseau "/>
               </TextLine>
               <TextLine ID="region_1644520834531_1091l25"
                         BASELINE="1102,2950 1214,2950 1326,2948 1439,2946 1551,2944 1664,2944 1776,2942 1888,2940 2001,2938 2113,2936 2226,2935 2338,2934 2450,2932 2563,2930 2675,2929 2788,2928 2900,2926 3012,2926 3125,2924 3237,2924 3350,2924"
                         HEIGHT="170"
                         WIDTH="2282"
                         VPOS="2815"
                         HPOS="1083">
                  <String ID="string_region_1644520834531_1091l25"
                          HEIGHT="170"
                          WIDTH="2282"
                          VPOS="2815"
                          HPOS="1083"
                          CONTENT="le 5 courant fut a vre grace ma derniere, avec deux quitances a"/>
               </TextLine>
               <TextLine ID="region_1644520834531_1091l26"
                         BASELINE="1086,3060 1200,3056 1314,3054 1428,3050 1542,3048 1656,3046 1770,3044 1884,3042 1998,3040 2112,3038 2226,3036 2340,3036 2454,3034 2568,3034 2682,3032 2796,3031 2910,3030 3024,3030 3138,3028 3252,3028 3366,3028"
                         HEIGHT="193"
                         WIDTH="2311"
                         VPOS="2927"
                         HPOS="1070">
                  <String ID="string_region_1644520834531_1091l26"
                          HEIGHT="193"
                          WIDTH="2311"
                          VPOS="2927"
                          HPOS="1070"
                          CONTENT="la charge de vre ville portant ensemble en argent court ƒ143:15½"/>
               </TextLine>
               <TextLine ID="region_1644520834531_1091l27"
                         BASELINE="1082,3154 1194,3154 1306,3152 1418,3150 1530,3150 1642,3148 1754,3146 1866,3145 1978,3144 2090,3142 2202,3140 2314,3138 2426,3136 2538,3135 2650,3134 2762,3130 2874,3129 2986,3126 3098,3124 3210,3122 3322,3120"
                         HEIGHT="188"
                         WIDTH="2275"
                         VPOS="3051"
                         HPOS="1065">
                  <String ID="string_region_1644520834531_1091l27"
                          HEIGHT="188"
                          WIDTH="2275"
                          VPOS="3051"
                          HPOS="1065"
                          CONTENT="faisant en argent de change ƒ123:4½, depuis j'ay reccu la "/>
               </TextLine>
               <TextLine ID="region_1644520834531_1091l28"
                         BASELINE="1102,3256 1215,3254 1329,3254 1443,3254 1557,3252 1671,3251 1784,3250 1898,3248 2012,3246 2126,3246 2240,3244 2353,3242 2467,3240 2581,3238 2695,3238 2809,3236 2922,3234 3036,3232 3150,3232 3264,3230 3378,3228"
                         HEIGHT="151"
                         WIDTH="2306"
                         VPOS="3150"
                         HPOS="1087">
                  <String ID="string_region_1644520834531_1091l28"
                          HEIGHT="151"
                          WIDTH="2306"
                          VPOS="3150"
                          HPOS="1087"
                          CONTENT="chere vre du mesme date, y joint remise pour ƒ350:- de change"/>
               </TextLine>
               <TextLine ID="region_1644520834531_1091l29"
                         BASELINE="1104,3356 1213,3358 1323,3360 1433,3360 1543,3360 1653,3360 1763,3360 1873,3360 1983,3358 2093,3358 2203,3356 2312,3354 2422,3352 2532,3350 2642,3348 2752,3346 2862,3344 2972,3342 3082,3338 3192,3336 3302,3332"
                         HEIGHT="194"
                         WIDTH="2234"
                         VPOS="3251"
                         HPOS="1085">
                  <String ID="string_region_1644520834531_1091l29"
                          HEIGHT="194"
                          WIDTH="2234"
                          VPOS="3251"
                          HPOS="1085"
                          CONTENT="sur pien cle, que j'ay donne pour estre paye, ce qui sera"/>
               </TextLine>
               <TextLine ID="region_1644520834531_1091l30"
                         BASELINE="1088,3468 1201,3470 1314,3470 1428,3470 1541,3470 1655,3470 1768,3470 1881,3468 1995,3466 2108,3464 2222,3463 2335,3461 2448,3458 2562,3456 2675,3454 2789,3452 2902,3448 3015,3446 3129,3444 3242,3442 3356,3440"
                         HEIGHT="191"
                         WIDTH="2301"
                         VPOS="3367"
                         HPOS="1070">
                  <String ID="string_region_1644520834531_1091l30"
                          HEIGHT="191"
                          WIDTH="2301"
                          VPOS="3367"
                          HPOS="1070"
                          CONTENT="fait aujourdhuy sur la bourte, &amp; vous en este credite c'est"/>
               </TextLine>
               <TextLine ID="region_1644520834531_1091l31"
                         BASELINE="1128,3582 1240,3580 1352,3580 1465,3578 1577,3578 1690,3576 1802,3576 1914,3574 2027,3572 2139,3572 2252,3570 2364,3568 2476,3566 2589,3564 2701,3561 2814,3559 2926,3556 3038,3554 3151,3550 3263,3547 3376,3544"
                         HEIGHT="199"
                         WIDTH="2282"
                         VPOS="3432"
                         HPOS="1110">
                  <String ID="string_region_1644520834531_1091l31"
                          HEIGHT="199"
                          WIDTH="2282"
                          VPOS="3432"
                          HPOS="1110"
                          CONTENT="le subject de cette, rien autre que ie suis tres parfaitement"/>
               </TextLine>
               <TextLine ID="region_1644520834531_1091l32"
                         BASELINE="2174,3724 2206,3724 2238,3724 2270,3724 2303,3724 2335,3726 2367,3726 2400,3726 2432,3726 2464,3726 2497,3726 2529,3726 2561,3726 2593,3726 2626,3726 2658,3726 2690,3726 2723,3726 2755,3726 2787,3726 2820,3724"
                         HEIGHT="177"
                         WIDTH="679"
                         VPOS="3599"
                         HPOS="2157">
                  <String ID="string_region_1644520834531_1091l32"
                          HEIGHT="177"
                          WIDTH="679"
                          VPOS="3599"
                          HPOS="2157"
                          CONTENT="Ady 11 d 172121"/>
               </TextLine>
               <TextLine ID="region_1644520834531_1091l33"
                         BASELINE="944,3730 989,3728 1034,3728 1079,3726 1124,3726 1169,3726 1214,3726 1259,3724 1304,3724 1349,3726 1395,3726 1440,3726 1485,3726 1530,3728 1575,3728 1620,3730 1665,3732 1710,3733 1755,3735 1800,3737 1846,3740"
                         HEIGHT="223"
                         WIDTH="934"
                         VPOS="3589"
                         HPOS="928">
                  <String ID="string_region_1644520834531_1091l33"
                          HEIGHT="223"
                          WIDTH="934"
                          VPOS="3589"
                          HPOS="928"
                          CONTENT="Turnhout Egndus saven"/>
               </TextLine>
               <TextLine ID="region_1644520834531_1091l34"
                         BASELINE="1110,3840 1223,3842 1337,3844 1450,3846 1564,3846 1677,3846 1791,3846 1904,3846 2018,3846 2131,3846 2245,3844 2358,3844 2472,3842 2585,3842 2699,3840 2812,3840 2926,3838 3039,3836 3153,3836 3266,3834 3380,3834"
                         HEIGHT="162"
                         WIDTH="2304"
                         VPOS="3743"
                         HPOS="1093">
                  <String ID="string_region_1644520834531_1091l34"
                          HEIGHT="162"
                          WIDTH="2304"
                          VPOS="3743"
                          HPOS="1093"
                          CONTENT="monst ue aengenaeme van 7 ppo deser wel ontfangen oock de houden"/>
               </TextLine>
               <TextLine ID="region_1644520834531_1091l35"
                         BASELINE="2302,3900 2328,3900 2355,3901 2382,3902 2408,3902 2435,3902 2462,3902 2489,3902 2515,3902 2542,3902 2569,3900 2595,3900 2622,3899 2649,3898 2676,3896"
                         HEIGHT="99"
                         WIDTH="407"
                         VPOS="3838"
                         HPOS="2286">
                  <String ID="string_region_1644520834531_1091l35"
                          HEIGHT="99"
                          WIDTH="407"
                          VPOS="3838"
                          HPOS="2286"
                          CONTENT="BCayede"/>
               </TextLine>
               <TextLine ID="region_1644520834531_1091l36"
                         BASELINE="1122,3954 1228,3956 1335,3958 1441,3960 1548,3962 1654,3962 1761,3964 1867,3964 1974,3964 2080,3964 2187,3962 2293,3962 2400,3962 2506,3962 2613,3960 2719,3960 2826,3960 2932,3958 3039,3958 3145,3958 3252,3958"
                         HEIGHT="164"
                         WIDTH="2164"
                         VPOS="3845"
                         HPOS="1106">
                  <String ID="string_region_1644520834531_1091l36"
                          HEIGHT="164"
                          WIDTH="2164"
                          VPOS="3845"
                          HPOS="1106"
                          CONTENT="ydertigh stecken tijken sendt mij op donderdogh de rek. geont de "/>
               </TextLine>
               <TextLine ID="region_1644520834531_1091l37"
                         BASELINE="1130,4058 1240,4060 1351,4061 1462,4062 1573,4064 1684,4066 1794,4066 1905,4068 2016,4068 2127,4068 2238,4070 2348,4070 2459,4070 2570,4070 2681,4072 2792,4072 2902,4072 3013,4072 3124,4072 3235,4074 3346,4074"
                         HEIGHT="153"
                         WIDTH="2248"
                         VPOS="3959"
                         HPOS="1114">
                  <String ID="string_region_1644520834531_1091l37"
                          HEIGHT="153"
                          WIDTH="2248"
                          VPOS="3959"
                          HPOS="1114"
                          CONTENT="weaerde op miy trecken want wille e gelt niet besoaren ick ben"/>
               </TextLine>
               <TextLine ID="region_1644520834531_1091l38"
                         BASELINE="1142,4168 1252,4168 1363,4168 1473,4170 1584,4170 1695,4170 1805,4172 1916,4172 2026,4172 2137,4174 2248,4174 2358,4176 2469,4177 2579,4178 2690,4180 2801,4180 2911,4182 3022,4184 3132,4186 3243,4187 3354,4188"
                         HEIGHT="194"
                         WIDTH="2242"
                         VPOS="4066"
                         HPOS="1127">
                  <String ID="string_region_1644520834531_1091l38"
                          HEIGHT="194"
                          WIDTH="2242"
                          VPOS="4066"
                          HPOS="1127"
                          CONTENT="met verwondert dat nu geen goedt bij de handt hadde alsoo ul"/>
               </TextLine>
               <TextLine ID="region_1644520834531_1091l39"
                         BASELINE="1148,4274 1257,4276 1367,4277 1476,4278 1586,4280 1695,4280 1805,4282 1914,4284 2024,4284 2133,4285 2243,4286 2352,4287 2462,4288 2571,4288 2681,4290 2790,4290 2900,4290 3009,4292 3119,4292 3228,4292 3338,4294"
                         HEIGHT="154"
                         WIDTH="2223"
                         VPOS="4223"
                         HPOS="1133">
                  <String ID="string_region_1644520834531_1091l39"
                          HEIGHT="154"
                          WIDTH="2223"
                          VPOS="4223"
                          HPOS="1133"
                          CONTENT="vantwangen bedent hebt quaer all apperentie niet dan uytschot"/>
               </TextLine>
               <TextLine ID="region_1644520834531_1091l40"
                         BASELINE="1142,4388 1242,4390 1343,4393 1444,4396 1545,4398 1646,4400 1746,4401 1847,4402 1948,4402 2049,4404 2150,4404 2250,4404 2351,4403 2452,4402 2553,4402 2654,4400 2754,4400 2855,4398 2956,4398 3057,4396 3158,4396"
                         HEIGHT="141"
                         WIDTH="2047"
                         VPOS="4294"
                         HPOS="1126">
                  <String ID="string_region_1644520834531_1091l40"
                          HEIGHT="141"
                          WIDTH="2047"
                          VPOS="4294"
                          HPOS="1126"
                          CONTENT="van goedt aen mij gesonden hebb dat wel vernemen sal"/>
               </TextLine>
               <TextLine ID="region_1644520834531_1091l41"
                         BASELINE="1130,4514 1219,4508 1309,4506 1398,4502 1488,4502 1577,4500 1667,4500 1756,4498 1846,4498 1935,4498 2025,4498 2114,4498 2204,4498 2293,4498 2383,4496 2472,4496 2562,4493 2651,4490 2741,4486 2830,4481 2920,4474"
                         HEIGHT="173"
                         WIDTH="1823"
                         VPOS="4407"
                         HPOS="1114">
                  <String ID="string_region_1644520834531_1091l41"
                          HEIGHT="173"
                          WIDTH="1823"
                          VPOS="4407"
                          HPOS="1114"
                          CONTENT="soo nast het pack tot londen sal sijn gearriveert "/>
               </TextLine>
            </TextBlock>
            <TextBlock ID="region_1644520838227_1094"
                       HEIGHT="4310"
                       WIDTH="2659"
                       VPOS="231"
                       HPOS="3411">
               <Shape>
                  <Polygon POINTS="3411,231 6070,231 6070,4541 3411,4541"/>
               </Shape>
               <TextLine ID="region_1644520838227_1094l1"
                         BASELINE="5886,288 5911,290 5936,289 5961,287 5986,288"
                         HEIGHT="103"
                         WIDTH="136"
                         VPOS="231"
                         HPOS="5867">
                  <String ID="string_region_1644520838227_1094l1"
                          HEIGHT="103"
                          WIDTH="136"
                          VPOS="231"
                          HPOS="5867"
                          CONTENT="168"/>
               </TextLine>
               <TextLine ID="region_1644520838227_1094l2"
                         BASELINE="3586,382 3704,378 3822,376 3941,376 4059,376 4178,376 4296,376 4414,378 4533,379 4651,380 4770,382 4888,384 5006,386 5125,386 5243,386 5362,386 5480,384 5598,382 5717,380 5835,376 5954,370"
                         HEIGHT="215"
                         WIDTH="2402"
                         VPOS="252"
                         HPOS="3569">
                  <String ID="string_region_1644520838227_1094l2"
                          HEIGHT="215"
                          WIDTH="2402"
                          VPOS="252"
                          HPOS="3569"
                          CONTENT="tis eene grage condaite dat men den keneght voor sijn meester profferrent "/>
               </TextLine>
               <TextLine ID="region_1644520838227_1094l3"
                         BASELINE="3576,484 3697,484 3818,484 3940,484 4061,486 4183,488 4304,488 4425,490 4547,492 4668,494 4790,496 4911,498 5032,498 5154,500 5275,500 5397,500 5518,498 5639,498 5761,496 5882,492 6004,488"
                         HEIGHT="153"
                         WIDTH="2460"
                         VPOS="409"
                         HPOS="3561">
                  <String ID="string_region_1644520838227_1094l3"
                          HEIGHT="153"
                          WIDTH="2460"
                          VPOS="409"
                          HPOS="3561"
                          CONTENT="ick suponiere dat ue myne comisien niet meer begeirt vermits seght dat aen"/>
               </TextLine>
               <TextLine ID="region_1644520838227_1094l4"
                         BASELINE="3590,600 3710,602 3830,602 3951,604 4071,606 4192,608 4312,610 4432,612 4553,614 4673,616 4794,616 4914,618 5034,618 5155,618 5275,616 5396,614 5516,612 5636,608 5757,603 5877,596 5998,590"
                         HEIGHT="152"
                         WIDTH="2440"
                         VPOS="514"
                         HPOS="3573">
                  <String ID="string_region_1644520838227_1094l4"
                          HEIGHT="152"
                          WIDTH="2440"
                          VPOS="514"
                          HPOS="3573"
                          CONTENT="mipe vrindt schrijven soude dat maer 2  sult geven icksmoeet dat niet"/>
               </TextLine>
               <TextLine ID="region_1644520838227_1094l5"
                         BASELINE="3562,732 3679,732 3796,732 3913,734 4030,734 4147,736 4264,738 4381,740 4498,742 4615,742 4733,744 4850,744 4967,744 5084,744 5201,744 5318,742 5435,740 5552,738 5669,733 5786,728 5904,722"
                         HEIGHT="216"
                         WIDTH="2372"
                         VPOS="600"
                         HPOS="3547">
                  <String ID="string_region_1644520838227_1094l5"
                          HEIGHT="216"
                          WIDTH="2372"
                          VPOS="600"
                          HPOS="3547"
                          CONTENT="doen vermits dat bij andere oocr becomen can &amp; als ue niet doen ilt so"/>
               </TextLine>
               <TextLine ID="region_1644520838227_1094l6"
                         BASELINE="3588,856 3701,856 3814,856 3927,858 4040,858 4154,858 4267,858 4380,858 4493,858 4606,858 4720,858 4833,858 4946,858 5059,858 5172,856 5286,854 5399,854 5512,852 5625,850 5738,846 5852,844"
                         HEIGHT="193"
                         WIDTH="2297"
                         VPOS="744"
                         HPOS="3570">
                  <String ID="string_region_1644520838227_1094l6"
                          HEIGHT="193"
                          WIDTH="2297"
                          VPOS="744"
                          HPOS="3570"
                          CONTENT="tw soo gelieve mij op donderdagh toecomende te laken weesen &amp; blijve"/>
               </TextLine>
               <TextLine ID="region_1644520838227_1094l7"
                         BASELINE="5244,958 5278,958 5312,958 5346,959 5380,960 5415,960 5449,960 5483,962 5517,962 5551,962 5586,962 5620,962 5654,960 5688,960 5722,960 5757,958 5791,957 5825,956 5859,954 5893,953 5928,952"
                         HEIGHT="165"
                         WIDTH="718"
                         VPOS="865"
                         HPOS="5228">
                  <String ID="string_region_1644520838227_1094l7"
                          HEIGHT="165"
                          WIDTH="718"
                          VPOS="865"
                          HPOS="5228"
                          CONTENT="Adij 12 meij 1722"/>
               </TextLine>
               <TextLine ID="region_1644520838227_1094l8"
                         BASELINE="3482,984 3527,984 3573,982 3619,981 3664,980 3710,980 3756,980 3801,978 3847,978 3893,978 3939,978 3984,978 4030,978 4076,978 4121,978 4167,978 4213,978 4258,978 4304,978 4350,978 4396,978"
                         HEIGHT="195"
                         WIDTH="946"
                         VPOS="858"
                         HPOS="3465">
                  <String ID="string_region_1644520838227_1094l8"
                          HEIGHT="195"
                          WIDTH="946"
                          VPOS="858"
                          HPOS="3465"
                          CONTENT="Brussel Stephano Rousseau "/>
               </TextLine>
               <TextLine ID="region_1644520838227_1094l9"
                         BASELINE="3574,1078 3693,1078 3812,1078 3931,1078 4051,1078 4170,1078 4289,1078 4409,1078 4528,1076 4647,1076 4767,1076 4886,1076 5005,1076 5124,1076 5244,1076 5363,1076 5482,1076 5602,1076 5721,1076 5840,1076 5960,1076"
                         HEIGHT="148"
                         WIDTH="2417"
                         VPOS="949"
                         HPOS="3559">
                  <String ID="string_region_1644520838227_1094l9"
                          HEIGHT="148"
                          WIDTH="2417"
                          VPOS="949"
                          HPOS="3559"
                          CONTENT="ie me referre a ma precedante du 9 court: depuis ie recois l'honneur"/>
               </TextLine>
               <TextLine ID="region_1644520838227_1094l10"
                         BASELINE="3530,1172 3648,1172 3766,1172 3884,1174 4003,1174 4121,1174 4239,1172 4358,1172 4476,1172 4594,1172 4713,1170 4831,1170 4949,1170 5067,1168 5186,1168 5304,1168 5422,1168 5541,1168 5659,1168 5777,1168 5896,1168"
                         HEIGHT="158"
                         WIDTH="2398"
                         VPOS="1081"
                         HPOS="3515">
                  <String ID="string_region_1644520838227_1094l10"
                          HEIGHT="158"
                          WIDTH="2398"
                          VPOS="1081"
                          HPOS="3515"
                          CONTENT="de la vre du mesme date dont le contenie est bien, &amp; p cette ie vous"/>
               </TextLine>
               <TextLine ID="region_1644520838227_1094l11"
                         BASELINE="3410,1280 3539,1278 3669,1278 3799,1276 3929,1274 4059,1274 4189,1272 4319,1272 4449,1272 4579,1270 4709,1270 4838,1270 4968,1270 5098,1268 5228,1268 5358,1266 5488,1266 5618,1264 5748,1262 5878,1260 6008,1258"
                         HEIGHT="220"
                         WIDTH="2633"
                         VPOS="1127"
                         HPOS="3393">
                  <String ID="string_region_1644520838227_1094l11"
                          HEIGHT="220"
                          WIDTH="2633"
                          VPOS="1127"
                          HPOS="3393"
                          CONTENT="renvoye vre lettre de change de ƒ651:17 de change sur mons. Jean "/>
               </TextLine>
               <TextLine ID="region_1644520838227_1094l12"
                         BASELINE="3554,1382 3675,1380 3797,1380 3919,1378 4040,1378 4162,1376 4284,1376 4405,1375 4527,1374 4649,1374 4771,1372 4892,1372 5014,1372 5136,1370 5257,1370 5379,1368 5501,1368 5622,1366 5744,1364 5866,1362 5988,1360"
                         HEIGHT="171"
                         WIDTH="2466"
                         VPOS="1279"
                         HPOS="3538">
                  <String ID="string_region_1644520838227_1094l12"
                          HEIGHT="171"
                          WIDTH="2466"
                          VPOS="1279"
                          HPOS="3538"
                          CONTENT="vrjlincke avec acceptation de retour, &amp; en tous occasions dispose, de "/>
               </TextLine>
               <TextLine ID="region_1644520838227_1094l13"
                         BASELINE="3572,1486 3629,1482 3686,1480 3744,1478 3801,1477 3859,1476 3916,1476 3973,1476 4031,1476 4088,1476 4146,1476 4203,1476 4260,1476 4318,1476 4375,1476 4433,1476 4490,1476 4547,1474 4605,1474 4662,1472 4720,1470"
                         HEIGHT="122"
                         WIDTH="1183"
                         VPOS="1387"
                         HPOS="3554">
                  <String ID="string_region_1644520838227_1094l13"
                          HEIGHT="122"
                          WIDTH="1183"
                          VPOS="1387"
                          HPOS="3554"
                          CONTENT="celuy qui a l'honneur d'estre"/>
               </TextLine>
               <TextLine ID="region_1644520838227_1094l14"
                         BASELINE="3478,1608 3584,1608 3691,1609 3797,1610 3904,1612 4011,1614 4117,1614 4224,1616 4330,1616 4437,1618 4544,1618 4650,1618 4757,1618 4863,1616 4970,1614 5077,1611 5183,1608 5290,1604 5396,1597 5503,1590 5610,1582"
                         HEIGHT="254"
                         WIDTH="2168"
                         VPOS="1439"
                         HPOS="3460">
                  <String ID="string_region_1644520838227_1094l14"
                          HEIGHT="254"
                          WIDTH="2168"
                          VPOS="1439"
                          HPOS="3460"
                          CONTENT="Brugge d'heer Laurenee van Hentergen Ady 12 may 1722"/>
               </TextLine>
               <TextLine ID="region_1644520838227_1094l15"
                         BASELINE="3564,1712 3679,1722 3795,1728 3910,1732 4026,1736 4142,1738 4257,1738 4373,1738 4488,1736 4604,1734 4720,1732 4835,1729 4951,1726 5066,1724 5182,1721 5298,1719 5413,1718 5529,1718 5644,1718 5760,1720 5876,1722"
                         HEIGHT="227"
                         WIDTH="2342"
                         VPOS="1586"
                         HPOS="3549">
                  <String ID="string_region_1644520838227_1094l15"
                          HEIGHT="227"
                          WIDTH="2342"
                          VPOS="1586"
                          HPOS="3549"
                          CONTENT="ick aengenaeme van 1e6 passa op sijn teyyt wel ontfangen, daer benevens"/>
               </TextLine>
               <TextLine ID="region_1644520838227_1094l16"
                         BASELINE="3584,1828 3701,1833 3818,1837 3935,1840 4053,1842 4170,1844 4287,1845 4405,1846 4522,1846 4639,1846 4757,1846 4874,1846 4991,1846 5108,1846 5226,1846 5343,1846 5460,1846 5578,1846 5695,1846 5812,1848 5930,1848"
                         HEIGHT="158"
                         WIDTH="2378"
                         VPOS="1764"
                         HPOS="3568">
                  <String ID="string_region_1644520838227_1094l16"
                          HEIGHT="158"
                          WIDTH="2378"
                          VPOS="1764"
                          HPOS="3568"
                          CONTENT="cognossement prek van oncosten op het pack B. N 38 de geexamneert "/>
               </TextLine>
               <TextLine ID="region_1644520838227_1094l17"
                         BASELINE="3584,1954 3705,1956 3826,1958 3947,1960 4068,1964 4189,1966 4310,1968 4431,1970 4552,1972 4673,1976 4795,1977 4916,1978 5037,1980 5158,1982 5279,1982 5400,1982 5521,1982 5642,1982 5763,1982 5884,1980 6006,1978"
                         HEIGHT="202"
                         WIDTH="2457"
                         VPOS="1842"
                         HPOS="3566">
                  <String ID="string_region_1644520838227_1094l17"
                          HEIGHT="202"
                          WIDTH="2457"
                          VPOS="1842"
                          HPOS="3566"
                          CONTENT="hebbe qwel bevonden q ue daer vooren gecrediteert in wisselgeldet sy:t"/>
               </TextLine>
               <TextLine ID="region_1644520838227_1094l18"
                         BASELINE="3584,2084 3706,2086 3828,2087 3950,2088 4072,2090 4195,2090 4317,2092 4439,2094 4561,2094 4683,2096 4806,2098 4928,2100 5050,2102 5172,2104 5294,2106 5417,2108 5539,2110 5661,2114 5783,2116 5905,2120 6028,2124"
                         HEIGHT="213"
                         WIDTH="2477"
                         VPOS="1984"
                         HPOS="3568">
                  <String ID="string_region_1644520838227_1094l18"
                          HEIGHT="213"
                          WIDTH="2477"
                          VPOS="1984"
                          HPOS="3568"
                          CONTENT="hebbe oock de netoud den wissel brief van  £100: door haydon behoorelijck"/>
               </TextLine>
               <TextLine ID="region_1644520838227_1094l19"
                         BASELINE="3578,2212 3692,2213 3807,2214 3921,2216 4036,2218 4150,2220 4265,2221 4379,2224 4494,2225 4608,2228 4723,2230 4837,2232 4952,2234 5066,2236 5181,2238 5295,2240 5410,2242 5524,2242 5639,2244 5753,2244 5868,2246"
                         HEIGHT="174"
                         WIDTH="2323"
                         VPOS="2098"
                         HPOS="3560">
                  <String ID="string_region_1644520838227_1094l19"
                          HEIGHT="174"
                          WIDTH="2323"
                          VPOS="2098"
                          HPOS="3560"
                          CONTENT="met sijn addves geaccepteert bedanckende ue voor die genomen moeyte"/>
               </TextLine>
               <TextLine ID="region_1644520838227_1094l20"
                         BASELINE="3586,2332 3706,2336 3826,2340 3946,2344 4066,2346 4187,2350 4307,2352 4427,2355 4547,2358 4667,2360 4788,2362 4908,2364 5028,2366 5148,2367 5268,2368 5389,2370 5509,2372 5629,2374 5749,2376 5869,2377 5990,2378"
                         HEIGHT="203"
                         WIDTH="2436"
                         VPOS="2243"
                         HPOS="3570">
                  <String ID="string_region_1644520838227_1094l20"
                          HEIGHT="203"
                          WIDTH="2436"
                          VPOS="2243"
                          HPOS="3570"
                          CONTENT="voorders diens desen tot advies als dat heden p wagens van genet aen ue"/>
               </TextLine>
               <TextLine ID="region_1644520838227_1094l21"
                         BASELINE="3566,2452 3685,2456 3805,2460 3925,2464 4045,2469 4165,2474 4285,2478 4405,2483 4525,2487 4645,2492 4765,2496 4884,2500 5004,2502 5124,2506 5244,2508 5364,2508 5484,2508 5604,2508 5724,2506 5844,2504 5964,2500"
                         HEIGHT="179"
                         WIDTH="2432"
                         VPOS="2401"
                         HPOS="3550">
                  <String ID="string_region_1644520838227_1094l21"
                          HEIGHT="179"
                          WIDTH="2432"
                          VPOS="2401"
                          HPOS="3550"
                          CONTENT="toegeonden hebbe een packD inhouden de hondertj deerigh"/>
               </TextLine>
               <TextLine ID="region_1644520838227_1094l22"
                         BASELINE="3572,2590 3693,2596 3815,2600 3937,2604 4059,2608 4181,2612 4303,2614 4425,2616 4547,2620 4669,2622 4791,2624 4912,2626 5034,2627 5156,2629 5278,2630 5400,2632 5522,2634 5644,2636 5766,2638 5888,2640 6010,2642"
                         HEIGHT="201"
                         WIDTH="2470"
                         VPOS="2508"
                         HPOS="3557">
                  <String ID="string_region_1644520838227_1094l22"
                          HEIGHT="201"
                          WIDTH="2470"
                          VPOS="2508"
                          HPOS="3557"
                          CONTENT="stucken tijken voor rek van d' heer scorgevirgee van london wiens ordre "/>
               </TextLine>
               <TextLine ID="region_1644520838227_1094l23"
                         BASELINE="3546,2714 3652,2716 3758,2718 3864,2721 3970,2724 4077,2726 4183,2728 4289,2730 4395,2733 4501,2735 4608,2738 4714,2740 4820,2742 4926,2744 5032,2746 5139,2748 5245,2748 5351,2750 5457,2750 5563,2752 5670,2752"
                         HEIGHT="239"
                         WIDTH="2157"
                         VPOS="2592"
                         HPOS="3528">
                  <String ID="string_region_1644520838227_1094l23"
                          HEIGHT="239"
                          WIDTH="2157"
                          VPOS="2592"
                          HPOS="3528"
                          CONTENT="daer ontrent gelieve te volgen &amp; blijve naer pordiale groetenige"/>
               </TextLine>
               <TextLine ID="region_1644520838227_1094l24"
                         BASELINE="3504,2876 3601,2878 3699,2880 3797,2880 3895,2882 3993,2882 4091,2882 4189,2882 4287,2882 4385,2882 4483,2882 4580,2882 4678,2882 4776,2882 4874,2882 4972,2882 5070,2882 5168,2884 5266,2884 5364,2886 5462,2888"
                         HEIGHT="206"
                         WIDTH="1992"
                         VPOS="2734"
                         HPOS="3487">
                  <String ID="string_region_1644520838227_1094l24"
                          HEIGHT="206"
                          WIDTH="1992"
                          VPOS="2734"
                          HPOS="3487"
                          CONTENT="endont dhed sergevuyde Ady 12 may 1712"/>
               </TextLine>
               <TextLine ID="region_1644520838227_1094l25"
                         BASELINE="3586,2996 3702,2996 3818,2996 3934,2996 4051,2996 4167,2998 4283,2999 4400,3000 4516,3002 4632,3004 4749,3006 4865,3007 4981,3008 5097,3010 5214,3010 5330,3012 5446,3012 5563,3012 5679,3012 5795,3010 5912,3010"
                         HEIGHT="129"
                         WIDTH="2359"
                         VPOS="2915"
                         HPOS="3570">
                  <String ID="string_region_1644520838227_1094l25"
                          HEIGHT="129"
                          WIDTH="2359"
                          VPOS="2915"
                          HPOS="3570"
                          CONTENT="ick mij eef aengenaeme van 16 papt . 5: wel ontfanghen dien"/>
               </TextLine>
               <TextLine ID="region_1644520838227_1094l26"
                         BASELINE="3586,3108 3702,3112 3818,3115 3934,3118 4051,3120 4167,3124 4283,3126 4400,3128 4516,3130 4632,3131 4749,3132 4865,3134 4981,3136 5097,3136 5214,3138 5330,3138 5446,3138 5563,3140 5679,3140 5795,3140 5912,3140"
                         HEIGHT="214"
                         WIDTH="2361"
                         VPOS="3013"
                         HPOS="3568">
                  <String ID="string_region_1644520838227_1094l26"
                          HEIGHT="214"
                          WIDTH="2361"
                          VPOS="3013"
                          HPOS="3568"
                          CONTENT="volgens hebbe ue ordre voor 130 stlecken tijken volt weken g op is desed"/>
               </TextLine>
               <TextLine ID="region_1644520838227_1094l27"
                         BASELINE="3586,3234 3701,3236 3816,3240 3931,3242 4046,3244 4162,3246 4277,3248 4392,3250 4507,3250 4622,3252 4738,3253 4853,3254 4968,3256 5083,3256 5198,3258 5314,3258 5429,3260 5544,3262 5659,3264 5774,3266 5890,3268"
                         HEIGHT="176"
                         WIDTH="2338"
                         VPOS="3129"
                         HPOS="3570">
                  <String ID="string_region_1644520838227_1094l27"
                          HEIGHT="176"
                          WIDTH="2338"
                          VPOS="3129"
                          HPOS="3570"
                          CONTENT="op gepackt op wagens op brugge versonden g geaddreseert aen d'heer"/>
               </TextLine>
               <TextLine ID="region_1644520838227_1094l28"
                         BASELINE="3582,3370 3704,3370 3827,3372 3949,3372 4072,3374 4195,3374 4317,3376 4440,3377 4562,3378 4685,3380 4808,3380 4930,3382 5053,3382 5175,3382 5298,3384 5421,3384 5543,3382 5666,3382 5788,3380 5911,3378 6034,3376"
                         HEIGHT="158"
                         WIDTH="2483"
                         VPOS="3281"
                         HPOS="3567">
                  <String ID="string_region_1644520838227_1094l28"
                          HEIGHT="158"
                          WIDTH="2483"
                          VPOS="3281"
                          HPOS="3567"
                          CONTENT="laurence van Rentergen van ue ordre daer mede te volgen sijnde gemert "/>
               </TextLine>
               <TextLine ID="region_1644520838227_1094l29"
                         BASELINE="3590,3518 3707,3516 3824,3515 3941,3514 4058,3512 4175,3512 4292,3512 4409,3512 4526,3512 4643,3512 4761,3512 4878,3512 4995,3512 5112,3512 5229,3512 5346,3512 5463,3512 5580,3512 5697,3512 5814,3510 5932,3510"
                         HEIGHT="196"
                         WIDTH="2375"
                         VPOS="3385"
                         HPOS="3573">
                  <String ID="string_region_1644520838227_1094l29"
                          HEIGHT="196"
                          WIDTH="2375"
                          VPOS="3385"
                          HPOS="3573"
                          CONTENT="DM¼ &amp; hier benevens heeft ul de lackee manserende in ussel"/>
               </TextLine>
               <TextLine ID="region_1644520838227_1094l30"
                         BASELINE="3580,3634 3700,3634 3820,3634 3941,3636 4061,3636 4182,3636 4302,3636 4422,3636 4543,3638 4663,3638 4784,3638 4904,3638 5024,3638 5145,3636 5265,3636 5386,3636 5506,3634 5626,3632 5747,3631 5867,3629 5988,3626"
                         HEIGHT="174"
                         WIDTH="2440"
                         VPOS="3546"
                         HPOS="3564">
                  <String ID="string_region_1644520838227_1094l30"
                          HEIGHT="174"
                          WIDTH="2440"
                          VPOS="3546"
                          HPOS="3564"
                          CONTENT="gelde ƒ 1317:6 welcke gelievete examineren quaetwel bevinden "/>
               </TextLine>
               <TextLine ID="region_1644520838227_1094l31"
                         BASELINE="3556,3756 3679,3753 3802,3752 3926,3750 4049,3750 4173,3750 4296,3750 4419,3750 4543,3750 4666,3752 4790,3752 4913,3752 5036,3754 5160,3754 5283,3754 5407,3754 5530,3754 5653,3754 5777,3752 5900,3750 6024,3746"
                         HEIGHT="163"
                         WIDTH="2501"
                         VPOS="3634"
                         HPOS="3540">
                  <String ID="string_region_1644520838227_1094l31"
                          HEIGHT="163"
                          WIDTH="2501"
                          VPOS="3634"
                          HPOS="3540"
                          CONTENT="my voordes selfs waerde te crediteren hebbe met een stuck lijn waet van"/>
               </TextLine>
               <TextLine ID="region_1644520838227_1094l32"
                         BASELINE="3594,3864 3708,3864 3822,3864 3937,3866 4051,3866 4166,3869 4280,3870 4394,3874 4509,3876 4623,3879 4738,3882 4852,3884 4966,3888 5081,3889 5195,3892 5310,3892 5424,3894 5538,3894 5653,3894 5767,3892 5882,3892"
                         HEIGHT="189"
                         WIDTH="2323"
                         VPOS="3755"
                         HPOS="3577">
                  <String ID="string_region_1644520838227_1094l32"
                          HEIGHT="189"
                          WIDTH="2323"
                          VPOS="3755"
                          HPOS="3577"
                          CONTENT="t breedt connen becomen soo gelijck ue desineerde hebbe alle de"/>
               </TextLine>
               <TextLine ID="region_1644520838227_1094l33"
                         BASELINE="3598,3972 3714,3974 3831,3976 3948,3978 4065,3980 4182,3982 4298,3984 4415,3986 4532,3988 4649,3989 4766,3992 4882,3992 4999,3995 5116,3998 5233,3999 5350,4002 5466,4004 5583,4006 5700,4010 5817,4012 5934,4014"
                         HEIGHT="200"
                         WIDTH="2368"
                         VPOS="3877"
                         HPOS="3582">
                  <String ID="string_region_1644520838227_1094l33"
                          HEIGHT="200"
                          WIDTH="2368"
                          VPOS="3877"
                          HPOS="3582"
                          CONTENT="magesijnen van de stadt afgeweef ghet een gevonden de beste"/>
               </TextLine>
               <TextLine ID="region_1644520838227_1094l34"
                         BASELINE="3578,4108 3695,4110 3813,4110 3931,4112 4049,4112 4167,4114 4284,4114 4402,4116 4520,4116 4638,4116 4756,4118 4873,4118 4991,4118 5109,4120 5227,4120 5345,4122 5462,4124 5580,4124 5698,4126 5816,4129 5934,4132"
                         HEIGHT="222"
                         WIDTH="2389"
                         VPOS="3987"
                         HPOS="3562">
                  <String ID="string_region_1644520838227_1094l34"
                          HEIGHT="222"
                          WIDTH="2389"
                          VPOS="3987"
                          HPOS="3562"
                          CONTENT="ul daer waren was van 9t delle &amp; seer grief voor sjn prijs dat"/>
               </TextLine>
               <TextLine ID="region_1644520838227_1094l35"
                         BASELINE="3592,4232 3712,4232 3832,4232 3953,4234 4073,4234 4194,4236 4314,4238 4434,4238 4555,4240 4675,4242 4796,4244 4916,4244 5036,4246 5157,4246 5277,4246 5398,4246 5518,4246 5638,4244 5759,4242 5879,4240 6000,4238"
                         HEIGHT="213"
                         WIDTH="2441"
                         VPOS="4114"
                         HPOS="3576">
                  <String ID="string_region_1644520838227_1094l35"
                          HEIGHT="213"
                          WIDTH="2441"
                          VPOS="4114"
                          HPOS="3576"
                          CONTENT="oordeele ue niet geavenieren soude, soo dat geniootsocht gelveft"/>
               </TextLine>
               <TextLine ID="region_1644520838227_1094l36"
                         BASELINE="3606,4352 3727,4354 3849,4356 3970,4358 4092,4360 4213,4361 4335,4362 4456,4364 4578,4364 4699,4366 4821,4366 4942,4368 5064,4368 5185,4368 5307,4368 5428,4368 5550,4368 5671,4368 5793,4368 5914,4366 6036,4366"
                         HEIGHT="127"
                         WIDTH="2464"
                         VPOS="4287"
                         HPOS="3590">
                  <String ID="string_region_1644520838227_1094l36"
                          HEIGHT="127"
                          WIDTH="2464"
                          VPOS="4287"
                          HPOS="3590"
                          CONTENT="een stuck te gebreegken van soogeals het voorgaende et segente voor dgn "/>
               </TextLine>
               <TextLine ID="region_1644520838227_1094l37"
                         BASELINE="3614,4464 3735,4467 3857,4470 3978,4474 4100,4476 4221,4476 4343,4478 4464,4478 4586,4478 4707,4478 4829,4478 4950,4478 5072,4476 5193,4476 5315,4474 5436,4473 5558,4472 5679,4470 5801,4470 5922,4470 6044,4468"
                         HEIGHT="150"
                         WIDTH="2463"
                         VPOS="4373"
                         HPOS="3599">
                  <String ID="string_region_1644520838227_1094l37"
                          HEIGHT="150"
                          WIDTH="2463"
                          VPOS="4373"
                          HPOS="3599"
                          CONTENT="besoen synder qualijck raule sijn waeten van hooge prissen te becomen"/>
               </TextLine>
            </TextBlock>
         </PrintSpace>
      </Page>
   </Layout>
</alto>
