8378 4726
965 2607 2025 141 Know all men by these presents that I Daniel Gerards

989 2706 1948 168 Melyn of Antwerpen merchant do make constitute

1023 2795 1955 148 & appoint John Schoppens & John Edwards of London

1020 2878 1968 152 Merch. or Either of them my true & Lawfull attorney

1048 2952 1908 148 or attorneys for me in my name & on my behalf

1033 3031 1950 155 to sell assigne & transfer unto any Person or Porsons

1048 3108 1928 173 whatsoever all or any part of my Five hunderd pour

1292 3245 74 58 4

1159 3241 113 62 ap6

996 3216 1982 157 stock and of and in 4 principall stock

1047 3298 1880 147 and fund of the united comp of merchants of

1051 3398 1917 157 England srading to the East indies and to do all

1048 3469 1935 154 Lawfull acts requisite for Effecting of the premises

1051 3561 1943 186 Ratifying and Confirming all that my said attorne

1067 3642 1878 188 or attorneys shall doe therein by virtue hereof

1045 3738 1924 204 In Witness whereof I have here unto set my hand

2602 3822 340 83 day of aprill

1035 3856 1936 149 & seal in Antwerpen aforesaid the thirde

1049 3948 1917 132 724 New Stile, in the year one thousand seven hundred

1789 4025 464 119 twentie foure

2124 4002 812 194 Dan Ger Melyn

914 4075 903 112 sealed & delivred in the

917 4173 953 114 presence of us two Witnesses

911 4249 886 134 & me Notary publick

1308 4339 289 117 .N.

920 4349 197 119 N

1401 4410 224 127 .N.

943 4448 179 112 N
