8413 4706
2575 240 744 173 Adij 19 gbre 17722

844 263 929 174 Brussel Steph: Rousseau

1037 318 2359 185 J'ay receu l'honneur de la vre du 14 court: dont le contenu est bien

1046 500 2326 130 & le lharrewijn m'at envoye son ouvrage le jour, quand vous avez

1056 564 2351 128 bien voulue prendre la peine de le parles dont ie vous suis infinement

1047 622 2307 153 oblige. ie prend la liberte de vous envojer cy joint une lettre de

1057 728 2304 167 change de £220:- de change les deux usances a la charge

1034 805 2333 221 de mons pedro benedetto dux vous priant de la faire ceccepter,

1056 911 2289 183 ou faute protester, & me la renvoyer au plustoit possible, & en

1031 1013 2292 190 tous occasions, dispose reciproquement de celuy qui a l'honneur

2594 1094 471 191 Ady 20 d

1019 1149 349 150 d'estre

911 1244 607 180 hier marge suyers

1066 1274 2330 215 ue aengenamen van desen morgent is mij door den bode wel behandigh

1045 1404 2348 163 die mij oock de vierhondert & twaelf guldens courant gelt heeft overgetelt

1057 1526 2229 158 soo sende aen ue hier ingesloten den tatelbrief van dirickesens,

1049 1600 2268 187 betrouwende mij op ue dat voor kersemisse de vert sult hebben

1036 1722 2194 225 geeffent, &ul soude mij veel plaisir doen van weekkelijck

1085 1832 2268 159 eene somme te senden, dat ck lichtelijck doen can, vermits het

1056 1879 2155 252 nu den tijdt is dat uk get in comt dit dan afwaghtende

2649 1990 461 194 Ady 23 d

1053 2046 1129 188 blijve naer sorddale groetenisse

912 2158 1001 181 Amttm francisco Rousseau

1070 2236 2238 203 ue mij seer aengename 19 deses wel ontfanghen, wil hopen dat het

1065 2354 2282 180 met onse thee beter sal afloopen, als onse opinie is, waer van den

1067 2489 818 139 tijdt sullen afwaghten

1073 2507 2319 185 dat aengaet het graveren vant signet mijn intentie is oock geweest

1055 2600 2313 197 den schilt ovael te sijn, daer boven hellem, croone & het canver dock

1064 2711 2299 154 het cimier in dit afdruchtel denght gant niet waerom den lels

1074 2821 2273 173 teop uyt de patent hebbe laten teckimen die hier bij voege

1062 2942 2306 139 on dat den graveerder sigh daer nae soude reguleren & volgens ck

1056 3046 2267 155 de goetheydt heeft van mij te neteren, iets volmaecits sulo

1064 3117 2096 203 laten uyt voeren sal mij seer aengenam sijn, & salt met

1055 3209 2315 158 verlangen afwaghten, & versoecke het een saek lignt magh

1067 3325 2227 190 wesen soo gelijck het de mandere a conj is, & waer in ul

1068 3418 2095 228 reciproquelijck dienstigh nagh weten versoecke te

1046 3560 1542 164 comanderen die d'eere heeft van te syn

2351 3603 882 213 Ady 25 gbre 112

927 3672 979 184 Londn D'hr. Roger Coots

1144 3782 2249 168 ƒ 12 sbre & 17 past. waeren aen ue mijne laeste waer aen mij

1070 3876 2327 193 gedrage sedert geene van ue vernomen dat mij doedt vermoeden ce geene

1081 3959 2286 171 occasie contrescontreren oan mij te remitteren soo hebbe heden syndentet

1096 4057 2298 172 op lus getrocken t £52:00:6 en a 36:10 en op 15 dagen dato te betalen

1096 4152 2277 141 aen dordre van d heeren John schoppens & Jot Devards versoeckende

1096 4236 2194 185 alle eene aen dese mijne traitte te bereysen hebbe ul voor de selve

1094 4361 2284 173 gecrediteert voor ƒ 564:12 ½ sijnde tgene p lol dan de gesonden

3562 215 2443 141 bale si soen my s comende de lylen csten nu 2 st p il meer als ie ue geonden

3567 303 2422 111 hebbe quischien sal noch meer in toecomende moeten besteden vemits het garen

3574 387 2453 175 op geslagen is & de seten seer vaer echter als ue mij gelieft met ul ordie te vereeren

3573 462 2440 182 sal alle devoiren doen om de minste prijsen te becomen waer mede naeseer vande

3553 593 529 150 poetenisse blijve

4855 617 892 222 Adij 25 xber: 1712

3454 646 770 189 Anden deh Cohn Sakaalle

3581 724 2292 213 u mij seer aengenaem van 8 deser P  gisteren wel ontfangen daer bij

3580 852 2455 197 remise voor s £500 ten laste can R de sadelare tot gendt te betalen binnen

3565 979 2436 161 antwerpen die op 5 toecomende N.5. moet voldaen worden & sal het noodigh

3571 1057 2310 176 daer vooren beorgen &de geordonneerde soo stucken tijten ten beten prijse

3557 1179 2461 158 provideren & ceto mogelijck versenden waer van pnaeste voorser advies hebt t

3559 1265 2489 150 verwaghten waer mede naer cordiale groetenise gpresentatie van voorderendine

5815 1336 219 106 blijve

3462 1345 2363 209 London d' heeren Jan choppens 9At Dewards Adij 25 d apt

3563 1490 2344 136 ul mij seer aengenaeme van 22 pastt Cs wel ontfanghen daer bij de 2 see

3569 1606 2304 149 wissel brieven van ue remises voor so £150:- die gisteren betalt sijn ghebbe

3577 1683 2474 178 aen mijn schoon veder de s £8:- volgens ue ordre goedt gedaen qul. is bij hem

3571 1758 2462 191 daer vooren gecrediteert & ick hebbe ul gedebiteert voorde  van mjn £500:-

3563 1893 2498 174 banckactte vervallen 29 sber laest £wifterlinck hebbe ose rek courant geexamineer

3557 1999 2461 165 galles met ue conform besonden vervolgens gesloten quy op niuw rek gerediteert

3580 2119 2387 137 voor £4:12:- en die ue p saldo waren comende voordere sien de ortindia comp.

5461 2199 50 52 S

3571 2173 2348 187 syndentlijck noch geresolveert heeft int toecomende maer s p anneeur te

3581 2315 2445 128 betalen dat de priesen van daetien sul doen dalen a vreese selfs poniderabelom

3576 2386 2480 162 het verlies van hare 3 schepen die rijkelijck geladen waren waer mede patient

3568 2469 2412 192 moeten hebben hopende echter het divident dat 25 xber toecomende staedt te

3575 2607 2336 167 vervallen voldaen al woorden ingesloten remittere u so £ 52:00:6 en

3591 2667 2421 173 mijn eegen trato op  data ten laste m. Roger Coosse a costij versoeckende

3574 2762 2467 197 te laten accepteren g bij faute niet te protesteren alsoo het men ygen brief is

3590 2877 2433 172 echter wil hopen vereers sal worden qul: soude mij veel plaseerdoen van sigh

3590 2964 2437 163 eens te informenen naer sjne capassitijdt goft men niet geniessheydt met hem

5051 3058 359 91 Antworrt

3594 3055 2264 184 magh sorresponderen dit onderons pdieere van ue afwaghtende blijve

3591 3144 973 148 naer seer vrinde groetenisse

4858 3186 773 184 Adij 27 gbre 1722

3475 3239 919 161 Crthaut  Mons: Consls Janen

3584 3290 2450 201 ule aengenaem van 4 deser is mij wel geworden daer bij de rek van de geleverde tejten 130 ps

3571 3409 2397 142 die d'accordt hebbe bevonden quin assignatie voor ue suster van ƒ 1366:11: voor de selve

3595 3467 2326 153 partje betalt desen om ue toe te senden de onderschrove order voor 100 stacken tijken

3572 3550 2486 163 verpeckende van schoon goedt te senden &soo haest mogelijck op sondagh van het geschreden

3571 3683 2354 143 soo met sal die op toecomende donderdagh verwaghten waer mede naer groet blijve

3572 3764 1453 155 „40 ¼ groot loot 30 smalle „50 brelde streepen

3585 3849 1234 145 „ 20 ¼3 segels  16 small n00 breede de

3580 3926 1280 169 ito  3 segels s0 malle a 10 breede d

3563 4055 290 172 120 d.
