<?xml version="1.0" encoding="UTF-8"?>
<alto xmlns:xsi="http://www.w3.org/2001/XMLSchema-instance"
      xmlns="http://www.loc.gov/standards/alto/ns-v4#"
      xmlns:page="http://schema.primaresearch.org/PAGE/gts/pagecontent/2013-07-15"
      xsi:schemaLocation="http://www.loc.gov/standards/alto/ns-v4# https://www.loc.gov/standards/alto/v4/alto.xsd">
   <Description>
      <MeasurementUnit>pixel</MeasurementUnit>
      <OCRProcessing ID="IdOcr">
         <ocrProcessingStep>
            <processingDateTime>2022-02-11T21:40:29.365+01:00</processingDateTime>
            <processingSoftware>
               <softwareCreator>READ COOP</softwareCreator>
               <softwareName>Transkribus</softwareName>
            </processingSoftware>
         </ocrProcessingStep>
      </OCRProcessing>
   </Description>
   <Layout>
      <Page ID="Page1" PHYSICAL_IMG_NR="1" HEIGHT="4692" WIDTH="8317">
         <TopMargin HEIGHT="0" WIDTH="8317" VPOS="0" HPOS="0"/>
         <LeftMargin HEIGHT="4692" WIDTH="0" VPOS="0" HPOS="0"/>
         <RightMargin HEIGHT="4692" WIDTH="0" VPOS="0" HPOS="8317"/>
         <BottomMargin HEIGHT="0" WIDTH="8317" VPOS="4692" HPOS="0"/>
         <PrintSpace HEIGHT="4692" WIDTH="8317" VPOS="0" HPOS="0">
            <TextBlock ID="region_1644474977422_1804"
                       HEIGHT="4259"
                       WIDTH="2589"
                       VPOS="169"
                       HPOS="766">
               <Shape>
                  <Polygon POINTS="766,169 3355,169 3355,4428 766,4428"/>
               </Shape>
               <TextLine ID="region_1644474977422_1804l1"
                         BASELINE="2790,294 2816,294 2842,296 2868,296 2894,296 2920,298 2946,298 2972,298 2998,298 3024,298 3050,298 3076,298 3102,299 3128,300 3154,300 3180,300 3206,300 3232,302 3258,302 3284,303 3310,304"
                         HEIGHT="124"
                         WIDTH="550"
                         VPOS="223"
                         HPOS="2775">
                  <String ID="string_region_1644474977422_1804l1"
                          HEIGHT="124"
                          WIDTH="550"
                          VPOS="223"
                          HPOS="2775"
                          CONTENT="Adij 9 gber 1720"/>
               </TextLine>
               <TextLine ID="region_1644474977422_1804l2"
                         BASELINE="842,322 879,320 917,318 955,318 992,316 1030,316 1068,314 1105,314 1143,314 1181,314 1219,314 1256,314 1294,314 1332,315 1369,316 1407,316 1445,316 1482,314 1520,314 1558,314 1596,314"
                         HEIGHT="143"
                         WIDTH="785"
                         VPOS="242"
                         HPOS="825">
                  <String ID="string_region_1644474977422_1804l2"
                          HEIGHT="143"
                          WIDTH="785"
                          VPOS="242"
                          HPOS="825"
                          CONTENT="siverton Samuel bBooridge"/>
               </TextLine>
               <TextLine ID="region_1644474977422_1804l3"
                         BASELINE="1002,406 1116,406 1230,408 1344,408 1458,406 1572,406 1686,405 1800,404 1914,402 2028,400 2143,398 2257,396 2371,394 2485,392 2599,390 2713,388 2827,386 2941,384 3055,384 3169,384 3284,384"
                         HEIGHT="133"
                         WIDTH="2314"
                         VPOS="314"
                         HPOS="987">
                  <String ID="string_region_1644474977422_1804l3"
                          HEIGHT="133"
                          WIDTH="2314"
                          VPOS="314"
                          HPOS="987"
                          CONTENT="beyde ue aengename van 14 &amp; 21 sber 0:5. bij tijde wel ontfanghen met advies"/>
               </TextLine>
               <TextLine ID="region_1644474977422_1804l4"
                         BASELINE="1004,496 1117,498 1231,500 1345,500 1459,500 1573,498 1687,496 1801,494 1915,492 2029,490 2143,488 2256,484 2370,482 2484,479 2598,476 2712,473 2826,470 2940,468 3054,466 3168,464 3282,464"
                         HEIGHT="131"
                         WIDTH="2311"
                         VPOS="388"
                         HPOS="988">
                  <String ID="string_region_1644474977422_1804l4"
                          HEIGHT="131"
                          WIDTH="2311"
                          VPOS="388"
                          HPOS="988"
                          CONTENT="dat mijne twee remises ul: wel geworden waray de laette van £128:15 3"/>
               </TextLine>
               <TextLine ID="region_1644474977422_1804l5"
                         BASELINE="996,596 1113,596 1230,594 1347,594 1464,592 1582,589 1699,586 1816,584 1933,582 2050,579 2168,576 2285,573 2402,570 2519,567 2636,564 2754,562 2871,559 2988,558 3105,556 3222,554 3340,552"
                         HEIGHT="190"
                         WIDTH="2378"
                         VPOS="433"
                         HPOS="979">
                  <String ID="string_region_1644474977422_1804l5"
                          HEIGHT="190"
                          WIDTH="2378"
                          VPOS="433"
                          HPOS="979"
                          CONTENT="sal noch niet betaelt sijn, vervalt 13 deser N.5. wil dencken dat sal geaccepten"/>
               </TextLine>
               <TextLine ID="region_1644474977422_1804l6"
                         BASELINE="994,696 1108,694 1222,692 1336,690 1450,688 1564,686 1678,682 1792,680 1906,678 2020,674 2134,672 2248,668 2362,665 2476,662 2590,660 2704,656 2818,653 2932,650 3046,647 3160,644 3274,642"
                         HEIGHT="155"
                         WIDTH="2309"
                         VPOS="590"
                         HPOS="978">
                  <String ID="string_region_1644474977422_1804l6"
                          HEIGHT="155"
                          WIDTH="2309"
                          VPOS="590"
                          HPOS="978"
                          CONTENT="sijn, door soel welson, tot wiens latte door huggen &amp; hotham getrocken op"/>
               </TextLine>
               <TextLine ID="region_1644474977422_1804l7"
                         BASELINE="1026,794 1137,793 1248,792 1359,790 1470,788 1582,784 1693,782 1804,780 1915,776 2026,774 2138,770 2249,766 2360,762 2471,758 2582,755 2694,752 2805,748 2916,744 3027,740 3138,735 3250,732"
                         HEIGHT="198"
                         WIDTH="2260"
                         VPOS="667"
                         HPOS="1008">
                  <String ID="string_region_1644474977422_1804l7"
                          HEIGHT="198"
                          WIDTH="2260"
                          VPOS="667"
                          HPOS="1008"
                          CONTENT="13 sber 2 usos men seght dat desen toecker ophaidt te betalen, soo den"/>
               </TextLine>
               <TextLine ID="region_1644474977422_1804l8"
                         BASELINE="1010,896 1122,894 1235,892 1348,889 1460,886 1573,884 1686,882 1798,878 1911,876 2024,872 2137,868 2249,865 2362,862 2475,858 2587,854 2700,850 2813,846 2925,842 3038,838 3151,834 3264,830"
                         HEIGHT="175"
                         WIDTH="2284"
                         VPOS="760"
                         HPOS="993">
                  <String ID="string_region_1644474977422_1804l8"
                          HEIGHT="175"
                          WIDTH="2284"
                          VPOS="760"
                          HPOS="993"
                          CONTENT="acceptant oock manqueert sal die weirde moeten verlieten, bidde op"/>
               </TextLine>
               <TextLine ID="region_1644474977422_1804l9"
                         BASELINE="1014,996 1130,992 1246,990 1362,987 1478,984 1595,982 1711,978 1827,974 1943,972 2059,969 2176,965 2292,962 2408,958 2524,954 2640,950 2757,945 2873,942 2989,936 3105,931 3221,926 3338,920"
                         HEIGHT="196"
                         WIDTH="2354"
                         VPOS="844"
                         HPOS="997">
                  <String ID="string_region_1644474977422_1804l9"
                          HEIGHT="196"
                          WIDTH="2354"
                          VPOS="844"
                          HPOS="997"
                          CONTENT="ontfangh deser cito aen ue vrindt die den selven wisselbrief in handen heeft"/>
               </TextLine>
               <TextLine ID="region_1644474977422_1804l10"
                         BASELINE="1002,1096 1117,1094 1233,1092 1349,1089 1465,1086 1581,1083 1697,1079 1813,1076 1929,1072 2045,1068 2161,1064 2276,1060 2392,1055 2508,1051 2624,1046 2740,1042 2856,1037 2972,1032 3088,1027 3204,1022 3320,1018"
                         HEIGHT="183"
                         WIDTH="2351"
                         VPOS="940"
                         HPOS="986">
                  <String ID="string_region_1644474977422_1804l10"
                          HEIGHT="183"
                          WIDTH="2351"
                          VPOS="940"
                          HPOS="986"
                          CONTENT="te schrijven, dat hij aen mij aenstonts laet weeten, oft den acceptant betaelt"/>
               </TextLine>
               <TextLine ID="region_1644474977422_1804l11"
                         BASELINE="1010,1198 1116,1195 1223,1192 1330,1188 1437,1185 1544,1180 1651,1178 1758,1174 1865,1170 1972,1166 2079,1162 2185,1158 2292,1154 2399,1150 2506,1145 2613,1140 2720,1135 2827,1129 2934,1124 3041,1118 3148,1112"
                         HEIGHT="214"
                         WIDTH="2172"
                         VPOS="1060"
                         HPOS="991">
                  <String ID="string_region_1644474977422_1804l11"
                          HEIGHT="214"
                          WIDTH="2172"
                          VPOS="1060"
                          HPOS="991"
                          CONTENT="heeft, oft voor goedt gehonden woodt &amp; daer niet voorte vreeken is"/>
               </TextLine>
               <TextLine ID="region_1644474977422_1804l12"
                         BASELINE="1010,1300 1122,1296 1234,1292 1347,1288 1459,1284 1572,1280 1684,1274 1796,1270 1909,1265 2021,1260 2134,1255 2246,1250 2358,1245 2471,1240 2583,1236 2696,1230 2808,1224 2920,1220 3033,1215 3145,1209 3258,1204"
                         HEIGHT="256"
                         WIDTH="2286"
                         VPOS="1075"
                         HPOS="990">
                  <String ID="string_region_1644474977422_1804l12"
                          HEIGHT="256"
                          WIDTH="2286"
                          VPOS="1075"
                          HPOS="990"
                          CONTENT="de entallijsia banqueroete, die er tot amst london &amp; voorcomn"/>
               </TextLine>
               <TextLine ID="region_1644474977422_1804l13"
                         BASELINE="1020,1398 1132,1394 1244,1390 1357,1387 1469,1382 1582,1379 1694,1374 1806,1370 1919,1365 2031,1361 2144,1356 2256,1351 2368,1345 2481,1340 2593,1335 2706,1328 2818,1322 2930,1316 3043,1308 3155,1301 3268,1294"
                         HEIGHT="225"
                         WIDTH="2280"
                         VPOS="1232"
                         HPOS="1001">
                  <String ID="string_region_1644474977422_1804l13"
                          HEIGHT="225"
                          WIDTH="2280"
                          VPOS="1232"
                          HPOS="1001"
                          CONTENT="sijn niet te meden, &amp; alle van de principaeltte comptoiren, doen ider"/>
               </TextLine>
               <TextLine ID="region_1644474977422_1804l14"
                         BASELINE="1016,1492 1121,1489 1227,1484 1333,1481 1439,1478 1545,1474 1650,1470 1756,1466 1862,1462 1968,1458 2074,1454 2179,1450 2285,1446 2391,1442 2497,1437 2603,1431 2708,1427 2814,1420 2920,1415 3026,1408 3132,1402"
                         HEIGHT="165"
                         WIDTH="2146"
                         VPOS="1342"
                         HPOS="1000">
                  <String ID="string_region_1644474977422_1804l14"
                          HEIGHT="165"
                          WIDTH="2146"
                          VPOS="1342"
                          HPOS="1000"
                          CONTENT="een scmidden beven, den ondergence van alle negotie &amp;wissel"/>
               </TextLine>
               <TextLine ID="region_1644474977422_1804l15"
                         BASELINE="1034,1586 1144,1584 1255,1582 1365,1580 1476,1577 1587,1572 1697,1568 1808,1564 1918,1560 2029,1556 2140,1550 2250,1545 2361,1540 2471,1535 2582,1531 2693,1526 2803,1521 2914,1517 3024,1512 3135,1509 3246,1506"
                         HEIGHT="183"
                         WIDTH="2248"
                         VPOS="1450"
                         HPOS="1016">
                  <String ID="string_region_1644474977422_1804l15"
                          HEIGHT="183"
                          WIDTH="2248"
                          VPOS="1450"
                          HPOS="1016"
                          CONTENT="veroortalien de wantrouwe tusschen den emen &amp; den anderen de"/>
               </TextLine>
               <TextLine ID="region_1644474977422_1804l16"
                         BASELINE="1014,1682 1126,1680 1239,1678 1352,1676 1465,1673 1578,1669 1691,1666 1804,1662 1917,1658 2030,1654 2143,1649 2255,1645 2368,1640 2481,1635 2594,1631 2707,1626 2820,1620 2933,1616 3046,1611 3159,1606 3272,1602"
                         HEIGHT="158"
                         WIDTH="2288"
                         VPOS="1563"
                         HPOS="998">
                  <String ID="string_region_1644474977422_1804l16"
                          HEIGHT="158"
                          WIDTH="2288"
                          VPOS="1563"
                          HPOS="998"
                          CONTENT="wolle negotie is nu gans doort, &amp; Engelant salt wel gevoelen, godt"/>
               </TextLine>
               <TextLine ID="region_1644474977422_1804l17"
                         BASELINE="1018,1786 1092,1783 1167,1781 1242,1780 1317,1776 1392,1775 1466,1774 1541,1772 1616,1770 1691,1768 1766,1766 1840,1764 1915,1762 1990,1758 2065,1755 2140,1752 2214,1748 2289,1744 2364,1739 2439,1733 2514,1728"
                         HEIGHT="184"
                         WIDTH="1528"
                         VPOS="1652"
                         HPOS="1000">
                  <String ID="string_region_1644474977422_1804l17"
                          HEIGHT="184"
                          WIDTH="1528"
                          VPOS="1652"
                          HPOS="1000"
                          CONTENT="betert, ick winste daer gans uyt te wesen"/>
               </TextLine>
               <TextLine ID="region_1644474977422_1804l18"
                         BASELINE="1034,1882 1148,1880 1262,1878 1377,1876 1491,1872 1606,1870 1720,1866 1834,1862 1949,1859 2063,1854 2178,1850 2292,1846 2406,1842 2521,1838 2635,1832 2750,1827 2864,1822 2978,1817 3093,1812 3207,1808 3322,1802"
                         HEIGHT="172"
                         WIDTH="2322"
                         VPOS="1724"
                         HPOS="1018">
                  <String ID="string_region_1644474977422_1804l18"
                          HEIGHT="172"
                          WIDTH="2322"
                          VPOS="1724"
                          HPOS="1018"
                          CONTENT="wat aengaet de oncotten op N. 24 „ 25 tot london blijft tot ik laste"/>
               </TextLine>
               <TextLine ID="region_1644474977422_1804l19"
                         BASELINE="1034,1980 1148,1978 1262,1976 1376,1974 1490,1972 1605,1970 1719,1966 1833,1964 1947,1960 2061,1956 2176,1953 2290,1948 2404,1944 2518,1940 2632,1935 2747,1931 2861,1925 2975,1920 3089,1915 3203,1910 3318,1904"
                         HEIGHT="148"
                         WIDTH="2317"
                         VPOS="1869"
                         HPOS="1016">
                  <String ID="string_region_1644474977422_1804l19"
                          HEIGHT="148"
                          WIDTH="2317"
                          VPOS="1869"
                          HPOS="1016"
                          CONTENT="om reden uewel bestent daerom moet mijne dekeninge daer niet"/>
               </TextLine>
               <TextLine ID="region_1644474977422_1804l20"
                         BASELINE="1026,2078 1137,2078 1248,2076 1359,2074 1470,2072 1581,2070 1692,2067 1803,2064 1914,2060 2025,2056 2137,2052 2248,2048 2359,2044 2470,2038 2581,2034 2692,2029 2803,2024 2914,2019 3025,2014 3136,2008 3248,2004"
                         HEIGHT="177"
                         WIDTH="2257"
                         VPOS="1928"
                         HPOS="1009">
                  <String ID="string_region_1644474977422_1804l20"
                          HEIGHT="177"
                          WIDTH="2257"
                          VPOS="1928"
                          HPOS="1009"
                          CONTENT="mede belatten, &amp; soo de voors remise betaelt sal sijn onse re"/>
               </TextLine>
               <TextLine ID="region_1644474977422_1804l21"
                         BASELINE="1000,2184 1113,2182 1226,2180 1340,2178 1453,2175 1567,2172 1680,2169 1793,2166 1907,2162 2020,2158 2134,2154 2247,2149 2360,2144 2474,2140 2587,2134 2701,2128 2814,2122 2927,2116 3041,2108 3154,2101 3268,2092"
                         HEIGHT="205"
                         WIDTH="2303"
                         VPOS="2031"
                         HPOS="982">
                  <String ID="string_region_1644474977422_1804l21"
                          HEIGHT="205"
                          WIDTH="2303"
                          VPOS="2031"
                          HPOS="982"
                          CONTENT="coorant sluijten, de antwoordt van ue vriedt van london met"/>
               </TextLine>
               <TextLine ID="region_1644474977422_1804l22"
                         BASELINE="1026,2292 1140,2288 1254,2286 1368,2282 1482,2278 1597,2274 1711,2270 1825,2266 1939,2262 2053,2258 2168,2253 2282,2250 2396,2244 2510,2240 2624,2234 2739,2228 2853,2222 2967,2217 3081,2210 3195,2203 3310,2196"
                         HEIGHT="254"
                         WIDTH="2315"
                         VPOS="2111"
                         HPOS="1008">
                  <String ID="string_region_1644474977422_1804l22"
                          HEIGHT="254"
                          WIDTH="2315"
                          VPOS="2111"
                          HPOS="1008"
                          CONTENT="groote impatientie afwaghtende, blijve naer cordiale groetenisen"/>
               </TextLine>
               <TextLine ID="region_1644474977422_1804l23"
                         BASELINE="2838,2318 2864,2318 2891,2315 2918,2314 2944,2312 2971,2310 2998,2308 3025,2307 3051,2305 3078,2304 3105,2303 3131,2302 3158,2301 3185,2299 3212,2298"
                         HEIGHT="147"
                         WIDTH="409"
                         VPOS="2208"
                         HPOS="2820">
                  <String ID="string_region_1644474977422_1804l23"
                          HEIGHT="147"
                          WIDTH="409"
                          VPOS="2208"
                          HPOS="2820"
                          CONTENT="Adij 9 di"/>
               </TextLine>
               <TextLine ID="region_1644474977422_1804l24"
                         BASELINE="872,2412 911,2408 951,2404 991,2400 1031,2398 1071,2396 1111,2393 1151,2392 1191,2390 1231,2389 1271,2387 1310,2386 1350,2386 1390,2384 1430,2384 1470,2382 1510,2382 1550,2380 1590,2380 1630,2378 1670,2378"
                         HEIGHT="156"
                         WIDTH="832"
                         VPOS="2294"
                         HPOS="855">
                  <String ID="string_region_1644474977422_1804l24"
                          HEIGHT="156"
                          WIDTH="832"
                          VPOS="2294"
                          HPOS="855"
                          CONTENT="London hennilton &amp; Coosie"/>
               </TextLine>
               <TextLine ID="region_1644474977422_1804l25"
                         BASELINE="1042,2484 1155,2482 1268,2478 1382,2475 1495,2472 1609,2468 1722,2466 1835,2462 1949,2458 2062,2456 2176,2452 2289,2448 2402,2444 2516,2440 2629,2436 2743,2432 2856,2430 2969,2426 3083,2422 3196,2418 3310,2414"
                         HEIGHT="234"
                         WIDTH="2298"
                         VPOS="2307"
                         HPOS="1026">
                  <String ID="string_region_1644474977422_1804l25"
                          HEIGHT="234"
                          WIDTH="2298"
                          VPOS="2307"
                          HPOS="1026"
                          CONTENT="op 26 pass was aen ick: mijnen laetten, sedert is me peter morgan hier bij"/>
               </TextLine>
               <TextLine ID="region_1644474977422_1804l26"
                         BASELINE="1040,2580 1152,2576 1264,2572 1376,2569 1488,2566 1601,2562 1713,2560 1825,2556 1937,2553 2049,2550 2162,2546 2274,2544 2386,2540 2498,2536 2610,2532 2723,2528 2835,2523 2947,2518 3059,2514 3171,2506 3284,2500"
                         HEIGHT="191"
                         WIDTH="2277"
                         VPOS="2416"
                         HPOS="1024">
                  <String ID="string_region_1644474977422_1804l26"
                          HEIGHT="191"
                          WIDTH="2277"
                          VPOS="2416"
                          HPOS="1024"
                          CONTENT="mij geweest, gheeft ul brief van 26 sber 8. 5 mij wel behandight, ickk"/>
               </TextLine>
               <TextLine ID="region_1644474977422_1804l27"
                         BASELINE="1024,2676 1135,2672 1246,2668 1357,2666 1468,2662 1579,2660 1690,2658 1801,2654 1912,2652 2023,2648 2135,2645 2246,2642 2357,2638 2468,2634 2579,2630 2690,2626 2801,2620 2912,2615 3023,2608 3134,2601 3246,2594"
                         HEIGHT="171"
                         WIDTH="2257"
                         VPOS="2540"
                         HPOS="1007">
                  <String ID="string_region_1644474977422_1804l27"
                          HEIGHT="171"
                          WIDTH="2257"
                          VPOS="2540"
                          HPOS="1007"
                          CONTENT="kan hem ten regarde van de clous &amp; van den berg niet helpen, dat is "/>
               </TextLine>
               <TextLine ID="region_1644474977422_1804l28"
                         BASELINE="1052,2772 1161,2768 1271,2765 1381,2761 1491,2758 1601,2755 1711,2752 1821,2749 1931,2746 2041,2742 2151,2739 2260,2736 2370,2733 2480,2729 2590,2724 2700,2720 2810,2714 2920,2710 3030,2704 3140,2697 3250,2690"
                         HEIGHT="208"
                         WIDTH="2232"
                         VPOS="2623"
                         HPOS="1034">
                  <String ID="string_region_1644474977422_1804l28"
                          HEIGHT="208"
                          WIDTH="2232"
                          VPOS="2623"
                          HPOS="1034"
                          CONTENT="eenen grooten fiel &amp; daer is niets van te hepen. ick doen de large"/>
               </TextLine>
               <TextLine ID="region_1644474977422_1804l29"
                         BASELINE="1046,2872 1161,2868 1276,2864 1392,2860 1507,2858 1623,2854 1738,2850 1853,2846 1969,2843 2084,2840 2200,2836 2315,2832 2430,2828 2546,2825 2661,2821 2777,2818 2892,2814 3007,2809 3123,2804 3238,2800 3354,2796"
                         HEIGHT="148"
                         WIDTH="2339"
                         VPOS="2743"
                         HPOS="1028">
                  <String ID="string_region_1644474977422_1804l29"
                          HEIGHT="148"
                          WIDTH="2339"
                          VPOS="2743"
                          HPOS="1028"
                          CONTENT="negotie niet nae daerom hebbe hem bedanckt voor sijne presentatie"/>
               </TextLine>
               <TextLine ID="region_1644474977422_1804l30"
                         BASELINE="1036,2986 1148,2978 1261,2972 1373,2968 1486,2962 1598,2958 1711,2954 1823,2950 1936,2948 2048,2944 2161,2940 2273,2938 2386,2934 2498,2930 2611,2927 2723,2922 2836,2918 2948,2913 3061,2908 3173,2902 3286,2894"
                         HEIGHT="173"
                         WIDTH="2286"
                         VPOS="2847"
                         HPOS="1016">
                  <String ID="string_region_1644474977422_1804l30"
                          HEIGHT="173"
                          WIDTH="2286"
                          VPOS="2847"
                          HPOS="1016"
                          CONTENT="Ick hebbe hem gevraeght oft hij de ƒ800:- soude betalen &amp; seght"/>
               </TextLine>
               <TextLine ID="region_1644474977422_1804l31"
                         BASELINE="1040,3080 1151,3076 1263,3074 1374,3070 1486,3066 1598,3063 1709,3060 1821,3056 1932,3052 2044,3048 2156,3044 2267,3040 2379,3036 2490,3032 2602,3028 2714,3024 2825,3020 2937,3016 3048,3012 3160,3008 3272,3004"
                         HEIGHT="213"
                         WIDTH="2266"
                         VPOS="2918"
                         HPOS="1023">
                  <String ID="string_region_1644474977422_1804l31"
                          HEIGHT="213"
                          WIDTH="2266"
                          VPOS="2918"
                          HPOS="1023"
                          CONTENT="van ue contra ordre heeft dat ue mij remitteren soude &amp; hebbe"/>
               </TextLine>
               <TextLine ID="region_1644474977422_1804l32"
                         BASELINE="1060,3176 1173,3172 1286,3168 1399,3166 1513,3162 1626,3160 1739,3157 1853,3154 1966,3150 2079,3148 2193,3144 2306,3142 2419,3138 2532,3134 2646,3132 2759,3128 2872,3124 2986,3120 3099,3116 3212,3112 3326,3108"
                         HEIGHT="170"
                         WIDTH="2297"
                         VPOS="3032"
                         HPOS="1043">
                  <String ID="string_region_1644474977422_1804l32"
                          HEIGHT="170"
                          WIDTH="2297"
                          VPOS="3032"
                          HPOS="1043"
                          CONTENT="tot noch toe van ue geen remise vernomen, voor de geordonneerde "/>
               </TextLine>
               <TextLine ID="region_1644474977422_1804l33"
                         BASELINE="1050,3284 1158,3278 1266,3272 1375,3268 1483,3264 1592,3260 1700,3258 1808,3254 1917,3252 2025,3250 2134,3248 2242,3246 2350,3244 2459,3241 2567,3238 2676,3236 2784,3232 2892,3228 3001,3223 3109,3218 3218,3212"
                         HEIGHT="149"
                         WIDTH="2200"
                         VPOS="3149"
                         HPOS="1032">
                  <String ID="string_region_1644474977422_1804l33"
                          HEIGHT="149"
                          WIDTH="2200"
                          VPOS="3149"
                          HPOS="1032"
                          CONTENT="100 ps tijkin, wat dat beduyt can niet bevatten, &amp; ue eerste"/>
               </TextLine>
               <TextLine ID="region_1644474977422_1804l34"
                         BASELINE="1060,3382 1167,3376 1274,3369 1381,3365 1488,3360 1595,3357 1702,3354 1809,3352 1916,3350 2023,3347 2131,3344 2238,3344 2345,3341 2452,3338 2559,3336 2666,3334 2773,3330 2880,3325 2987,3320 3094,3315 3202,3308"
                         HEIGHT="174"
                         WIDTH="2171"
                         VPOS="3228"
                         HPOS="1043">
                  <String ID="string_region_1644474977422_1804l34"
                          HEIGHT="174"
                          WIDTH="2171"
                          VPOS="3228"
                          HPOS="1043"
                          CONTENT="sal dan remises afwaghten, als wannee de voorss goederen ue"/>
               </TextLine>
               <TextLine ID="region_1644474977422_1804l35"
                         BASELINE="1052,3484 1163,3478 1274,3471 1385,3466 1497,3462 1608,3458 1719,3454 1831,3452 1942,3448 2053,3446 2165,3443 2276,3440 2387,3438 2498,3436 2610,3433 2721,3430 2832,3428 2944,3424 3055,3420 3166,3415 3278,3410"
                         HEIGHT="180"
                         WIDTH="2260"
                         VPOS="3337"
                         HPOS="1035">
                  <String ID="string_region_1644474977422_1804l35"
                          HEIGHT="180"
                          WIDTH="2260"
                          VPOS="3337"
                          HPOS="1035"
                          CONTENT="sullen toegesonden worden waer mede nae cordiale groetenisse blijve"/>
               </TextLine>
               <TextLine ID="region_1644474977422_1804l36"
                         BASELINE="2798,3520 2823,3522 2848,3523 2873,3525 2898,3526 2923,3527 2949,3528 2974,3528 2999,3528 3024,3528 3049,3528 3074,3527 3100,3526 3125,3525 3150,3524 3175,3523 3200,3522 3226,3520"
                         HEIGHT="153"
                         WIDTH="457"
                         VPOS="3424"
                         HPOS="2783">
                  <String ID="string_region_1644474977422_1804l36"
                          HEIGHT="153"
                          WIDTH="457"
                          VPOS="3424"
                          HPOS="2783"
                          CONTENT="Adij 9 d"/>
               </TextLine>
               <TextLine ID="region_1644474977422_1804l37"
                         BASELINE="898,3602 943,3600 988,3596 1033,3593 1078,3591 1123,3588 1168,3585 1213,3584 1258,3582 1303,3580 1348,3578 1393,3576 1438,3574 1483,3573 1528,3570 1573,3569 1618,3568 1663,3566 1708,3564 1753,3562 1798,3562"
                         HEIGHT="209"
                         WIDTH="936"
                         VPOS="3463"
                         HPOS="878">
                  <String ID="string_region_1644474977422_1804l37"
                          HEIGHT="209"
                          WIDTH="936"
                          VPOS="3463"
                          HPOS="878"
                          CONTENT="Swerton witt: &amp; Lanm. lewis"/>
               </TextLine>
               <TextLine ID="region_1644474977422_1804l38"
                         BASELINE="1064,3692 1176,3686 1288,3680 1400,3674 1512,3670 1625,3667 1737,3664 1849,3662 1961,3660 2073,3658 2186,3658 2298,3656 2410,3654 2522,3654 2634,3652 2747,3650 2859,3649 2971,3646 3083,3644 3195,3641 3308,3636"
                         HEIGHT="185"
                         WIDTH="2276"
                         VPOS="3564"
                         HPOS="1047">
                  <String ID="string_region_1644474977422_1804l38"
                          HEIGHT="185"
                          WIDTH="2276"
                          VPOS="3564"
                          HPOS="1047"
                          CONTENT="ues aengen ame van 5 pass. 6:3. wel ontfanghen, met advies dat"/>
               </TextLine>
               <TextLine ID="region_1644474977422_1804l39"
                         BASELINE="1052,3792 1163,3784 1274,3777 1385,3772 1496,3768 1608,3764 1719,3761 1830,3760 1941,3758 2052,3756 2164,3756 2275,3754 2386,3754 2497,3752 2608,3752 2720,3750 2831,3747 2942,3744 3053,3739 3164,3734 3276,3728"
                         HEIGHT="165"
                         WIDTH="2255"
                         VPOS="3653"
                         HPOS="1036">
                  <String ID="string_region_1644474977422_1804l39"
                          HEIGHT="165"
                          WIDTH="2255"
                          VPOS="3653"
                          HPOS="1036"
                          CONTENT="mijne remise om £71:6p us: wel was gewerden, sedert is John"/>
               </TextLine>
               <TextLine ID="region_1644474977422_1804l40"
                         BASELINE="1054,3886 1162,3879 1270,3874 1379,3870 1487,3866 1596,3864 1704,3862 1812,3860 1921,3858 2029,3858 2138,3857 2246,3856 2354,3856 2463,3854 2571,3852 2680,3849 2788,3846 2896,3841 3005,3834 3113,3828 3222,3820"
                         HEIGHT="169"
                         WIDTH="2201"
                         VPOS="3739"
                         HPOS="1038">
                  <String ID="string_region_1644474977422_1804l40"
                          HEIGHT="169"
                          WIDTH="2201"
                          VPOS="3739"
                          HPOS="1038"
                          CONTENT="boridge salo tot ostende gearriveert dogh weete niet oft de "/>
               </TextLine>
               <TextLine ID="region_1644474977422_1804l41"
                         BASELINE="1046,3986 1157,3982 1269,3980 1380,3976 1492,3974 1604,3972 1715,3970 1827,3966 1938,3965 2050,3964 2162,3962 2273,3960 2385,3958 2496,3956 2608,3954 2720,3950 2831,3948 2943,3944 3054,3941 3166,3936 3278,3932"
                         HEIGHT="216"
                         WIDTH="2263"
                         VPOS="3842"
                         HPOS="1030">
                  <String ID="string_region_1644474977422_1804l41"
                          HEIGHT="216"
                          WIDTH="2263"
                          VPOS="3842"
                          HPOS="1030"
                          CONTENT="geordonneerde sarges ue: daer mede sal gesonden hebben vermits"/>
               </TextLine>
               <TextLine ID="region_1644474977422_1804l42"
                         BASELINE="1058,4084 1170,4079 1282,4076 1394,4073 1506,4070 1619,4068 1731,4066 1843,4064 1955,4064 2067,4062 2180,4060 2292,4060 2404,4058 2516,4056 2628,4054 2741,4052 2853,4050 2965,4047 3077,4044 3189,4040 3302,4034"
                         HEIGHT="168"
                         WIDTH="2274"
                         VPOS="3933"
                         HPOS="1042">
                  <String ID="string_region_1644474977422_1804l42"
                          HEIGHT="168"
                          WIDTH="2274"
                          VPOS="3933"
                          HPOS="1042"
                          CONTENT="noch geene stalee &amp; facture verneme denesie echter dese occasie"/>
               </TextLine>
               <TextLine ID="region_1644474977422_1804l43"
                         BASELINE="1062,4190 1171,4183 1281,4178 1391,4173 1501,4170 1611,4166 1721,4162 1831,4161 1941,4158 2051,4158 2161,4156 2270,4154 2380,4154 2490,4152 2600,4152 2710,4150 2820,4148 2930,4146 3040,4144 3150,4140 3260,4136"
                         HEIGHT="159"
                         WIDTH="2227"
                         VPOS="4066"
                         HPOS="1047">
                  <String ID="string_region_1644474977422_1804l43"
                          HEIGHT="159"
                          WIDTH="2227"
                          VPOS="4066"
                          HPOS="1047"
                          CONTENT="niet sult hebben voor bij laten gaen, soo niet geschiedt is, sult"/>
               </TextLine>
               <TextLine ID="region_1644474977422_1804l44"
                         BASELINE="1054,4298 1165,4290 1276,4282 1387,4276 1498,4272 1609,4268 1720,4264 1831,4262 1942,4260 2053,4258 2164,4256 2275,4256 2386,4254 2497,4253 2608,4252 2719,4250 2830,4248 2941,4246 3052,4242 3163,4238 3274,4234"
                         HEIGHT="153"
                         WIDTH="2254"
                         VPOS="4191"
                         HPOS="1036">
                  <String ID="string_region_1644474977422_1804l44"
                          HEIGHT="153"
                          WIDTH="2254"
                          VPOS="4191"
                          HPOS="1036"
                          CONTENT="die goederen niet senden, voor nader ordre den treckier van de"/>
               </TextLine>
               <TextLine ID="region_1644474977422_1804l45"
                         BASELINE="1068,4392 1178,4388 1289,4384 1400,4380 1511,4376 1622,4373 1732,4370 1843,4368 1954,4366 2065,4362 2176,4361 2286,4360 2397,4358 2508,4356 2619,4354 2730,4354 2840,4352 2951,4352 3062,4351 3173,4350 3284,4350"
                         HEIGHT="219"
                         WIDTH="2248"
                         VPOS="4239"
                         HPOS="1051">
                  <String ID="string_region_1644474977422_1804l45"
                          HEIGHT="219"
                          WIDTH="2248"
                          VPOS="4239"
                          HPOS="1051"
                          CONTENT="voors remise manqueert te betalen &amp; vreete van doch watson"/>
               </TextLine>
            </TextBlock>
            <TextBlock ID="region_1644474981281_1807"
                       HEIGHT="4169"
                       WIDTH="2630"
                       VPOS="176"
                       HPOS="3390">
               <Shape>
                  <Polygon POINTS="3390,176 6020,176 6020,4345 3390,4345"/>
               </Shape>
               <TextLine ID="region_1644474981281_1807l1"
                         BASELINE="3572,296 3691,290 3810,286 3929,282 4048,280 4167,278 4286,276 4405,276 4524,276 4643,276 4762,276 4881,276 5000,276 5119,274 5238,274 5357,272 5476,270 5595,268 5714,263 5833,258 5952,252"
                         HEIGHT="115"
                         WIDTH="2411"
                         VPOS="190"
                         HPOS="3558">
                  <String ID="string_region_1644474981281_1807l1"
                          HEIGHT="115"
                          WIDTH="2411"
                          VPOS="190"
                          HPOS="3558"
                          CONTENT="het selve moet 13 deser N.5 betaelt worden, daerom laet mij eeeten, hoe het"/>
               </TextLine>
               <TextLine ID="region_1644474981281_1807l2"
                         BASELINE="3570,384 3690,379 3811,374 3931,372 4052,368 4173,366 4293,364 4414,364 4534,362 4655,362 4776,362 4896,360 5017,360 5137,360 5258,358 5379,358 5499,356 5620,354 5740,352 5861,350 5982,346"
                         HEIGHT="162"
                         WIDTH="2441"
                         VPOS="253"
                         HPOS="3555">
                  <String ID="string_region_1644474981281_1807l2"
                          HEIGHT="162"
                          WIDTH="2441"
                          VPOS="253"
                          HPOS="3555"
                          CONTENT="daer mede sal afloopen, om mij gerust te stellen het gaet present soo danigh"/>
               </TextLine>
               <TextLine ID="region_1644474981281_1807l3"
                         BASELINE="3566,472 3683,468 3801,464 3918,461 4036,458 4154,456 4271,456 4389,454 4506,454 4624,454 4742,454 4859,452 4977,452 5094,452 5212,450 5330,449 5447,448 5565,444 5682,441 5800,436 5918,430"
                         HEIGHT="135"
                         WIDTH="2384"
                         VPOS="366"
                         HPOS="3551">
                  <String ID="string_region_1644474981281_1807l3"
                          HEIGHT="135"
                          WIDTH="2384"
                          VPOS="366"
                          HPOS="3551"
                          CONTENT="dat men niet weet, wie betrouwen, daer is op london geen wissel meer,"/>
               </TextLine>
               <TextLine ID="region_1644474981281_1807l4"
                         BASELINE="3558,568 3678,562 3798,557 3918,553 4038,550 4159,548 4279,546 4399,544 4519,542 4639,542 4760,542 4880,540 5000,540 5120,538 5240,538 5361,536 5481,534 5601,530 5721,527 5841,523 5962,518"
                         HEIGHT="123"
                         WIDTH="2435"
                         VPOS="471"
                         HPOS="3541">
                  <String ID="string_region_1644474981281_1807l4"
                          HEIGHT="123"
                          WIDTH="2435"
                          VPOS="471"
                          HPOS="3541"
                          CONTENT="soo dat niet weeten soude as: het restant te voldoen, de menigh vodige"/>
               </TextLine>
               <TextLine ID="region_1644474981281_1807l5"
                         BASELINE="3570,664 3685,657 3800,652 3915,648 4030,644 4146,642 4261,640 4376,638 4491,638 4606,638 4722,636 4837,636 4952,634 5067,634 5182,632 5298,630 5413,628 5528,624 5643,620 5758,614 5874,608"
                         HEIGHT="143"
                         WIDTH="2334"
                         VPOS="545"
                         HPOS="3553">
                  <String ID="string_region_1644474981281_1807l5"
                          HEIGHT="143"
                          WIDTH="2334"
                          VPOS="545"
                          HPOS="3553"
                          CONTENT="banqueroeten sijn de ruine van alle negotien, dit sijnde de reden"/>
               </TextLine>
               <TextLine ID="region_1644474981281_1807l6"
                         BASELINE="3578,758 3696,753 3814,749 3932,745 4050,742 4168,740 4286,738 4404,738 4522,736 4640,736 4758,734 4876,734 4994,732 5112,731 5230,729 5348,726 5466,722 5584,718 5702,714 5820,706 5938,700"
                         HEIGHT="135"
                         WIDTH="2393"
                         VPOS="655"
                         HPOS="3562">
                  <String ID="string_region_1644474981281_1807l6"
                          HEIGHT="135"
                          WIDTH="2393"
                          VPOS="655"
                          HPOS="3562"
                          CONTENT="waerom de geordonneerde bale contramanderen moete, &amp; soo het wissel"/>
               </TextLine>
               <TextLine ID="region_1644474981281_1807l7"
                         BASELINE="3564,852 3683,848 3803,845 3923,842 4043,840 4163,838 4283,836 4403,834 4523,834 4643,832 4763,830 4882,830 5002,828 5122,826 5242,824 5362,821 5482,818 5602,814 5722,810 5842,804 5962,798"
                         HEIGHT="122"
                         WIDTH="2429"
                         VPOS="762"
                         HPOS="3548">
                  <String ID="string_region_1644474981281_1807l7"
                          HEIGHT="122"
                          WIDTH="2429"
                          VPOS="762"
                          HPOS="3548"
                          CONTENT="buefken betaelt sal worden, sal van die waerde met occasie disponerez"/>
               </TextLine>
               <TextLine ID="region_1644474981281_1807l8"
                         BASELINE="3570,956 3691,949 3812,944 3934,940 4055,936 4177,934 4298,932 4419,930 4541,928 4662,928 4784,926 4905,926 5026,924 5148,922 5269,920 5391,918 5512,916 5633,912 5755,908 5876,901 5998,894"
                         HEIGHT="149"
                         WIDTH="2460"
                         VPOS="859"
                         HPOS="3553">
                  <String ID="string_region_1644474981281_1807l8"
                          HEIGHT="149"
                          WIDTH="2460"
                          VPOS="859"
                          HPOS="3553"
                          CONTENT="hope int scort beternisse als wanneer wel occasien hebben sal om partijen"/>
               </TextLine>
               <TextLine ID="region_1644474981281_1807l9"
                         BASELINE="3570,1058 3689,1049 3809,1042 3928,1038 4048,1034 4168,1030 4287,1027 4407,1025 4526,1024 4646,1022 4766,1022 4885,1022 5005,1020 5124,1020 5244,1018 5364,1016 5483,1014 5603,1010 5722,1006 5842,1000 5962,992"
                         HEIGHT="161"
                         WIDTH="2426"
                         VPOS="929"
                         HPOS="3553">
                  <String ID="string_region_1644474981281_1807l9"
                          HEIGHT="161"
                          WIDTH="2426"
                          VPOS="929"
                          HPOS="3553"
                          CONTENT="van grooter belang met ul te doan ue: antwoort entrent het wissel"/>
               </TextLine>
               <TextLine ID="region_1644474981281_1807l10"
                         BASELINE="3568,1154 3689,1146 3810,1142 3931,1136 4052,1132 4173,1130 4294,1126 4415,1124 4536,1122 4657,1120 4779,1120 4900,1118 5021,1117 5142,1116 5263,1114 5384,1112 5505,1110 5626,1108 5747,1105 5868,1101 5990,1098"
                         HEIGHT="154"
                         WIDTH="2454"
                         VPOS="1017"
                         HPOS="3551">
                  <String ID="string_region_1644474981281_1807l10"
                          HEIGHT="154"
                          WIDTH="2454"
                          VPOS="1017"
                          HPOS="3551"
                          CONTENT="brefie met goort verlangen afwaghtende blijve naer Cordiale groetenisse"/>
               </TextLine>
               <TextLine ID="region_1644474981281_1807l11"
                         BASELINE="5410,1218 5437,1220 5465,1221 5493,1222 5521,1222 5549,1222 5576,1220 5604,1220 5632,1218 5660,1217 5688,1215 5715,1213 5743,1211 5771,1209 5799,1208 5827,1206 5854,1204 5882,1204 5910,1202 5938,1202 5966,1202"
                         HEIGHT="182"
                         WIDTH="589"
                         VPOS="1100"
                         HPOS="5393">
                  <String ID="string_region_1644474981281_1807l11"
                          HEIGHT="182"
                          WIDTH="589"
                          VPOS="1100"
                          HPOS="5393"
                          CONTENT="Adij 11 sbervr20"/>
               </TextLine>
               <TextLine ID="region_1644474981281_1807l12"
                         BASELINE="3464,1276 3497,1271 3530,1267 3563,1265 3596,1262 3629,1259 3662,1256 3695,1256 3728,1254 3761,1253 3794,1252 3827,1251 3860,1250 3893,1250 3926,1249 3959,1248 3992,1248 4025,1248 4058,1246 4091,1246 4124,1244"
                         HEIGHT="192"
                         WIDTH="699"
                         VPOS="1151"
                         HPOS="3444">
                  <String ID="string_region_1644474981281_1807l12"
                          HEIGHT="192"
                          WIDTH="699"
                          VPOS="1151"
                          HPOS="3444"
                          CONTENT="brussel Steph: Rousseau"/>
               </TextLine>
               <TextLine ID="region_1644474981281_1807l13"
                         BASELINE="3552,1358 3669,1353 3786,1350 3903,1346 4020,1344 4137,1342 4254,1340 4371,1340 4488,1338 4605,1338 4722,1336 4839,1336 4956,1335 5073,1334 5190,1332 5307,1330 5424,1328 5541,1324 5658,1320 5775,1314 5892,1308"
                         HEIGHT="158"
                         WIDTH="2372"
                         VPOS="1246"
                         HPOS="3535">
                  <String ID="string_region_1644474981281_1807l13"
                          HEIGHT="158"
                          WIDTH="2372"
                          VPOS="1246"
                          HPOS="3535"
                          CONTENT="J'ay receu l'honneur de la vre du 31 passe, depuis le S: rimbaut nous a "/>
               </TextLine>
               <TextLine ID="region_1644474981281_1807l14"
                         BASELINE="3536,1446 3656,1444 3777,1444 3898,1442 4019,1440 4140,1438 4261,1438 4382,1436 4503,1434 4624,1434 4745,1432 4865,1430 4986,1428 5107,1426 5228,1424 5349,1422 5470,1418 5591,1416 5712,1412 5833,1408 5954,1404"
                         HEIGHT="131"
                         WIDTH="2451"
                         VPOS="1333"
                         HPOS="3519">
                  <String ID="string_region_1644474981281_1807l14"
                          HEIGHT="131"
                          WIDTH="2451"
                          VPOS="1333"
                          HPOS="3519"
                          CONTENT="fournie les chandelieres &amp; saladieres vous ettant oblige de la peine qu'avezz"/>
               </TextLine>
               <TextLine ID="region_1644474981281_1807l15"
                         BASELINE="3570,1550 3690,1546 3811,1542 3932,1540 4053,1536 4174,1534 4294,1532 4415,1530 4536,1528 4657,1526 4778,1524 4898,1523 5019,1522 5140,1519 5261,1518 5382,1514 5502,1512 5623,1509 5744,1505 5865,1502 5986,1496"
                         HEIGHT="153"
                         WIDTH="2448"
                         VPOS="1428"
                         HPOS="3553">
                  <String ID="string_region_1644474981281_1807l15"
                          HEIGHT="153"
                          WIDTH="2448"
                          VPOS="1428"
                          HPOS="3553"
                          CONTENT="bien voulu prendre, cette vous sera rendue p le dit rimbaut, &amp; ie vous envoije"/>
               </TextLine>
               <TextLine ID="region_1644474981281_1807l16"
                         BASELINE="3570,1642 3691,1640 3812,1638 3934,1636 4055,1634 4177,1632 4298,1630 4419,1629 4541,1628 4662,1626 4784,1624 4905,1624 5026,1622 5148,1618 5269,1616 5391,1613 5512,1610 5633,1606 5755,1601 5876,1596 5998,1590"
                         HEIGHT="130"
                         WIDTH="2459"
                         VPOS="1525"
                         HPOS="3554">
                  <String ID="string_region_1644474981281_1807l16"
                          HEIGHT="130"
                          WIDTH="2459"
                          VPOS="1525"
                          HPOS="3554"
                          CONTENT="cij joint une acceptation de sphilippust sergooris schoenmaker woonende "/>
               </TextLine>
               <TextLine ID="region_1644474981281_1807l17"
                         BASELINE="3574,1734 3693,1732 3813,1731 3933,1730 4053,1730 4173,1728 4293,1728 4413,1728 4533,1726 4653,1726 4773,1724 4892,1722 5012,1720 5132,1718 5252,1715 5372,1710 5492,1706 5612,1700 5732,1694 5852,1686 5972,1678"
                         HEIGHT="168"
                         WIDTH="2429"
                         VPOS="1601"
                         HPOS="3557">
                  <String ID="string_region_1644474981281_1807l17"
                          HEIGHT="168"
                          WIDTH="2429"
                          VPOS="1601"
                          HPOS="3557"
                          CONTENT="bij de jesuiten, depuis la 25 sbre passe a demie usance pour trois cent"/>
               </TextLine>
               <TextLine ID="region_1644474981281_1807l18"
                         BASELINE="3548,1828 3662,1828 3777,1826 3892,1826 4007,1824 4122,1824 4237,1824 4352,1822 4467,1822 4582,1820 4697,1820 4811,1818 4926,1816 5041,1814 5156,1810 5271,1806 5386,1802 5501,1798 5616,1792 5731,1784 5846,1778"
                         HEIGHT="211"
                         WIDTH="2333"
                         VPOS="1704"
                         HPOS="3530">
                  <String ID="string_region_1644474981281_1807l18"
                          HEIGHT="211"
                          WIDTH="2333"
                          VPOS="1704"
                          HPOS="3530"
                          CONTENT="florins argent de change, ie prend la liberte de vous envoijer ausij deux"/>
               </TextLine>
               <TextLine ID="region_1644474981281_1807l19"
                         BASELINE="3572,1934 3691,1929 3811,1926 3930,1924 4050,1922 4169,1920 4289,1919 4408,1918 4528,1918 4647,1916 4767,1915 4886,1914 5006,1912 5125,1908 5245,1904 5364,1900 5484,1895 5603,1888 5723,1881 5842,1870 5962,1858"
                         HEIGHT="210"
                         WIDTH="2422"
                         VPOS="1800"
                         HPOS="3554">
                  <String ID="string_region_1644474981281_1807l19"
                          HEIGHT="210"
                          WIDTH="2422"
                          VPOS="1800"
                          HPOS="3554"
                          CONTENT="quittances a la charge de vre ville comme au pied de cette vous pricent "/>
               </TextLine>
               <TextLine ID="region_1644474981281_1807l20"
                         BASELINE="3550,2032 3670,2030 3790,2028 3911,2026 4031,2026 4152,2024 4272,2022 4392,2022 4513,2020 4633,2018 4754,2016 4874,2013 4994,2010 5115,2007 5235,2002 5356,1998 5476,1993 5596,1987 5717,1980 5837,1971 5958,1964"
                         HEIGHT="171"
                         WIDTH="2438"
                         VPOS="1900"
                         HPOS="3534">
                  <String ID="string_region_1644474981281_1807l20"
                          HEIGHT="171"
                          WIDTH="2438"
                          VPOS="1900"
                          HPOS="3534"
                          CONTENT="de procurer les payements tant pour l'un que pour l'autre &amp; me donner "/>
               </TextLine>
               <TextLine ID="region_1644474981281_1807l21"
                         BASELINE="3556,2130 3674,2127 3792,2126 3910,2124 4029,2122 4147,2122 4265,2120 4384,2120 4502,2118 4620,2118 4739,2116 4857,2114 4975,2112 5093,2110 5212,2106 5330,2103 5448,2098 5567,2092 5685,2085 5803,2076 5922,2068"
                         HEIGHT="156"
                         WIDTH="2395"
                         VPOS="2030"
                         HPOS="3541">
                  <String ID="string_region_1644474981281_1807l21"
                          HEIGHT="156"
                          WIDTH="2395"
                          VPOS="2030"
                          HPOS="3541"
                          CONTENT="avis du receu &amp; vous obligere infinement qui a l'honneur d'estre "/>
               </TextLine>
               <TextLine ID="region_1644474981281_1807l22"
                         BASELINE="3576,2226 3616,2226 3657,2226 3697,2226 3738,2226 3779,2228 3819,2228 3860,2228 3900,2228 3941,2228 3982,2228 4022,2228 4063,2228 4103,2226 4144,2226 4185,2224 4225,2222 4266,2221 4306,2218 4347,2216 4388,2212"
                         HEIGHT="182"
                         WIDTH="845"
                         VPOS="2121"
                         HPOS="3559">
                  <String ID="string_region_1644474981281_1807l22"
                          HEIGHT="182"
                          WIDTH="845"
                          VPOS="2121"
                          HPOS="3559"
                          CONTENT="une quitance de ƒ98:-"/>
               </TextLine>
               <TextLine ID="region_1644474981281_1807l23"
                         BASELINE="3578,2322 3698,2322 3818,2319 3938,2316 4059,2311 4179,2305 4299,2298 4420,2290 4540,2282 4660,2274 4781,2264 4901,2257 5021,2249 5141,2242 5262,2235 5382,2230 5502,2228 5623,2226 5743,2226 5863,2228 5984,2232"
                         HEIGHT="274"
                         WIDTH="2442"
                         VPOS="2102"
                         HPOS="3559">
                  <String ID="string_region_1644474981281_1807l23"
                          HEIGHT="274"
                          WIDTH="2442"
                          VPOS="2102"
                          HPOS="3559"
                          CONTENT="une .. „45:15½ ƒ143:15½ argent de change ƒ123:4:3"/>
               </TextLine>
               <TextLine ID="region_1644474981281_1807l24"
                         BASELINE="5504,2344 5529,2344 5555,2344 5581,2344 5606,2344 5632,2342 5658,2342 5683,2340 5709,2340 5735,2340 5760,2338 5786,2338 5812,2338 5838,2340"
                         HEIGHT="148"
                         WIDTH="365"
                         VPOS="2241"
                         HPOS="5487">
                  <String ID="string_region_1644474981281_1807l24"
                          HEIGHT="148"
                          WIDTH="365"
                          VPOS="2241"
                          HPOS="5487"
                          CONTENT="Adij d"/>
               </TextLine>
               <TextLine ID="region_1644474981281_1807l25"
                         BASELINE="3456,2444 3492,2444 3528,2442 3564,2441 3600,2440 3636,2438 3672,2436 3708,2434 3744,2432 3780,2430 3816,2428 3852,2427 3888,2424 3924,2422 3960,2421 3996,2420 4032,2418 4068,2418 4104,2418 4140,2418 4176,2418"
                         HEIGHT="165"
                         WIDTH="754"
                         VPOS="2311"
                         HPOS="3438">
                  <String ID="string_region_1644474981281_1807l25"
                          HEIGHT="165"
                          WIDTH="754"
                          VPOS="2311"
                          HPOS="3438"
                          CONTENT="Surnnhourt wed: robert"/>
               </TextLine>
               <TextLine ID="region_1644474981281_1807l26"
                         BASELINE="3568,2522 3689,2517 3810,2512 3931,2508 4052,2504 4174,2500 4295,2498 4416,2494 4537,2492 4658,2490 4780,2488 4901,2486 5022,2485 5143,2484 5264,2482 5386,2480 5507,2478 5628,2477 5749,2476 5870,2474 5992,2472"
                         HEIGHT="160"
                         WIDTH="2454"
                         VPOS="2391"
                         HPOS="3552">
                  <String ID="string_region_1644474981281_1807l26"
                          HEIGHT="160"
                          WIDTH="2454"
                          VPOS="2391"
                          HPOS="3552"
                          CONTENT="ue aengename van gisteren wel ontfanghen oock het wilt dat mij gelieft"/>
               </TextLine>
               <TextLine ID="region_1644474981281_1807l27"
                         BASELINE="3552,2608 3672,2606 3793,2602 3913,2600 4034,2598 4155,2595 4275,2593 4396,2592 4516,2590 4637,2588 4758,2587 4878,2586 4999,2584 5119,2584 5240,2582 5361,2580 5481,2580 5602,2578 5722,2576 5843,2574 5964,2572"
                         HEIGHT="166"
                         WIDTH="2445"
                         VPOS="2471"
                         HPOS="3535">
                  <String ID="string_region_1644474981281_1807l27"
                          HEIGHT="166"
                          WIDTH="2445"
                          VPOS="2471"
                          HPOS="3535"
                          CONTENT="te senden, waer vooren ul. hetelijckx bedancke dat suysen is te sleght"/>
               </TextLine>
               <TextLine ID="region_1644474981281_1807l28"
                         BASELINE="3584,2708 3699,2706 3815,2704 3931,2702 4047,2700 4163,2698 4279,2696 4395,2694 4511,2694 4627,2692 4743,2691 4858,2690 4974,2688 5090,2686 5206,2684 5322,2682 5438,2680 5554,2676 5670,2674 5786,2670 5902,2666"
                         HEIGHT="171"
                         WIDTH="2349"
                         VPOS="2600"
                         HPOS="3567">
                  <String ID="string_region_1644474981281_1807l28"
                          HEIGHT="171"
                          WIDTH="2349"
                          VPOS="2600"
                          HPOS="3567"
                          CONTENT="men moet voort gelight oock wat hebben bedancke ue te voor alles"/>
               </TextLine>
               <TextLine ID="region_1644474981281_1807l29"
                         BASELINE="3550,2814 3669,2812 3789,2812 3909,2810 4029,2808 4149,2806 4268,2804 4388,2802 4508,2800 4628,2798 4748,2796 4867,2794 4987,2792 5107,2788 5227,2786 5347,2784 5466,2782 5586,2780 5706,2778 5826,2774 5946,2772"
                         HEIGHT="172"
                         WIDTH="2426"
                         VPOS="2713"
                         HPOS="3534">
                  <String ID="string_region_1644474981281_1807l29"
                          HEIGHT="172"
                          WIDTH="2426"
                          VPOS="2713"
                          HPOS="3534"
                          CONTENT="&amp; uk: gelieve te disponeren vant get dat ue tocompt waer mede"/>
               </TextLine>
               <TextLine ID="region_1644474981281_1807l30"
                         BASELINE="5484,2876 5510,2874 5536,2874 5562,2874 5589,2874 5615,2874 5641,2874 5668,2874 5694,2874 5720,2874 5746,2874 5773,2873 5799,2872 5825,2870 5852,2868"
                         HEIGHT="165"
                         WIDTH="401"
                         VPOS="2781"
                         HPOS="5468">
                  <String ID="string_region_1644474981281_1807l30"
                          HEIGHT="165"
                          WIDTH="401"
                          VPOS="2781"
                          HPOS="5468"
                          CONTENT="Adij 13 d"/>
               </TextLine>
               <TextLine ID="region_1644474981281_1807l31"
                         BASELINE="3592,2924 3619,2924 3646,2923 3673,2922 3700,2922 3728,2920 3755,2920 3782,2918 3809,2916 3836,2916 3864,2914 3891,2913 3918,2911 3945,2909 3972,2908 4000,2906 4027,2906 4054,2904 4081,2903 4108,2902 4136,2900"
                         HEIGHT="166"
                         WIDTH="577"
                         VPOS="2808"
                         HPOS="3575">
                  <String ID="string_region_1644474981281_1807l31"
                          HEIGHT="166"
                          WIDTH="577"
                          VPOS="2808"
                          HPOS="3575"
                          CONTENT="in haeste blijv"/>
               </TextLine>
               <TextLine ID="region_1644474981281_1807l32"
                         BASELINE="3464,3028 3501,3024 3539,3021 3576,3017 3614,3016 3652,3012 3689,3010 3727,3010 3764,3008 3802,3008 3840,3006 3877,3006 3915,3004 3952,3004 3990,3003 4028,3002 4065,3001 4103,3000 4140,2998 4178,2996 4216,2994"
                         HEIGHT="160"
                         WIDTH="787"
                         VPOS="2912"
                         HPOS="3445">
                  <String ID="string_region_1644474981281_1807l32"
                          HEIGHT="160"
                          WIDTH="787"
                          VPOS="2912"
                          HPOS="3445"
                          CONTENT="Gendt Francois Louis baut"/>
               </TextLine>
               <TextLine ID="region_1644474981281_1807l33"
                         BASELINE="3576,3094 3693,3090 3810,3088 3927,3086 4044,3084 4162,3082 4279,3080 4396,3080 4513,3078 4630,3076 4748,3076 4865,3074 4982,3074 5099,3072 5216,3070 5334,3069 5451,3066 5568,3065 5685,3062 5802,3060 5920,3056"
                         HEIGHT="132"
                         WIDTH="2375"
                         VPOS="2987"
                         HPOS="3559">
                  <String ID="string_region_1644474981281_1807l33"
                          HEIGHT="132"
                          WIDTH="2375"
                          VPOS="2987"
                          HPOS="3559"
                          CONTENT="ue mij seer aengename van 16 &amp; 10 deser wel ontfanghen, met den laesten de "/>
               </TextLine>
               <TextLine ID="region_1644474981281_1807l34"
                         BASELINE="3564,3172 3686,3172 3808,3172 3930,3172 4052,3172 4174,3172 4296,3170 4418,3170 4540,3168 4662,3168 4784,3166 4906,3164 5028,3162 5150,3162 5272,3160 5394,3158 5516,3156 5638,3156 5760,3154 5882,3153 6004,3152"
                         HEIGHT="177"
                         WIDTH="2472"
                         VPOS="3070"
                         HPOS="3548">
                  <String ID="string_region_1644474981281_1807l34"
                          HEIGHT="177"
                          WIDTH="2472"
                          VPOS="3070"
                          HPOS="3548"
                          CONTENT="facture van 3ps rouw liynwaten monterende in wissel gelde £15:3:0 en waer voor"/>
               </TextLine>
               <TextLine ID="region_1644474981281_1807l35"
                         BASELINE="3574,3258 3695,3258 3817,3256 3939,3256 4061,3256 4183,3256 4305,3254 4427,3254 4549,3254 4671,3254 4793,3254 4914,3254 5036,3254 5158,3253 5280,3252 5402,3252 5524,3252 5646,3250 5768,3250 5890,3248 6012,3246"
                         HEIGHT="125"
                         WIDTH="2469"
                         VPOS="3194"
                         HPOS="3557">
                  <String ID="string_region_1644474981281_1807l35"
                          HEIGHT="125"
                          WIDTH="2469"
                          VPOS="3194"
                          HPOS="3557"
                          CONTENT="ick is gerediteet, gisteren naer middagh hebbe de selve eerst ontfangen, &amp; heden"/>
               </TextLine>
               <TextLine ID="region_1644474981281_1807l36"
                         BASELINE="3572,3352 3688,3350 3804,3346 3921,3344 4037,3342 4154,3342 4270,3342 4386,3342 4503,3342 4619,3344 4736,3344 4852,3346 4968,3346 5085,3348 5201,3348 5318,3348 5434,3348 5550,3348 5667,3348 5783,3346 5900,3344"
                         HEIGHT="152"
                         WIDTH="2359"
                         VPOS="3248"
                         HPOS="3557">
                  <String ID="string_region_1644474981281_1807l36"
                          HEIGHT="152"
                          WIDTH="2359"
                          VPOS="3248"
                          HPOS="3557"
                          CONTENT="giestamineert de quelityet is wel, maer sijn te grof, principael N.1 a 19 et"/>
               </TextLine>
               <TextLine ID="region_1644474981281_1807l37"
                         BASELINE="3574,3446 3694,3443 3814,3440 3934,3438 4054,3436 4175,3434 4295,3434 4415,3434 4535,3436 4655,3436 4776,3436 4896,3438 5016,3438 5136,3440 5256,3440 5377,3440 5497,3440 5617,3440 5737,3438 5857,3437 5978,3434"
                         HEIGHT="167"
                         WIDTH="2435"
                         VPOS="3344"
                         HPOS="3558">
                  <String ID="string_region_1644474981281_1807l37"
                          HEIGHT="167"
                          WIDTH="2435"
                          VPOS="3344"
                          HPOS="3558"
                          CONTENT="soo danige magh niet hebben de andere N.2 a 3 connen voor de mintte soorte "/>
               </TextLine>
               <TextLine ID="region_1644474981281_1807l38"
                         BASELINE="3580,3540 3700,3535 3820,3530 3940,3527 4061,3526 4181,3524 4301,3524 4422,3524 4542,3524 4662,3524 4783,3526 4903,3528 5023,3528 5143,3530 5264,3532 5384,3532 5504,3532 5625,3532 5745,3532 5865,3530 5986,3528"
                         HEIGHT="143"
                         WIDTH="2435"
                         VPOS="3467"
                         HPOS="3566">
                  <String ID="string_region_1644474981281_1807l38"
                          HEIGHT="143"
                          WIDTH="2435"
                          VPOS="3467"
                          HPOS="3566"
                          CONTENT="passeren &amp; minder van qualitijt mooght niet senden, maer wel beter al soude 22½"/>
               </TextLine>
               <TextLine ID="region_1644474981281_1807l39"
                         BASELINE="3584,3632 3701,3626 3819,3620 3937,3616 4054,3614 4172,3612 4290,3612 4407,3612 4525,3614 4643,3614 4761,3616 4878,3618 4996,3620 5114,3620 5231,3622 5349,3622 5467,3622 5584,3620 5702,3618 5820,3614 5938,3610"
                         HEIGHT="110"
                         WIDTH="2386"
                         VPOS="3535"
                         HPOS="3568">
                  <String ID="string_region_1644474981281_1807l39"
                          HEIGHT="110"
                          WIDTH="2386"
                          VPOS="3535"
                          HPOS="3568"
                          CONTENT="a 23 en betteden. het vlas is seer goeden coop derhalven moeten de lijn vaten"/>
               </TextLine>
               <TextLine ID="region_1644474981281_1807l40"
                         BASELINE="4406,3660 4431,3660 4456,3661 4482,3662 4507,3662 4533,3664 4558,3666 4583,3668 4609,3668 4634,3670 4660,3672 4685,3672 4710,3672 4736,3672 4761,3672 4787,3670 4812,3667 4838,3664"
                         HEIGHT="78"
                         WIDTH="465"
                         VPOS="3608"
                         HPOS="4390">
                  <String ID="string_region_1644474981281_1807l40"
                          HEIGHT="78"
                          WIDTH="465"
                          VPOS="3608"
                          HPOS="4390"
                          CONTENT="met gepresseet"/>
               </TextLine>
               <TextLine ID="region_1644474981281_1807l41"
                         BASELINE="3602,3712 3718,3708 3834,3704 3950,3702 4066,3700 4182,3700 4298,3702 4414,3703 4530,3704 4646,3706 4762,3708 4878,3710 4994,3712 5110,3714 5226,3714 5342,3714 5458,3713 5574,3711 5690,3707 5806,3702 5922,3696"
                         HEIGHT="115"
                         WIDTH="2349"
                         VPOS="3647"
                         HPOS="3588">
                  <String ID="string_region_1644474981281_1807l41"
                          HEIGHT="115"
                          WIDTH="2349"
                          VPOS="3647"
                          HPOS="3588"
                          CONTENT="naer proportie vallen, nu ben  men seght mij tegens kersemisse"/>
               </TextLine>
               <TextLine ID="region_1644474981281_1807l42"
                         BASELINE="3582,3808 3702,3802 3823,3796 3943,3793 4064,3790 4185,3790 4305,3790 4426,3790 4546,3792 4667,3794 4788,3796 4908,3798 5029,3799 5149,3800 5270,3802 5391,3801 5511,3800 5632,3798 5752,3794 5873,3789 5994,3782"
                         HEIGHT="108"
                         WIDTH="2441"
                         VPOS="3718"
                         HPOS="3568">
                  <String ID="string_region_1644474981281_1807l42"
                          HEIGHT="108"
                          WIDTH="2441"
                          VPOS="3718"
                          HPOS="3568"
                          CONTENT="de bette coopen te doen sjn soo als iets naer genoegen rescontreert coopt thien"/>
               </TextLine>
               <TextLine ID="region_1644474981281_1807l43"
                         BASELINE="3588,3896 3707,3889 3826,3884 3945,3882 4065,3880 4184,3878 4303,3878 4423,3878 4542,3880 4661,3882 4781,3884 4900,3886 5019,3888 5138,3889 5258,3890 5377,3892 5496,3892 5616,3890 5735,3890 5854,3886 5974,3882"
                         HEIGHT="144"
                         WIDTH="2417"
                         VPOS="3812"
                         HPOS="3573">
                  <String ID="string_region_1644474981281_1807l43"
                          HEIGHT="144"
                          WIDTH="2417"
                          VPOS="3812"
                          HPOS="3573"
                          CONTENT="a 15 pt. dogh boven de 23½ et niet te betteden, op de wittigheyt &amp; fijnte wat te"/>
               </TextLine>
               <TextLine ID="region_1644474981281_1807l44"
                         BASELINE="3582,3986 3702,3979 3823,3974 3944,3970 4065,3968 4186,3968 4306,3970 4427,3970 4548,3972 4669,3974 4790,3978 4910,3980 5031,3982 5152,3984 5273,3984 5394,3984 5514,3984 5635,3980 5756,3977 5877,3970 5998,3962"
                         HEIGHT="173"
                         WIDTH="2448"
                         VPOS="3883"
                         HPOS="3566">
                  <String ID="string_region_1644474981281_1807l44"
                          HEIGHT="173"
                          WIDTH="2448"
                          VPOS="3883"
                          HPOS="3566"
                          CONTENT="letten, &amp; de yettrepte stucken te meijden, sal dese 15 ps ten tijde afwaghten sonder"/>
               </TextLine>
               <TextLine ID="region_1644474981281_1807l45"
                         BASELINE="3598,4074 3718,4070 3839,4067 3959,4066 4080,4064 4201,4064 4321,4064 4442,4066 4562,4066 4683,4068 4804,4070 4924,4072 5045,4074 5165,4076 5286,4076 5407,4078 5527,4077 5648,4076 5768,4074 5889,4071 6010,4068"
                         HEIGHT="126"
                         WIDTH="2441"
                         VPOS="4008"
                         HPOS="3583">
                  <String ID="string_region_1644474981281_1807l45"
                          HEIGHT="126"
                          WIDTH="2441"
                          VPOS="4008"
                          HPOS="3583"
                          CONTENT="voorder te schrijven, soo cont met voorvallende occasien de selve provideren, &amp; die"/>
               </TextLine>
               <TextLine ID="region_1644474981281_1807l46"
                         BASELINE="3584,4164 3700,4162 3817,4160 3933,4158 4050,4158 4166,4158 4283,4159 4399,4160 4516,4162 4632,4164 4749,4166 4865,4166 4982,4168 5098,4170 5215,4170 5331,4172 5448,4172 5564,4170 5681,4170 5797,4166 5914,4164"
                         HEIGHT="165"
                         WIDTH="2363"
                         VPOS="4079"
                         HPOS="3567">
                  <String ID="string_region_1644474981281_1807l46"
                          HEIGHT="165"
                          WIDTH="2363"
                          VPOS="4079"
                          HPOS="3567"
                          CONTENT="&amp; beurtman tschpe te laten toecomen, om den besten coop, vermits die"/>
               </TextLine>
               <TextLine ID="region_1644474981281_1807l47"
                         BASELINE="3596,4262 3665,4258 3735,4254 3804,4250 3874,4248 3943,4248 4013,4246 4082,4246 4152,4246 4221,4246 4291,4247 4360,4248 4430,4250 4499,4251 4569,4252 4638,4254 4708,4256 4777,4257 4847,4258 4916,4260 4986,4260"
                         HEIGHT="172"
                         WIDTH="1423"
                         VPOS="4165"
                         HPOS="3580">
                  <String ID="string_region_1644474981281_1807l47"
                          HEIGHT="172"
                          WIDTH="1423"
                          VPOS="4165"
                          HPOS="3580"
                          CONTENT="goederen geen swae vraghten connen draghen "/>
               </TextLine>
            </TextBlock>
         </PrintSpace>
      </Page>
   </Layout>
</alto>
