8365 4747
2560 304 612 123 Adij 11 xbre 1724

800 299 845 130 Turnhout Egioius Sanen

985 399 2282 110 hebbe de hondert ps tijsen die ule mg op 20 sber & 5 sber lest heeft

1001 497 2373 119 gesonden wel ontfangen & de selve op 4 gbie past p ue assignatie aen

1004 572 2373 148 ul suster voldaen soo dat wij van alles etecn sijn tot dato deser heden

998 648 2307 118 become eene ordre voor soo ps. die op het spoedighste, mij gelieve toe

994 756 2404 140 te senden van het alderbeste goeet geassorteert als aen den voede deser

999 814 2338 187 den tijdt laet mij niet soe breeder te schrijven blijvende de sorge ue

1007 938 2315 138 ue gerecomandeert om geene ruke te hebben ontrent de qualitijdt

1002 990 877 129 groete ul van herten

1011 1056 1235 165 40 ¼ groot loot 30 spalƒ 10 breecde

1004 1171 1150 116 20 ¼ 3 segels 10 smal 10do

1024 1247 1123 129 10 ¾ groot loot 6 sral 1 d

1007 1316 1209 140 30 ¼ 3 segels 20 smal 10 ditto

998 1437 269 144 16 16

2726 1506 560 151 Adij 13 xber 1724

858 1511 873 188 London Dih John tatpall

1002 1613 2386 160 reyde 18: mij seer aeng. van 12 sber & 23 passto sijn mij bij tijde wel geworden dat

1003 1735 2382 120 niet geantwordt hebbe is geweest om u met geene onnoodige brief porten te belasten

1005 1814 2424 125 sijdt versekert dat ven wel niet gemanqueert hebbe alle sorge middelertijdt te dragen om ue

1015 1902 2418 84 in alles te voldoen tot contentemente ien hebbe d'eere van ue te seggen tot antworde

1002 1978 2434 104 op ue eerste van 12 sber voors als dat op ontfangh van den selven de ordre voor 10o st

1022 2068 2389 91 aen mijn marer hebbe toe gesonden & aen hem een goede porscitie gegeven wegens de

1000 2130 2376 103 3 segels in N.45. 16: watom mij geene goederen voor N. 44 heeft willen sonden voor

1026 2185 2415 120 dat die vers & van sijn beste goeds gereedt hadde soo dat die soops. maer op 18 gber ontfanghen

998 2266 2418 91 hebbe & den selven dagh opgepackt en adroiture op brugge versonden wat van tot nu toe

1010 2343 2375 99 geene oncost iek nochte oognossement hebbe becomen al hoe wel advies hebbe

1016 2423 2405 127 het selve pack daer gearriveert is, de oorsaeke van diley, is, dat de vaert sonder

1011 2505 2421 98 water was & nu is de selve naigable gemaeckt, soo dat alle dagen de nmost

1026 2575 2389 122 rek & het cognossement se gemoeds ken, om ue de facture & cognassement toe te

1011 2642 1415 136 senden van de voor 100 p opgepackt in 48

1014 2674 2399 153 mijnheer ick bidde ul: seer vrindelijck van sigh selfs te addresseren tot brugge bij

1022 2779 2416 116 dhr lansence van sentergen die ue naer vallen genoegen sal bedienen int versonden

1024 2850 2413 141 van de packen die aen hem voor ul rek soude toe senden om voorders op costij

1014 2938 2416 143 af te laden dan sal ul: altijdt int cort van mij de facture van u geordonneerde

1010 3056 2340 108 goederen becomen daer bij moete ul: seggen als dat voor de provisie van

1009 3103 2409 122 b niet doen can soo wanneer continieren soude de packen op brugge te senden

1017 3189 2425 127 & daer over te moeten continueren in de correspondentie want bevinde mij belast

1034 3266 2399 128 met veel schrijven & swaere brief porten waer van tot nu toe geene de minst

1020 3352 2408 111 12 rek hebbe gebroght wij moeten een andere conditie maken, oft ul: moet

1013 3401 2418 103 sigh selfs addresseren bij voorrs van rentergen & met hem rek houden, gelijck

1020 3496 2402 124 andere van costij doen ul remise van s £ 75:- a 35- 4 en op arckdeacon

1020 3584 2414 109 tot brugge in antwersen te betalen is promt voldaen & ue is voor des selfs

1039 3667 2391 111 weerde gecrediteert in wissel gelde ƒ 795:- bij ul laeste van 23 passto become

1041 3769 2311 82 een voordere ordre voor al noch soo ps tijken die heden aen mijn maker

1044 3819 2405 124 geordonneert hebbe & sal mijn beste doen om de selve te versonden soo haest

1038 3914 2382 88 mogelijck & de remise van £75:- a 3512en ten laste amandrs ionbrechts

1032 3954 2392 113 tot brussel woordt met den persten om acceptatie versonden schrijve heden oock

1035 4035 2362 118 aen dhr. Rentergem das ingevalle het pack N 18 niet afgelaeden is hij het selve

1036 4139 2305 107 int schip van 2 samt met soude laeden & dat hij mij het cognossement

1047 4210 2253 130 vant pack soude laten toecomen waer mede naer cordicce groet blijve

2723 4278 630 159 Adij 13 ditto 1724

858 4286 1373 156 Brugge dhr Lansence van Rontergen

1025 4351 2344 167 aenge van 28 passto biy tijde wel ontfangen sedert haddve verwaght te

1041 4423 2395 162 becomen de oncost ick met sognossement vant pack N.48 dogh tot we

3561 235 2499 128 toe niets vernomen, wille niet twijfelen, oft het water is in de oostindeseke vaert

3570 334 2474 112 gelaeten & datter schepen op london a costij in ladinge leggen dhr batnall schrijft mij

3581 422 2482 108 van u2 p desen te versoecken van geene packen voor hem te laeden int schip van

3553 482 2489 129 will  samt om dat hij eenige verschillen met die man gehalt heeft biddenede

3552 576 2388 120 het selve te observeien & hoope de toecomende weeke noch een pack van 100 ps

3575 650 2460 140 gereedt te hebben om aen ic toe te senden als het voorige bidde middelertijdt

3552 743 2422 151 van de oncost rek. vant pack N.48. mij toe te senden soo haest mogelijck

3573 848 1381 160 waer mede naer sier vand groet blijve

3459 917 2564 207 p ingesloten de gewoonelijcke quitantie van £17:10:0 et wissel gede, ten laste

3567 1025 2481 151 den heere procurator der geelweten costij versoeckende de provenue in te

3457 1135 1830 183 te voorderen, mijne rekenielge daer vooren te crediteren

5292 1219 656 168 dij 20 bbre 1724

3450 1254 748 134 Anson dhr John Hatuall

3559 1370 2509 132 p 13 deser was aen ue mijnen laetten waer aen mij gedraege sederst geene van ue

3571 1469 2460 81 ontfanghen soo dient desen alleenelijck tot geleyde van d'ingeslotene facture benevens

3573 1535 2460 135 cognossement van de bale N8. monterende in wissel gelde ƒ 1133:4. sijnde gelaeden

3570 1622 2470 113 in den schepe van Thomas erson die met den kersten favorabelen winst ¼ gereedt was

3550 1664 2535 137 te vertrecken godt gelegge hem in salvo & late ue dese goederen wel geconditioneert geworden

3562 1755 2522 132 de tijken voor de toecomende Bale N.4j hebbe heden opgepackt & worden p cerste occasie

3595 1853 2470 121 naer brugge versonden waer van p mijn naeste de facture & nognossement hebb te

3580 1918 2508 121 verwaghten hier is present weynige occasie om te trecken soo wenste ue mij voorders

3582 1991 2473 117 geliefde te remitteren sal ick oock veel profitabelder sijn hebbe de tijken niet beter

3565 2078 2515 158 coop connen becomen den maker seght eenige schoe strips gemaeckt heeft tot ic

3570 2155 2528 165 gouverio & waer in ick beigen aeng dienst can doen gelieve te comanderen

3550 2243 947 145 die naer vrons. graet. blijve

5437 2263 610 151 Adij 31 xbre 1724

3473 2338 1059 137 Bruxelles mons: Stephano Rousseau

3608 2375 2465 183 j'ay receu, en son temp celle que vous m'avez fait l'honneur de m'escriere le

3580 2475 2499 139 p court: avec avis que vous aviez receu mes remises en quatre quitt. sur vre ville

3584 2554 2483 163 Ensemble ƒ224:5½ court: ne doutant pas que vous aurez: receu la valleur ie vous

3590 2626 2505 173 envoije cy joint vre comita cours a l'ordinairez quoy qu'il est de pau n importance

3441 2705 2623 207 il me revindror ƒ 240:5:6 ce qu'il vous plaira examiner et ie vous prie d'avoid

3590 2791 2468 177 la bonte de me marquer come vous l'auray trauve aufin que ie le solde de

3610 2859 2454 159 conformite entre temps j'ay l'honneur de vous souhaites l'avne nouvelle a

3587 2979 2503 149 beuit fres heureuse & salutaire de mome a mad vre espoize & a toute vre

3616 3028 2420 186 chere famile & ma compe vous prie j'accepter les mosuis souhaites les

3610 3156 2313 137 quelles elle vous fait du plus prafonde du coeur & suis tres Parfaitt.

3602 3208 2489 165 P.S. ie trouve que le S. philippus tsergoons pordonier a bruxelles m'a payé dix sols

3611 3285 2407 139 plus qu'il me devoit de la partie du 25 sbre 1720 vous me seriez grand plaisier

3595 3294 2521 219 si vous voudriez prendre la peine de le restitues & m'en debiter sur compte nouvez

4263 3501 841 198 t ncioren doi

3985 3617 1295 208 Dorparque Borgnis Marie

4324 3756 734 206 A220 dnn

4548 3878 399 148 1725 a

5285 3929 822 190 Ady 6mo Janu 1725

3495 3987 1319 183 Brugge d'hr Lausenie van Rentergen

3619 4113 2508 147 beyde ue aeng van 12 & 14 passe bij tijde wel ontfanghen met den laesten

3621 4207 2502 156 cognossement & oncost resn vant pack tjken R48 bedragende in bourt

3625 4279 2489 190 gelt £5:1:7 en waer vooren ul in wisselgelde hebbe gecrediteert ƒ 20:79:6 en

3627 4395 2475 146 oft £3:9:11 en, desen tot advies als dat op 29 passto p voerman adroiture
