8337 4706
982 257 2277 108 mijn tijck maser adviseert mij, dat hij nu veel tijken clijn strepies blouw

994 352 2277 113 & wit & wodt &wit gereedt heeft nu is het gesoen oock ope lijn waten

991 400 2292 138 in te coope, hebbe bij provisie al eenige stucken ingehoght, bij aldien

998 517 2228 139 ue eenige lijn waten begeirde sult ten uytersten wel gedient sijn, want

982 564 2239 168 vallen seer fracij voor hier prijs, ue missive te gemoet siende als mede

992 658 2118 159 advies wat tant voors sult hebben geeffectiueert, blijve naer sier

2686 775 623 154 Adij 15 janu 172

997 794 705 148 vrindelyke groetenisse

818 886 837 151 Brussel Stephe rousseau

982 908 2329 218 J'aij l'honneur de la vre du 11 court: y joint remise pour ƒ 1968:- de change &e

988 1041 2207 142 lettre de £348:- de gros sur souis le bourgois, dont vous seray credite

980 1129 2246 194 & En coutre ie vous ay debite pour ƒ150:- receu de dan: Jean de wemer

1005 1222 2182 208 qui a grand tord de mander quitance de solde, puis quil me reviend

1013 1310 2297 174 en or ƒ128:5 de change ce quil vous plaira luy comuniquir poccasion

1014 1414 2308 198 ie vous suis tres oblige pour l'honneur, qu'avez fait a ma traitte de ƒ1000:

992 1488 2300 225 de change en vous occasions despose librement de celuy qui a l'honneur d'estre

2762 1592 386 136 Adij 15d

855 1647 832 165 London Schoppens & Edwards

1023 1674 2197 196 i& mij ser aengenane van 31 sber ett.6:s, wel ontfanghen, daer mijt

1010 1792 2253 213 vernomen, dat ontrent de actien voor ons niet te doen was sien oockk

1014 1939 2223 136 niet, dat die tot ons limitos comen sullen de wissel is oock soo laegh

1009 2037 1092 129 dat om remises niet dencken magh

1020 2126 2236 122 jmant van mijne andere vrindeu van cottj noteert my, & seght seer se

1028 2186 2266 146 raeden, van te coopen obligatien van de zuijfsee die met brieven van

1013 2285 2266 148 23 xber lest waren a 13  discompte & geven 5  pannue, & dat die

1004 2379 2258 155 binnen een jaer sullen betaelt worden oock seggen, dat daer geen visics bij

1006 2469 2317 171 te loonen is, om dat die obligat ien preferrabel aen de aetien sulln betaet

1017 2581 2323 153 worden, dien volgens, soude 18 t maten van mijne penningan, het sadde

1031 2653 2295 166 oock connen sijn, dat die obligatien voor ontfangh deser a 9 miscien a

1031 2772 2306 165 14 tt discompte sullen syn, & terwijlen geen mjiloeye weete voor mijne

1029 2882 2254 163 penningen, onder ue berustende & dat garen goeden intrest soude trecke

1013 2963 2234 146 soo gelieve de s £400:- in die obligatien te coopen t'employeran ick

1005 3068 2308 143 twijfele niet, oft ue sal dit mede geraedts aem vinden, gelieve hier inne

1020 3162 2253 143 te doen, als voor eijgen, & tet mijn meeste avantagie op dat ons eerste

1026 3241 2244 192 aenvangh van correspendentie, my magh aniweren & wat tot hebben

1025 3353 2296 174 geeffectueert sal met verlangen fweeghten, blijve naer ul gewenst te

1033 3449 2154 166 hebben, in desen coopenden jare alle huyt & voorspoedt & groete ue

2799 3536 434 158 Ady 19d.

1031 3609 396 126 van herten

861 3658 825 192 Brussel Steph: rousseau

1037 3746 2163 182 le 15 courant estoit a vre grace ma derniere, a la quelle ie me

1047 3870 1567 154 referve vre remite sur 1 le bourgois est satisfait.

1036 3907 2172 216 le S Jan de Broe, m'ordonne de vous envoyer une assignattioen a la

1023 4005 2313 195 charge pour ƒ471:- pour solde, dont il est abuse, puis quil me reviend

1043 4117 2258 197 ƒ 472:19: quil examine le compte, il le trouvera jutte, aisij ie vous

1046 4233 2051 172 envoye cy joint mon assignation a sa charge pour qu'atre cent

1033 4327 2268 181 septante deux florins dixneuf patars de change, vous priant de

1621 4430 262 109 emat

3533 231 2451 132 qmonsi celon toute aparence, ie me resoudray pour quitter la negoe pour

3527 297 2398 143 cettaines raisons & ccomme j'ay encor me belle partie des perpeti ie les

3519 392 2415 126 vandray a j'uste prix auisij il y aura du profit a faire a mes vieux

3531 485 2390 138 chalants, vous pouve le commniquer p occasieny & quoy que ie quitte

3525 573 2387 144 la negoce, ie vous ofre toujours mes services, en tout ou ie vous puis

3541 707 2061 142 ettre  & comande liberement celuy qui a l'honneur d'estre

5407 684 563 209 Ady 19 Jan 1721

3370 787 686 197 Brussel Jan de broe

3527 882 2427 144 ue aengename van 16 deser wel ontfanghen waer bij ul mij ordonneert

3519 961 2464 144 mijne assignatie t senden aen heer rousseau, voor ƒ 471:- tot slot van

3514 1072 1500 180 alles, ue heeft abuys mij compt als volght

5507 1114 423 204 ƒ 313:19

3523 1174 844 179 de partje 24 meert 1719

5488 1254 383 92 „431:-

3523 1266 698 169 de prrje 11 july d

5131 1309 813 192 samen ƒ 264:19

5527 1433 327 133 „312:-

3636 1404 1301 194 10 april 1720 adhier rousseau betaelt

5065 1542 877 132 rest nitto ƒ 472:19

3526 1610 2439 172 waer vooren heden mijne aslignatie gesonden hebbe aen dheer rousseau

3514 1751 2453 111 tot voldoeninge van alles. hebbe poetent wel over de 200 stucken penet: by

3525 1835 2470 137 van alle suijsen, ick soude gaerne losse, daerom soo uet eenige van noode

3524 1912 2474 138 hadde, soude voor ul profejtelijck sijn een goede provisie te coopen, want

3510 2047 2400 115 sal die beter coop geven, naer alle apparentie sal die negotie quitteren

3526 2123 2412 143 dat de reden is, & mijne oude calanten, louden daer van connen profiteren

3542 2231 1365 143 waer mede naer dinst presentatie bllijve

5430 2233 433 159 Adj 20 d

3450 2315 771 194 Gent fran:. Louis Baut

3526 2421 2457 169 ue aengename 12 deser wel ontfanghen het pack lijnwaten, is mij bij tijde

3535 2522 2451 178 gewordin dogh noch niet geopent, het is mij leet dat ue soo lang in debours

3531 2598 2365 165 11 geweest tit eghter mijne faute niet vermits d'occasie niet gevonden

3546 2679 2418 186 hadde up: te remitteren hebbe nu andermael dheer uen om gebeden, mij te

3544 2806 2422 147 te accomoderen dat geschredt is derhalven sende ue hier benevens remise

3527 2908 1540 144 voor £83:10:17 op ten laste theer Jacomo Bait

3484 2981 2488 169 dienende tot voldoeninge van de voors lijnwate waer in ue: van gelijcen

3486 3088 2403 193 dienttigh can welen gelieve te comanderen, die naer teer mintame

5397 3201 462 159 Ady 22d.

3515 3230 752 151 groetausse blijve

3467 3325 667 132 London John batuall

3543 3420 2451 124 ues mij altijt seer aengename van 9 pass 1720, op syn tjt wel ontfanghen tis raij

3549 3518 2408 142 lief dat de 2 balen 26 „ 23, ue wel geworden sijn, & wel bevonden, van de goede

3534 3610 996 149 qualitijt moet niet twijfelen.

3543 3633 2462 191 ingevolge ue ordre soo sende hier benevens, ue rekeninge courant waer bij mij

3542 3745 2427 188 p saldo is comende ƒ451:10½ daer iuk op niw rek voor gedebiteert hebbe

3543 3848 2414 172 gelieve de selve te examineren, & naer wel bevinden, benevens mij conform

3550 3965 2433 150 te noteren, ue sal sien, dat voor den tijt van ue remises niets in rek. brenge

3545 4053 2470 154 gelijck voor desen gedaen hebbe, wanneer bemerckte dat ue: daer over niet al

3517 4153 2451 157 te content was, & gelijck het redelijck is dat iets geniete voort avanceren

3555 4229 2458 145 ven penningen, soo hebbe soo veel te wege gebroght bij mijne tijck mal is

3543 4319 2174 163 dat sij voor mijn contant gelt, mij daer vooren contenteren
