8365 4740
1069 288 2224 134 seght gelijck het ul: gelieft soo salt geschieden ist van ue

1069 390 2343 147 gostie de volle ƒ 800:- te laten staen sal mij aeng wesen oock alles

1072 474 2340 132 naer u wel gevallen, benseer verwondert dat  ul seght dat samen

1065 594 2287 126 nu weder ordre van mij gehadt, heeft ick verclaere bij waerhydt

1079 640 2293 169 dat seders ue hier gesproken hebbe niet een stuck sijck ontfanghen

1066 744 2350 167 hebbe, nochte ordre om tijken in te koopen al hoe wel ordre verwaght

1060 860 2389 125 hadde over langh, gelieft mij eens te antworden op het voors, & mede

1072 937 2323 170 notitie te senden tot wat prijsen ue de tijken soude stellen met

1078 1037 2330 165 2 be rabat om se sien oft noch iets met ue soude connen doen

1070 1138 2320 160 als de ordre soude becomen dogh het soude van ue: alderbeste

1062 1291 2251 121 goet moeten sijn want soude anders groote prejuditie lijden

1058 1391 2010 128 gelijck ul bekent is waer mede naer groet bljve

898 1446 898 153 London dh Joen fasnall

2563 1472 678 155 Adij 6 sber 1724

1071 1560 2316 137 beferrete mij aen mijn voorige van 20 pass gisteren becom ue seer

1072 1656 2313 100 aeng van 21 passt ditto. V.. daer benevens ordre voor 10o ps tijken waer

1067 1770 2353 99 onder 30 ¾ 3 segels blue & wt shoe ssript very m stript & vermits ue maer 20 shoe

1071 1802 2366 166 strapt besproken hadde soo sal de resterende 1ops: noch doen maken om die 30 ps

1065 1899 2373 180 compleet te hebben & als die gemaeckt sijn met de andere geordonneerde

1058 2001 2393 163 te samen packen, & versenden soo haest mogelijck sal sijn bevinde mede

1057 2117 2380 159 2 wissel brieven den eenen op frans: de volder tot sendt van s £75:-

1062 2195 2320 166 die om acceptatie hebbe versonden & betaelt sjnde wordt ue voor de

1043 2284 2396 165 selve gecrediteert, ick weese niet oft ue onse iek pourt naer gesien

1051 2427 2396 96 heeft vermits ue schiet dese remise van £75:- op rek van de geordan

1053 2507 2399 104 100 ps. tijken & ick bevinde datter wejnigh overigh sal sijn, als die sal

1065 2580 2377 135 ontfanghen hebben op de voor nu al reede gesondene tijken derhalven

1066 2677 2350 164 versoecke mij voorders te remitseren tot betalinge van dese coops

1055 2765 2387 166 die ue soe senden moete tot ue gouverno, den wisselbrief van

1059 2885 2393 149 t £80: a7 ten laste judoeus van diest alhier hebbe om acceptatie

1066 2951 2380 172 gevraght die den selven met heeft willen accepteren seggende dat

1065 3086 2344 100 hij geen kennisse hadde aen den trecker nochte schult warom

1073 3139 2373 161 in gevolge ue ordre den selven hier ingesloten te rugge sende ben verwonde

1045 3236 2365 200 dat ul soo claght over de ⅓ 3 segels ordinaire screpen sijnde van den

1071 3319 2271 188 besten maker soo hem sal spreken sal daer van raport doen

1061 3466 2347 167 oock seght ue: dat het laeste stuck lynwaet sleght is daer

1072 3544 2375 149 het al gelijck de voorige wat & nu can soo danige noch nmet becom

1069 3668 2376 140 sijnde de lijnwaeten het dier & geen sortimenten te becomen daror

1084 3752 2376 176 moeten ons patienteren met het gene voor de hant comt de bett

1070 3893 2321 130 marten van de lijnwaeten sijn tegens mus jaer als wanneer ick

1081 3963 2297 136 mijne provisie in coope hope het naeste jaer beeten stucken

1067 4068 2287 154 de connen senden waer mede naer cordiale groetenisse

1070 4197 271 123 blijve

1058 4207 2370 187 . vesoete das voand lij se van aen den ntans dnae despeckh tot london te betalen

1053 4338 2407 109 7 p 9717 sterlinx voor rek. van dhi pedro melijn, mijn broeder, & van hem quitente

1066 4426 1223 156 te vregen & de selve mij toe te senden

5351 252 719 138 Ady 12 gbre 1722 213

3462 286 625 164 Aendt mons: die wijn

3557 403 2534 114 hebbe nmet groot verlanghen verwaght van iuk te vernemen ofter geern arresten

3574 457 2534 180 sijn op de ordonnansten waer van aen ue eene memoiie hebbe mede gegevenen

3578 558 2529 187 & vermits ul des weke niet is over gecomen soo neme de libersyet dese

3585 708 2392 111 weynige ue te schrijven versoeckende seer vrindelijck van sigh te

3587 806 2452 148 informeren op het comptoir van d'h: d'overloop Sakijer al waer volle

3594 888 2463 157 apparsement sult connen vinden want dht walkiers heeft mij die

3589 978 1989 107 gisteren hier geseydt  dat sulx bij hem niet te ken is om dat die

3556 1040 2529 104 ordonnantien bij voors p overloop bewesen waren dat walkiers sup

3578 1142 2465 114 oneers datter op ijder ordonnantie ontrent ƒ 200:- arressen sonder syn

3568 1205 2489 172 & l van de wijngaers seght geen te sijn & hij presseert om samen

3569 1300 2495 132 af te rekenen uyt reden dat aen hem van mijn ordonnantien

3570 1415 2323 130 noch iets is comende dat niet gerne betalen soude voor aller

3578 1506 2459 173 versckert ben van geene resten derhalven sal ue mij veel

3573 1662 2363 120 plaisier doen van aen mij het bevonden te noteren alle

3569 1712 2376 177 oncosten sal ue ten dancke remboursseren waer mede naer

3596 1815 1130 140 seer mnsame graet blijve

5109 1872 744 171 Adij 18 sber 1722

3480 1916 790 146 Tunhout de wed. Robert

3586 2061 2377 160 verhope ul goede thuys comste & vermits ue de goedrheydt gehadt heeft

3594 2166 2446 137 van mij te presenteren den pasten brief te besorgen van het kint dat

3584 2257 2516 162 hier eijons is, soo hebbe d'eere van ul: te seggen dat het kint genoemt

3598 2346 2519 146 words te weten het shint, jan hendrick telleger, geborsigh van turnkout

3590 2449 2536 166 op 11 april 1723, den vader 1s jan hendrick felleger de moeder da Elisabertn

3600 2539 2476 137 wighmans, twijfele niet oft den passoor sal dat soo vinden & bidde dat hij

3602 2673 2465 160 attesteert den casten brief soo op sijn register bevonden heeft oft wel

3590 2749 2436 189 om beeter te seggen, gelijck hij het selve sal bevinden & geheve

3437 2829 2685 200 aen hem sijn reght daer vooren te betalen dat 2 permisse schellingen

3593 2969 2429 155 is, oock versoecke van niet te seggen warom den casten brief

3587 3057 2492 179 gevraeght wordt: sal dan uk goedtheydt afwaghten & verhope op

3451 3176 2592 138 d onderdagh avont den casten brief hier te ontfanghen sult mij

3600 3252 2453 211 ten hooghsten verplighten waer mede naer presentatie van dienst

3596 3387 1248 184 blijve & groete ue van herten

5422 3429 602 197 Adij 21 gber 1725

3453 3489 739 186 ud then jouff: heyen dall

5083 3571 155 92 me

3450 3561 2536 174 nous avons apris avec plaisir p la chere vre du 2 courant, que mons. Caspar

3446 3682 2459 199 spill, vous at payez la qustolle, que mon espouze vous estoit devable

3591 3808 2485 151 excuse mad: que cela ne fut fait plustoit, c'estoit faute d'accasions ie n'

3607 3874 2502 186 n'espere pas, que le retardement vous a cause, quelque in quietude a

3608 4027 376 125 ce sujeet

3604 4064 2449 170 comme vous avez la bonte de nous offrir vos services en vos certiers, ie

3627 4157 2323 192 prend la liberte de vous prier p cette, de me vouloir procurer le

3625 4280 2495 146 batisfaire dume petitte fille agee environs quatre ans nomne chrittina

3450 4410 2658 141 felleger, dont le pere estoit Jeau henrich felleger, & la mere da clisabeth
