8385 4699
885 232 2252 202 Pieverton mons: Samuel Bierridge Ady 18 feb: 1722

1059 376 2320 255 ul aengenaeme van 8 feb 172 ¼ 15 July 1725 & 17 Janus

1054 580 2304 187 pass bij sijde ontfangen waer op tot antwoorde segge dat de negotie

1039 679 2291 191 hied seer sleght is quiets te vercoopen hebbe noch over de 150 gs

1050 814 2258 240 van ue gesondene perpetuanen die blijven leggen als stoenen

1081 956 2228 251 sedert dat ue aen mijn comptoir gast perpe hebt gesonden die

1068 1103 2145 249 alle mijne calanten naer sigh treckt hadde ue dat niet

1059 1258 2325 240 gedaen suponere beter voor e soude geweest sijn ben ne gevespne

1059 1425 2191 227 die bij hebbe aen den man te helpen & dan wat still staen

1068 1625 2305 162 tot dat de neystie beser sal sijn tis met noodigh ick mij voordee

1063 1706 2246 225 schrijfs als iets noodigh hebbe sal ul wel laeten weesen dit

1065 1867 2308 225 sjnde het noodigh deses & dat bljve naed vrindelycke groetemips

882 2001 2133 250 Bruxelles mons: Stephano Rousseau Ady 16 du 1722

1072 2159 2265 253 ie me referxe a ma derniere de 14 courant: hier ie recai un

1075 2307 2250 243 remise poud vre comite de mons. francise Rousseau vre frcre

1064 2445 2320 233 d amsterdam en lettre tire de bayoun le 14 janvier a udanme

1072 2596 2265 270 sur mons Charle de turek a bruxelles payable dans anvere

1058 2714 2324 290 ez piere Lombaerts de W 918 a 47  7 of ayant en argent

1041 2907 2249 247 de change noeust cens nonaule cince florins neuf passars dont

1079 3087 2308 237 ie procureray le necessaire en son temps et vous en seray credite

1097 3188 2288 249 mad: moris in a marque quelle vous contera quelque argent dont

1069 3370 2309 233 j'attendray le succe ie crois que ie pourruis bien faine une tours

1071 3510 2313 250 a bruxelles avec ma comp. jaindy e demanche prochain

1102 3657 935 211 ie suis tres parfaitment

903 3723 2163 254 Turnhaudt Egeus sanen  Ady 20 d 1722

1109 3939 2268 156 mons: in antwoordt op ue van 5 deser segge noch geen ordre

1093 4103 2289 179 als dan becoopen hadde ecktervoor gisteren om 130 stucken

1102 4208 2258 221 sjnde en sorden als aen den voedt deser de op sondagh my

1087 4337 2218 175 gelive toe te senden dogh van ue beste schoenstl goedt

5869 126 114 185 d

3557 220 2437 212 oft soude anders de mlandisie vertiesen wel te letten op suyver wit

3549 330 2462 229 & schoonblau & geen andere treepen bij te doen ordonneert een voerman

3556 465 2371 245 op sondagh avondt tmijnen huyse te leveren & sent mede de hest

3549 599 1869 217 & cont daed van disponneren dit afwaghtende blijve

3552 755 1463 202 „50 & ¼ groot loot „ 30 smalle 20 breede

3525 878 1478 218 „20 3 segels -a 12 snall7 8 breede

3526 1009 1459 187 „ 20  groot loet 14 smalle. 6 breede

3548 1104 1460 237 to 5 segels  a 3 small 1obrecez

3523 1311 348 254 1299d.

3543 1459 2255 262 brugge d'heer Laurence van Censeraem Ady 20 feb: 1722

3554 1629 2419 226 ul mij seer aengenaeme van 5 „ 13 p 18 deser wel ontfangen eden

3542 1756 2404 203 inhout wel verstaen bij den lesten het cognossement vand pack

3530 1914 2477 235 tycken MN. 23- geladen int schip van John wortelle heden

3535 2062 2411 186 is het pack vertrocken waer over ue geschreven hebbe hope noch in

3535 2221 2373 212 tijdts sal comen om met wortelle te verenden sijnde den windt

3555 2367 2412 216 contranie soo bij aldien naer ostenden vertrocken is cant het naed

3537 2515 2343 227 senden is gemerckt D.NGt hout en 100 stuck tijcken die

3555 2701 2416 193 vervolgens gelive te vertaren te conssyneren aen d'heedlohn

3547 2810 2428 207 tatnalle & aen mij de met rek. benevens coguossement

3536 2933 2451 252 mogelijck op maendagh toecomende sal ue noch een ander pack

3548 3077 2441 275 toe senden voor rekening van d'heer seorge vrijve met 130

3563 3243 2452 245 slucken wiens ordre ult geliven te volgen & sal ue geen vaorder

3558 3398 2446 215 advis geven dit sijnde het noodigh & dat naer seer cordial groetenige

5681 3522 273 119 buijde

3465 3511 2284 183 London mad: Bebecen Hemilton g coote Ady 21 d 1722

3543 3670 2475 179 beyde ue aengenaeme van 5 past op deses wel ontfangen met den

3561 3790 2339 226 laesten een wisselbrief van p £ 100:- ten laste d. bartolomens

3549 3920 2483 226 van winghen die om acceptatie gesonden hebbe & geene becomen

3542 4049 2387 191 seggende niet accepteren soude souder eenig redenen daer by te

3550 4214 2468 155 voegen oock hebbe gesonden bij martimus de feed die voor antwoo

3559 4333 2376 175 gaf voor desen wel die brieven veveerde maer dat hj hee sulxe
