8372 4726
2585 259 654 142 Adij 3 Julij 1724

947 244 799 165 amst. franc. Rousseau

1080 355 2379 158 in gevolge doure van dH. Steph: rousseau ue broeder de dato 28 pass soo hebbe

1083 443 2341 166 eeden op ue: getrocken iue banco wissel gelde £260:- seggen twee hondert

1060 561 2373 131 en sestigh ponden banco te betalen aen du: piere blee, ofte ordre, op twe

1055 623 2314 134 dagen naer dato, versoeckende dese mijne traitte te verceren & de

1031 738 2427 145 weerde in rekeninge met voors hier stesphand te brengen, sult verobligen

1062 823 2351 134 die in alle voorvallende occasien sal sijn blijve met presentatie

1083 931 1582 161 van dienst & nae seer vrindeljke groetenisse

2684 962 415 189 ƒ933:

896 1037 913 184 Brussel Stephano rousseau

3034 1134 171 69 me

1010 1137 2437 156 J'ay receu en son temp l'honneur de la tres agreable vre du 281 passe y joinrt

1032 1244 2424 172 de retour ma lettre de £100:8 p sor sut mons. henry Revers avec accepti

1027 1340 1942 160 donneile en forme, dnt ie vous suis infinement oblige

1073 1446 2391 147 ourre suivant vre ordre, j'ay tire ujourdhuy pour vre compte sur mons

1059 1512 2329 222 francsio rousseau a amst En argent de bancque £260:-, ie dis

1049 1622 2409 134 deux cent foisante livres argent de bancque, payable a deux jours de

1055 1735 2296 196 date a l'ordre de mons: piere lee, a ¼ pour cent de vre avance

1071 1821 2283 177 dont ie vous ay credite, en argent de change ƒ1563:18 vous

1071 1926 2331 156 priant de lancoter de conformite & ma croire, que ie suis ln

1035 2064 571 148 tous occasions

2562 2051 785 242 Adij 15 d 1724

939 2149 804 142 London Jone Jasnall

1075 2214 2365 196 p 21 & 24 passto waren aen ul mijne voorge met den cersten

1059 2331 2389 122 het sognossement van de Bale N.45 & met den laesten de facture

1069 2437 2310 111 vant dde selve monserende in wissel gelde ƒ 1182:14: voorders

1066 2534 2386 145 referrerz mij aen den selven sedert become sal aeng van 15 passe

1047 2598 2370 156 B.S. waer op tot antwordt segge als dat het retardement van

1055 2747 2392 126 de bale N. 15 becomen is door dien dat het pack van brugge

1068 2815 2402 167 naer ostende moest gesonden worden p wagens om dat de vaest

1068 2904 2219 130 af gelaten is, gelijck as: met mijn voorige noch maek

1059 3024 2351 128 geadviseert hebbe, twefele niet oft ul: heeft de selve voor

1045 3109 2396 136 u ontfanghen de twee silvere sack harolosken sijn mij wel te

1068 3199 2335 136 hant gesomen ben daer ten uyterssen over vergenoeght & bedancke

1062 3317 2273 119 ue andermael voor de moeyte & sorge daer ontrent gedragen

1068 3331 2415 182 & us is voor de selve gecrediteert te weeten voor s £ 14:12

1071 3470 2411 173 a 35:4en is in wissel gelde ƒ 154:15: de bak N.16. met 116

1061 3582 2390 167 tijefen is op 30 passte naer sbrugge versonden dogh hebbe tot

1069 3678 2240 141 nu soe de oncost rest nochte het pognossement noch niet

1055 3787 2379 135 becomen sal op ontfangh de facture ap: to daer van

1060 3904 2233 148 toesenden, de 20 stucken choe strips hebbe doen maken

1069 3984 2125 154 & sullen toecomende weeste gereedt sijn soo sal ue

1050 4087 1979 142 voordere ordres afwaghten waer mede naer dinst

1049 4190 880 165 presentatie blijve

5394 239 660 152 Adij 19 July 1724

3495 269 649 155 London John fatnall

3569 345 2424 175 referrere mij aen mijne voorige van 21 & 24 pass & 15 deser hebbende sedert

3563 468 2483 132 geene van ue missive becomen, soo dient desen alleenelijck tot geleyde van

3539 534 2550 151 dingeslotene facture, & cognossement van gene bale gemerckt N. 46 inhouden

3573 656 2490 132 120 stucken tijken, geassorteert volgens ue: ordre bedragende in wissel

3542 742 2525 117 gede ƒ 1644: 13 sijnde dese bale geladen int schip van lucas stroobant

3520 839 2509 129 die den cortten sal sijn, die von ostende naer london sal vertoecken

3578 949 2486 145 godt geleyde hem in salvo & laete dese goederen ue: wel ter hant comen

3520 1079 2459 145 & waer mede deere van ue voordre ordres afwaghtende blijve naer seer

3579 1152 826 148 vrindelijcke groetensse

5359 1136 622 209 Adj 29 july 1723

3506 1242 795 187 London Schoppens & Edwards

3571 1347 2404 158 26: seer geestemeerde van 8 pass. 03. op sijn tijdt wel ontfanghen, daer bij

3545 1470 2474 146 facture van de versoghte botillies, bedragende s £13:13 st waer vooren

3569 1564 2433 133 met duijsende obligatien, ue ten dancke hebbe gecrediteert hebbende de 6

3575 1686 2515 113 voten wel geconditioneert ontfanghen, & de bosellies wel bevonden, den graveerder

3573 1754 2509 148 van het cachet heeft mij meer diguitijten willen toeschrijven als mij toecomen

3587 1848 2515 129 vermits hij de roone vlach op de schide gestelt heeft dat niet viieren magh

3577 1978 2524 98 comende sulx aen marquisen toe soude sulx int publieq niet derven voiereen

3560 2032 2513 183 de heranten, oft heraux darmes, souden datelijck imant in reght trecken

3563 2124 2427 155 die iets boven hunne qualitijt doen, derhalven can het cachet mij niet meer

3577 2246 2477 135 dienttigh wesen, blijvende echter ue ten hooghten verobligeert voor de

3587 2334 2431 131 moejte & sorge hier ontrent gedragen, & waer in ue in dese quartioen

3577 2421 2485 160 oock dienstigh magh wesen, versoecke van liber te comanderen, ontrent

3585 2556 2361 125 de banch actien valter tot nu toe niets te doen, alsoo de selve de

3584 2610 2507 168 hoogh gemonteert sijn, derhalven moeten den tijdt poccasien afwaghten

3587 2764 2480 125 soo die comen te vallen, bidde van niet te precipitant toorts te gaen

3568 2803 2382 207 & Re comandere ul mij intrest als eygen te behertigen, waer

3599 2909 1961 183 mede d'gere hebbe van te sijn niet opsaechtigheyt

5466 2978 585 183 Adj 5 aug: 1724

3507 3053 626 173 Eadix Louis Callebaut

3605 3156 2338 141 ue: seer geestimeerde van 13 „ 20 april 1723 & 4 julj pass 1724 sijn mij op

3588 3257 2474 124 hunnen tijdt wel geworden bij de twee eerste verneme genoechsaen, dat mijn

3592 3305 2487 162 schoon vader van clorts & comp. niets te verwaghte heeft oock maeckt daer

3578 3402 2500 192 geen haedt meer ip maer wel, dat dh. snelling soude rekeninge gesonden hebben

3556 3528 2487 130 te meer om dat hij lebse noch naer der hant geschreven hadde, van int cort

3586 3620 2436 126 rekaninge te senden doch het succet is niet gevolght het waer te wenschen

3598 3683 2471 127 dat die rekeninge opvolgde om dat een tweede persoon, daer by geintresseert is

3574 3759 2356 145 dah alven, lut loude ons veel plaisier doen, ingevalle ue ditto h. snellin

3582 3849 2495 183 sonde bewegen om daer van een eijnde te wuken, op dat wij onsen voindt

3599 3941 2491 155 daer over louden comen satisfactie geven, tot sijne & onser geruste cheyt

3593 4071 2482 143 bij ue. laeste vernenaene dat mijn broede nero ue: geschreven heeft om

3599 4123 2489 158 ontfalt te sijn, van de adinistratie van : twee wijsiens oock dat hy

3604 4231 2459 138 ue heeft laten weeten, de sware voorvallen daer hem overgesomen

3601 4339 2435 189 siyn, int verliesen van lijne huys vrouwe & sijnen cenegen sone dat
