8365 4740
1025 288 1269 115 50 ¼ groot loot 40 smal 10 breede

1018 356 1251 165 20 ¾ Cgroot loos 16 sual 4 breede

1015 459 1258 157 10¼ 3 segels moorsens Blaeue & wit

970 571 276 137 50 ps

1003 609 2283 151 6 ps naer dit ingesloteen stael & bij faute niet gemackt sijn de

1005 717 1806 165 selve te lasen masen tegens eene toecomende ordre

2516 803 664 151 Adij 13 april 1724

1119 825 659 157 oedon John Hatuall

1060 899 2195 178 aengenaeme van 23 pass. C.S. gpel ontfanghen daer bij ordre voor

994 1019 2251 140 sops tjken die soo shaest mogelijck sal besorgen & versenden dogh

1018 1072 2231 127 can die niet minder becomen als de laeste bale N.13. ul: gelieft

994 1165 2274 166 te seggen dat 2ops ¼ 3 segels soude bespreken tegens ul naeste ordre

1013 1236 2286 128 van beceeding mee ul: seght niet oft het schoe hips moeten sijn oft andere

1010 1331 2276 133 ordrnnaire Cost wel naer ul: staeltien waer op breedere gaplicatie gelieve

1003 1404 2168 151 te geven, de 6 ps naer het staeltien sal capres laseon maken al

1015 1458 2237 182 remises op fcans: kint tot Bruxelles is hier op 8 deser promt betaelt

1007 1550 2346 205 & hebbe ue daer vooren gecrediteert in wissel gelde ƒ 1000:10 & de remises

1018 1649 1767 158 van £10o op pedto van diest, & ditto boropamandat

1022 1730 2350 172 5 ditto„ 80:- op amandes iontrechts tos bruxellen sijnde beyde geaccepteert, & twijfele

1020 1802 2318 160 niet oft sullen promt betaelt worden ten verval dage op 19 meij toemende

979 1881 2288 169 den wissel Brief door S. Henrij kencks op 18 gebru lest a.1 getrocken

1018 1990 2198 177 op 2 usos ten laste henrij haydon tot brugge hebbe terugge becomen

1021 2052 2251 203 met profest tegens d. haydon & volgens het adres to m ickd. taglor

1023 2130 2317 202 is door ditto taylos geaccepteert dogh tis te bedachten dat ten verval

1008 2207 2238 200 dage niet sal betaelt worden ben verwondert dat ul senck dat die

1031 2301 2321 199 brief geindorseert hebt aen mijn ordre dat nmet en is, daron bidde op

1033 2389 2311 234 ontfangh deser den seconda te senden want vervalt op 29 deser darom

1036 2471 2260 234 geen tijdt te verliesen & gelieve mij te crediteeren voor ƒ 1:4: de

1034 2605 2212 145 mijn vriendt tot brugge voor het profest tegens hayden gedaen

1024 2664 2384 165 betaelt heeft den scconda wissel brief dan met verlangen afwaghtende

1039 2754 2145 215 benevens d'eere van ue comande blijve naer seer ale groet

2454 2847 659 150 Adij 22 april 1724

874 2904 849 135 Deulen dhr Gerard meuser

1063 2939 2319 168 Dp P deser hebbe mij d'eere gegeven aen ul te schrijven met versoecke

1038 3061 2304 97 van mij een haem van den besten renschen wijn overmoeseler toe te senden

1037 3101 2290 174 referrere mij voorders aen den selven sedert hebbe het geluek niet gehadt

1046 3176 2343 190 ceinge van ue misive te becomen verhopende bchter us: & familie noch

1041 3260 2318 185 in goede gesondt hydt sijdt & dat de meinghvildige affaires ul: belet

1051 3328 2365 186 hebben mij een worscken tot antwords te laten toecomen oft wel dat

1044 3427 2376 174 ue uyt for stadt sal geweest sijn & terwijlen geen staelt can massen

1052 3503 2261 213 op mijn versoeck voor aleer ul antwordt became soo neme de

1041 3603 2364 174 libersijdt desen ander mael aen ul te schrijven oaddende de goetheydt

1054 3666 2353 221 te nemen van mij op ontfangh deser te adviseren oft al iets puycse

1040 3761 2345 224 soude connen toe senden van het goedt gewas want soude geirne daer

1056 3852 2351 217 eer van haelen & uf: weet wel dat den wijn de meeste honneurs doe

1056 3979 2293 180 op een maeltijdt het zesoen begint al wat te verloopen darom

1070 4022 2299 189 bidde van geen tijdt te versuymen int versenden van de haeme wijn

1052 4121 2322 162 mijn lheftte maeckt staedt van binnen & naer afen te vertrecken om

1041 4215 2286 191 de wateren te gebruyken & het soude bightelijck connen gebeuren

1041 4319 2266 143 dat sij een foursen naer peulen soude comen doen als wanneer

1048 4396 1973 195 sij niet mangieeren sal van ul te comen ge soeen

3589 235 2470 131 ick can niet mede comen om dat men mij tot den aclemoeseniers dinst de

3566 296 2505 138 vercosen heeft die mij dagelijckx in groote occapatien stelt mevrouvs doedt ue

3571 398 2483 116 & gamile seer vrinde groeten gelijck ick mede ben doende &hebbe d'eere van

3573 487 255 110 te syn

5223 483 755 188 Adij M avril 174

3468 526 776 147 London d'h. John Hatuall

3593 610 2386 165 Ap 12 deser was aen ul: mijnen laesten met advies dat uk de remise op

3570 692 2515 139 henrij hayden die op 29 deser vervalt niet hadde geindorseert wil hopen ue die

3576 781 2440 175 brief voor nu sult hebben ontfanghen & dat den seconda wissel brief met

3563 840 2507 178 behoorelijck indorsement al sult hebben afgesonden om bij tijde het noodigh

3567 949 2374 172 daer vooren te besorgen can niet gelooven dat sal betaelt worden de

3570 995 2515 240 geordonneerde sops tijsen sijn op 19 deser opgepackt & naer brugge versonden

3555 1143 2522 149 soo haest de oncost rek. become werdt aen ue de facture met het pogno

3560 1252 2442 139 toe gesonden hebbe den maser ul gesondene stael laeten hen die mij

3561 1320 2518 158 seght dat hij den eenighsten is die die gemaeckt heeft het sijn 3 segels

3569 1426 2457 173 moeten 1o a 12 st p ps meer costen als de ordinnaire strepen al noteert mij

3554 1551 2504 149 niet oft die 6ps volgens dat stael &oft ½ 3 segels moeten sijn warom

3515 1593 2456 210 de selve niet heb derven int werck te laten stellen hij heeft mij aps

3558 1719 2497 165 gesonden naer dat stael & 3 segels darom bidde op ontfangh deser mij de

3547 1809 2527 123 laten weeten wat sorte het sijn moet den maser seght noch geen

3569 1944 2433 134 & 8 segels daer af gemaekt heeft maer alle & 3 segels tot ul: governo

3563 1990 2370 159 ue antwoordt cito hier op afwaghtende blijve naer seer vrin groet

3574 2125 2507 139 P.S. mijn heer bidde al: seer vrindelyck van twee mans sack hoorobagier

3579 2225 2492 153 te laten mahen van den Besten meester segge silvere sachoornogien

3579 2311 2514 138 ider met een silvere geting alles naer de murste mode daer is tot londen

3586 2402 2361 170 eenen hooroligie maser windmills die se seer goedt maecket hebbe

3567 2480 2427 182 differente van sijn werck gehadt daram bidde hem te imployeren

3585 2588 2379 149 & de selve te probeven oft die jast gaen sal p mijn naeste aen ue

3586 2684 2395 173 schrijven op wat maniere die te versenden excuseert dese comissie

3601 2772 2227 192 & als oock as dinst can doen gelieve siber se comanderen

5226 2875 718 167 Adij 23 april 1724

3477 2899 1169 169 Brugge DHr Jaerenme van Bentergen

3577 2972 2508 168 Beijde ue mij seer aeng van 18 & 30 passt sijn mij op sijn tijdt wel geworde

3596 3110 2499 130 wat aengaet het betaelt profest tot laste van haydon versckere ue: dat

3593 3201 2424 145 hier het gebregen is dat den genen die den brief vereert het protest

3585 3279 2435 169 mede betaelt oft a costj sulx int gebruyck niet en is wil dat niet

3594 3367 2392 140 bedispicteren hebbe dan ue voort selve gecrediteert bij ul laeste

3580 3485 2532 137 become de quitantie van d' heeren Troes voor £16-8n wisselgelde

3598 3549 2517 191 waer vooden ue: oock gecrediteert hebbe & bedancke al: hertelijck voor

3569 3654 2505 188 die genoment moijte, desen principael om ue: te adviseren als

3591 3746 2524 145 dat op gisteren dul: toegesonden hebbe een pack B.N°.43 uhoudend

3598 3853 2451 123 saghensigh stucken tijken dat vervolgens gelieve te desclaren & p eerste

3600 3975 2455 108 vertreckende schip op london te versenden & te adreseren aen dhr john

3614 4031 2398 118 bashull & aen mij de on est rek benevens pognossement te lasen

3612 4133 2285 155 toecomen waer mede het selve afwaghtende blijve naer seer

3628 4239 878 171 vrindelijcke groetenisse 3
