8419 4719
1064 273 2223 146 & daer resseert noch al een goude some soo moet ul mij dese weeke son

1049 349 2282 198 minsten dagsent guldene senden qul moet selver comen om afte rekenen

1009 460 984 160 dit afwaghtende blijve in haete

2394 461 744 218 Adiy 20 Janue 1718

883 513 1455 204 Lindoen p K saen schopens aen edwaerde

1066 629 2288 206 beyde ue mij seer aengenaeme van 17 giet passt G.5 wel ontfanghen

1041 769 2324 191 bij den eersten gesien dat het parlement int cort miet de lotterije annuitues

1058 865 2207 189 aff te lossen oock andere renten die a 5 pe loopen dat oordeele geene

1047 953 2348 176 avantagie voort rijck sal sijn alsoo daer door groote capitale sommen ueyt het

1052 1066 2294 186 landt sal getrocken worden want niemandt uyt dese oft andere landen

1020 1178 2279 191 sijn gelt tot minderen intrest a costij sal lasen ben daer bij geintresseert

1049 1267 2324 230 voor duijsent pouden sterline sal afwaghten wat daer ontrent passeren sal

1056 1383 2123 190 voorders verneme dat ue mijn avance niet hebt connen remitteren

1067 1502 2122 199 a 36:3 a 2 et daer niets aengelegen is ue heeft mij voor desen a rato

1045 1577 2337 203 van 5 p p annum voor die penningen die onder ue liete berieffen goedt

1037 1694 2343 225 gedaen wil hopen als noch het selve doen sult soo niet het soude mij

1017 1858 2381 161 aengenaem sijn bij aldien ue die pennengen eenigh emploey conde geven

1045 1942 2298 212 tot hoogeren intrest dogh met securitijdt vant capitael men plaght

2126 2095 57 67 p

1052 2033 2250 192 de obligatien van de luyt seu te coopen a bues qis be verlies

1071 2163 2119 216 voor den vercooper & die croseren a 5 p dat ul sulcx soude

1076 2267 2263 230 afterlaeren als ue het goedt oordeelde soude daer toe wel in liveren

1054 2420 2265 199 gingevalle soo cleyne some niet conde becomen soude noch wel iets

1076 2490 2284 235 opsight daer vooren aen ulr remitteren brieven op amst oft rotterdam

1075 2597 2232 176 connen mij niet dienen nochte de wissel op antwerpen iager als ul

1065 2716 2269 194 genoteert hebbe doct naer ul goedt duncken laete het selve aln ul

1042 2842 2352 223 goede directie mijn vertroulvende mijn intrest als eijgen sult behertegen

1010 2972 1117 185 g blijve naer seer minsaeme groet

2282 3019 908 214 Adij 22 Janu 1723

913 3089 1013 163 Turnhout de wed: Robert

1072 3140 2299 225 p 16 deser was aen u mijnen laesten waer aen mij gedrage sedert

1086 3267 2342 210 hebbe ue hier verwaght volgens ul mij geadviseert hadde dogh noch niets

1087 3382 2263 201 van ule vernomen derhalven suponere ue het stack fijn lijnwaet

1089 3537 2339 143 noch niet onderhanden hebt gegeven daer niet aen gelegen is want het

1078 3616 2297 160 vries ent weder daer niett goedt voor en is sien uyt ul brief van

1082 3736 2210 183 van 13 pass de prisen van de sgken dandere willen nu oock

1086 3855 2333 125 hunne goederen verhoogen &als hier soo veel geven moete als aen ul

1068 3944 2361 189 soo weet ul wel dat ul: gepreferreert wondt ingevalle goedt goedt

1093 4038 2186 205 sendt want de laeste partijen sijn seer sleght gelweeft daer

1094 4155 2337 203 over veele woorden gslaghten gehadt hebben gisteren besome

1101 4245 2242 160 eene ordre voor 80 ps als hier onder genoseert die cito mogelijck

1101 4353 2155 219 gehelee te besorgen & mij toe te senden sen prijse als ic

3563 291 2469 143 mij genoteert hebt dogh de 2 p rabat voor de contante betalinge moeten

3574 401 2450 130 volgen gelijck de gndere mij doen dit alles dan van ue verwaghtende blijve

3568 469 437 182 naer groet

3621 580 2379 192 36¼ groot loot n 24 smalle a 6 breede ƒ 9:5 court is wisselgelt ƒ 7:18½

5691 701 262 159 „ 9:17-

3637 726 1536 160 20  groot loot „ 15 smal „ 5 bre . „11:10

5715 808 232 145 „9:18

3646 825 1514 156 10 ¼ 3 segels . ¼ smal „ 3 bre.. 15:10

5697 892 289 117 115:18

3639 872 1589 216 20 ¾3 segels „ 18 malle n 5 briede .. „13:58

3645 1036 285 206 t:

5064 1183 822 219 Adij 23 Janue 1723

3481 1172 917 247 ditt evert le paye

3583 1329 2475 225 Op 13 sber 5 xber lest 1722 hebbe ul: versoght van mij ten minsten het gaed

3573 1435 2508 215 paght te zemen voldoen verschenen banus 1721 & sedert hebbe van uls iets vernomen

3568 1606 2485 155 noch anntwoordt veel min gelt dat mij seer verwondert te meer om dat mjne

3553 1704 2470 197 patientie & consideratie lhuven regarde seer groot is geweest & dat ul sulx

3568 1855 2429 160 wijnigh foont de achten ssoude ponnen gebeuren dat ul mijne voorrge

3577 1939 2454 182 briefen niet heeft ontfanghen daer bchter geen geloof aen geve alsoo die

3556 2047 2529 216 door deh. van herck ul toe gesonden hebbe, au hebbe occasie ul desen soe

3567 2187 2488 209 te senden p den procureur braege die mijn schoon vader oock voor prour

3583 2309 2472 214 op sijn heerelijckhijdt van swijndreckt heeft aengestelt & pou ul p desen

3572 2431 2477 200 andernael veroecken van het voors jaer lant paht te comen voldoen

3576 2549 2417 212 sinde niets soo redelijck vermits al tewe oosten in de schiere hebt becomen

3543 2670 2526 167 & dat meer een jaer voldoeninge vrage  dan p eerste verwaghtende blijve

3491 2777 670 184 Lur farge Jugers

4810 2791 843 219 aadij 23 Janu 1723

3588 2907 2395 216 Ap 1e6 deser hebbe uen geadviseert den ontfangh van den suck iet gelt ge

3571 3065 2414 186 voerman van de wouloede waer uw bevonden hadde ses houdert sul 99 st

3594 3195 2450 166 courant gelt waer ul voor gecrediteert is oock hadde niet gesloegelt oft ue

3590 3240 2494 226 soude gisteren noch niet gelt over gecomen hebben om eeneghsens af te retenen

3587 3393 2405 171 hebbe ul niet veel in gelt becomen ick bidde ul van niet te maken

3581 3459 2492 214 dat ick soude moeten over comen want inder daet soude andere mesures nemen

3589 3618 2478 199 het schijpdt dat gelijck een bedelaer om mijn gelt moete solliciteren dat echter

3599 3692 2483 215 cljn goedthijdt maer en is sulckx consideratie te gebruyken soo ul op mandageh

3600 3816 2376 215 oft dijnsdagh geen gelt brenght ofte sendt sete verseken mij tot hier sal

3596 3920 2448 222 laten vinden & anddelen gebruefken die uln niet makelijck souden sijn

3593 4040 1350 175 ue dan nmet gelt. afwaghtende blijve

5114 4098 763 203 Adij 25 Janu 1723

3489 4150 1292 171 Turout De wed. Sansbde Robbt

3596 4268 2420 167 sien uyt ul: aengenaeme dat de 2 pe rabat op de tjken niet en

3610 4400 2431 128 soeckt te geven om  geen chayin aen te doen dat bij een ander soude

5863 4465 188 76 gaen
