8310 4713
2667 242 591 136 Ady 12 sber 1720

802 276 750 144 Brugge Aentergen

915 292 2375 209 op 10 deser was aen ue mijnen laesten, waer aen mij gedrage sedert become u

968 449 2350 125 aengename van selven dato met advies vant arrivement van preter heye van

954 514 2364 191 london, het pack  & is voor mij niet dat in ewinge geladen is, maer wel het pack

976 601 2313 156 A1. van London comende p voors schipper houdt in 10 pequtuanen dat

979 722 2251 130 vervolgens gelieve te verclaren, & ingesloten de noodige cortificatien tot de

976 772 2350 186 verclaringe als om onder wegen ren de tollen te bevoijden, versoeckende het selve

985 894 2289 183 pack met dat uyt ewingt e beutman mij te laten tocomen dat vraght

971 1017 1092 163 van London op Cottij & 5st: eps

965 1053 2358 231 voorders moete ue seggen, dat de comisena costij mijne voorige perpet: paecken

980 1197 2332 154 soo droevigh mishandelt hebben, dat int openen bevonden hebbe, sij hebben alle

967 1282 2298 198 de liesten geschandt, om de selve te segelen, dat eghter anders conde geschreden

976 1366 2325 176 daer versoecke sorge te dragen, dat sulte niet met en geschiedt want sij doen

985 1469 2276 168 mij groote preiuditie aen, sonder dat sij daer eenigh sprofijt bij hebben de sorge

993 1576 2303 161 hier ontrent blijft ue geprecomandeert, als mede de cortste expeditie van de

987 1721 1044 155 twee packen waer mede blijve

978 1767 2291 199 P de naeste weeke sal een pack tijken gereedt hebben tot ue gouverns

2683 1859 411 168 Ady 13d

888 1924 773 177 Turnhoudt endrick voeghs

996 1998 2209 206 ue aengename van 14 pass op sijn tijdt wel ontfanghen, dien volgens

1001 2096 2291 210 moeten de clijne strepies over lanck gereedt sijn bestaende in 20ps: gecouleurden

989 2202 2282 219 voorgisteren hebbe ordre becomen om die te versenden, & om de partije te

991 2307 2349 156 vergrorten hy vraeght to ps moorsens blouw quit clijne trepres £38e git

1000 2379 2313 178 dat buyten mijn mijninge is geweest, want hadde andere soorten verwaght nu

1000 2480 2230 165 ben beducht dat ue die moorsens blouw & wit niet hebben sult, daerom

996 2575 2299 209 schrijve heden oock aen sanen, & de wed: robert oft sij eenige hadden, & mooten

1008 2673 2358 188 mij op sendagh toecomende toegesonden worden, de rhalven tent de 20 gecoulond

1010 2796 2294 156 moorkens die ue hebbe doen mosien, & dae by soo veel moorkent blouw

1013 2849 2294 226 & wit als ue heeft op sendagh toecomende, & in afwaghtinge blijve

1016 3023 867 148 naer rordiale groetenisse

1066 3089 1310 179 6ps 3 segels moorstens groen & wit

1925 3174 537 144 roodt op roort

1054 3213 226 117 6d

1947 3267 474 144 brange & wit

1067 3321 161 112 6d

1963 3371 495 139 roodt & gul

1065 3408 229 115 2d

1053 3458 1384 197 20 ps. morsiens die hebbe doen maien

838 3525 2533 223 daerby 40 ps. moorkens blouw & wet waer van soo veele gelieve te senden, als bij hebt

2793 3639 431 170 Adij 13 d

862 3719 829 166 Turnhaut de wed: Robest

1023 3776 2344 200 op 2 deser was aen ul mijnen laesten, dienende tot ue gouverno ontrent den

1024 3914 1609 152 wissel brief voorders refervere mij aen den selven

1023 3951 2345 186 voorgisteren hebbe ordre becomen voor 97 is tijke, waer onder kop

1032 4048 2340 189 moorkens & 3 segels blouw &uit iouff: vedeghs heeft bnge moorsiens

1025 4143 2221 185 voor mij gemaeckt van differente couleuren, & die orddnaire die ue

1042 4249 2319 210 vrage is voor den selven man, daerom moet wel sorge dragen, dat

1047 4380 2316 167 niet geweeten woort dat die van ue vrage, want hadde naer moeten

3518 202 2429 138 beloven, die te laten leveren, ue moet dese op sondagh toecomende senden

3533 300 2428 126 want tis seer haestigh werck iouff: vereghs magh wel weeten, dat moorse ons

3525 349 2401 170 vrnge, maer van dandere niet glaetse in stilte op de llerre don, & dirc

3527 431 2428 159 wel te verbieden van jett te seggen, & hem te ordonneren van de tijsven

3517 499 2449 177 maendagh smorgens heel vroegh thuys te senden, de tijsen afwaghtende

3528 666 738 154 blijve naer groetenisse

3666 688 1576 178 40 3 segels 30 smalle 10 breede strepen

4597 787 387 119 10 breede

3649 838 571 136 10 ¼ groot lost

4593 886 445 117 breide

3700 924 554 164 4 groot loot

3640 1065 941 154 57 ps. ordinaire strepen

3629 1100 2340 211 40 moorkens & 3 segels blouw & wit waer van gelieve te senden

3657 1252 1233 166 soo veel als hebt, oft crijgen kent

5368 1235 639 199 Adij 13 sber 1729

3413 1375 822 183 Turnhoudt Egidius samen

3528 1422 2478 207 in lange geene occasie gehadt om eenige tijssen te versenden, voorgisteren

3531 1548 2290 180 become een ordre alleenelijck 40 ps. moorsiens ¼ 3 segels blouw & wit

3512 1609 2512 197 hope dat ul die hebben sal, mijn vrinde schrijft mij daer seer bij verlegen

3529 1754 2396 166 is daerom versoecke op alle vrintschap toecomende sondagh overmorge

3527 1811 2422 218 mij toe te senden alle die ue daer van gereedt hebt want mijn vrart

3536 1927 2451 215 seght cito te senden itt niet ten geheele dat maer senden soude die

3532 2033 1925 223 gereedt sijn, dit van ue overmorgen af waghtende blijve

5386 2122 457 163 Adij 14d

3426 2203 793 188 ruston wWill: J lai lavwes

3548 2290 2453 135 in lange geene occasie gehadt aen ue te schrijven desen tot ordre voor 80 pps sarges

3528 2348 2478 159 schlp 22 gd, gelijck de voorgaende bale doch de couleuren sije te bruyn geweest hier

3530 2455 2488 186 boven 8 stueltiens, die seer goedt & levendigh sijn van corleur, daerom de selve precies

3546 2544 2329 153 naer te comen, & geene doodtsche couleuren bij te doen noch geene lichtere oft

3544 2652 2446 145 bruyndere bij te doen, & wel te leaten van grof goedt gelijck eens eene bale gesonden

3530 2717 2419 142 hebt, & om geene rusie te hebben, recomandere de goede sorge voor alles, de

3530 2836 1454 115 budyn blijven worden soo niet meer gevraeght

3544 2908 2436 161 ist bij aldien ul dese goederen int scort kent gereedt hebben, soo sendt die op london

3544 2992 2445 139 aen dheer Jacques Frans: de witte ten sterfhuyse van dheer Charles bollengier in

3545 3065 2487 158 londen, & gelieve hem te schrijven, van ditto bale op ontfangh,  eerste vertrecken

3534 3182 2471 129 schip op ostende te versende, de sacqes sijn wat minder in prijs als voor desen,

3545 3242 2470 197 daerom telt die ten aderlaeghtte versoecke de facture soo spoedigh als mogelijck

3538 3365 2386 138 om ue met dese lage wissel te connmen remitteren, want anders waer daer

3548 3429 2285 220 geen profijt bij te halen, ue antwooort hier ontrent te gemoet siende blijve

3968 3526 970 148 1ns naer N. t gemengelt coffij

3953 3628 802 130 2d „2 bruyn vos

4316 3713 139 98 „3

3962 3725 170 121 3d.

4316 3803 148 96 „ 4

3940 3794 188 139 4d

4326 3805 1015 204 a5 7 alle olives geen bruyndes

3964 3901 120 106 3d

4302 3956 166 119 „6

3944 3985 122 97 3d

4335 4067 119 111 47

3939 4054 193 114 3d

3947 4126 558 135 1d„ 8

3880 4193 1371 200 20 pr. en one sl y so 4 ats w oe bale
