8392 4747
2199 285 802 135 Adij 14 Janue 1724

887 265 810 175 26d   Jm

1058 362 2248 159 come bij dese al: versoecken van aen mij de aldernaeste prijsen

1035 469 2231 134 de noteren van de tijken dogh ul moet die niet hooger stellen

1040 565 2265 158 als die wel soudt connen laten want ul is de schaldt dat de

1059 650 2246 178 voonge comissie niet gehadt hebt dit sijnde het noodigh desel

1037 767 2281 168 & blijve naer ul gewenst te hebben een gelaek saligh nieer jaer

1054 861 2186 131 vervielt met alle benedictien des hemels & groete ue van hert

855 893 958 223 Turnhout de wed: Robert

2327 960 697 170 Adij 14 di 1722

1058 1062 2299 209 us: aengenaeme van 9 & 16 pasto wel ontfanghen den iuhout

1051 1184 2270 167 wel verstaen & met den lesten ue advies dat de ƒ 1032:14 door

1029 1260 2330 209 dirick wouters hadde ontfanghen waer mede wy van alles aben syn

1042 1405 2302 174 tot heden ue seght de tijfen meer moeten losten, soo some

1027 1457 2244 177 desen van ul vraghen de netts notitie voor wat prijs ul die

1046 1588 2232 129 soude levesen & dat op het alder laeghste wilt ul mijne

1060 1681 2364 171 comisien becomen moete de re court aen mijn correspondente

1069 1783 2243 169 senden & ter selver tijds sal keen noteren wat de tijfen moeten

1045 1838 2349 186 costen dogh ul: moet weeten dat verobligeers ben den besten

1061 1930 2298 183 prijs te preserteren waer naer cout reguleren blyvende vaed

1060 2083 2325 151 ue gewenst te hebben een saligh mued jaer vervult met

1079 2166 2024 172 alle benedictien des hemels & groete ue van heeten

2802 2262 542 166 Adij 18 janu

915 2258 763 194 Gmdt Jan B. Granver

1066 2351 2399 209 ue 3 messire van 11, 21 xber pass & 16 deser, sijn mij wel ter hant gecomen

1063 2449 2403 204 de twee perste p mijn broeder pedro melijn, aen wien ick 1 de selve geandreseet

1061 2573 2348 224 hadde, & den laetten adroiture, hebbende d'eee van e tot antwoort

1050 2648 2406 212 te seggen, als dat niet twijfele, oft mmijn voors broedes sal ul genoteert

1047 2758 2355 239 hebben als dat op 4 pass tot den dienst van den armen deser staet

1068 2884 2383 189 verlosen ben geweest die mij soo veele occspatien bij brenght dat het

1060 2945 2383 246 bij naer onmogelijck is, op eenige seijgene affaires te eijsee, daerom

1050 3100 2343 231 blijve ul ten hooghten &verplight voor ue goede offocs, & sal dat

1070 3205 2391 215 acnsien tot dat den swaertten dienst sal sijn gepasseert middelehtijt

1082 3277 2384 282 ue eenigen aengenamen dienst conende doen, gelieve te comanderen,

1063 3416 2340 214 waer mede, naer ue van gelijcken gewenst te hebben, alle soorten

1061 3460 2393 251 van benedittien, in dit soonende  jaer, gelijck mijn liefste aen

1027 3582 2436 266 ul & familie oock is doende, blijve naer seer bedinde lijfte groetenisse

2414 3738 794 193 Ady 19 Janu 1723

952 3812 889 148 London dhr John facnall

1107 3861 2245 170 us: aengenaeme van 23 pass 1723 a. s wel ontfanghen daer

1102 4016 2179 131 bij advies dat mijne gesondene e court d'accordt hebt

1100 4081 2296 212 bevonden & mij op mae rek gecrediteert voor ƒ 1219:2:3 dat

1094 4196 2171 197 wel is & ingevolge ue ordre sal ue iet. belasten met den

1108 4323 2324 149 intrest van de voors somme seders 1o xot als wanneer die some

1104 4398 2145 145 van de laeste bae A.B. betaelt hebbe al hoe wel

5918 236 122 76 23d

3567 269 2510 126 veel meer in verschot hebbe geweest ben echter te vreden met het gene

3560 370 2405 165 ue gelieft te ordonneren ul gesondene remise voor  100:- a 35 egen

3557 440 2478 183 ten laste henrij hayden tot brugge is geaccepteert & sal tfijnes tijdt het

3578 523 2497 167 voorders noodigh daer vooren besorghen, voorders de syken sijn wederom

3564 656 2573 148 gemonteert & can die niet minder becomen als hier onder genoteert he

3564 779 2523 160 sonder iets te rabateren voor contant gelt & wilt ul van dese present

3576 866 2383 146 noch profiteren soo soude int port ul: ordres moeten senden want

3568 947 2479 209 sullen noch meer moeten osten waer naer cont reguleren blijvende

3588 1056 814 159 naer seed vrand groet

3680 1172 774 181 groot loot a ƒ9:

3656 1261 742 144 14 groot loos..„ 11-

3647 1357 713 122 3 segels .. „ 11

3634 1444 769 138 3 segels  „13½

3595 1529 2387 199 soo ue ordre become met den eersten sal traghten de 2 p voor

3576 1612 1511 220 de contante betalinge noch te besemen

3472 1681 843 234 London dhi gerge virgoe

5042 1738 695 188 Adij 2 Janie 1734

3567 1918 2380 195 Ip 21 april van het gepasseert jaer 1723 wat aen ul mijnen laesten

3590 2029 2355 189 daer benevens facture van de Bale N.7 met 130 ps tijken monterende

3578 2115 2491 168 ƒ1358:6¼ niet twijfelende oft de selve ul wel geconditioneert sal ter hant

3582 2266 2503 148 gecomen sijn bevinde sedert die tijdt sonder eenige van ue miseve verhopen

3587 2313 2522 165 echter us: in volle gesondthjdt sijn dat voor veele jaeren als ben toewenschend

3607 2424 2476 155 & alsoo het saer 1 gepasseert is soo sende aen u hier engesloten ul rck

3582 2550 2379 144 cours al hoewel van weijnigh belangh waer bij aen mij p saldo is

3585 2638 2338 114 comende in wessel gelde ƒ 104:4: versoeckende de selve t'examineren

3591 2731 2491 145 & naer wel bevinden alles in poufermitijet te noteren & aen mij daer af

3609 2850 618 152 advies te geven,

3597 2915 2481 140 de taken sijn sedert de laeste bale ponsiderabel opgeslagen mijne

3596 3049 2461 102 makers hebben mij gelooft nach eene partije te leveren tot de prijsen

3607 3124 2405 117 hier onder genoteert dogh daer naer sullen die noch hooger comen de

3615 3248 2344 133 garens sijn soo considerabel gemonteert dat de fabricateurs met

3598 3303 2481 176 weeten wat doen om den inoop te doen can ul niet eene partije

3595 3412 2434 138 drinst doen ten prijse als hier onder gelieve te comanderen sijdt

3611 3508 2433 162 verseers ue intress als eggen sal dekertegen waer mede naer ul

3604 3602 2354 176 gewenst te hebben alle heel & segen in dit begonnen nuu jaer

3589 3703 1151 161 Blijve met seer Cordiale groet

4330 3809 743 159 groot loot a ƒ9:-

4298 3923 769 110 g groot loos„ 11

4855 3990 206 113 „11

4294 3995 397 132 3 segels

4849 4079 208 149 „13

4296 4088 391 133 3 segels
