8303 4733
2561 248 725 170 Ady 17 april 1728

756 251 924 184 Brussel mons: Kennette

926 408 2451 155 comme mos frere nous at donne part de ce qui c'est passe pendant son

952 494 2464 151 sejour a bruxelles touchant l'errengement fait avec messs les membres de

925 621 2461 139 flandre, & qu'il vous at informe de lerreur y fait a mon prejudice

948 706 2438 184 de ƒ3000:- ce que vous ne pouviez croire, ce pour quoy, ie prend la

946 809 2448 193 liberte de vous envoyer cy joint une copie autentique de la livrance

924 923 2468 170 du 28 avril 1720 jusquace & de sun montant ƒ8642:11, & non pas

943 1051 2461 142 ƒ5648:11 comme il est mise dans l'errengement p abus de celuy qui

929 1159 2485 132 la forme. mon frere in a dit aussij que son re cellence disoit que vre

941 1249 2448 204 notice luy donne, n'ettoit pas conform a celle quil avoit, ce pous

915 1330 2496 175 quay qui peut arriver p le predit abus, & comme il est tems que sad

931 1444 2479 211 est. en soit informe, ie vous prie d'avoir la bonte de le faire p occasian

940 1587 2351 200 afin que ie n'ay pas des ruses p apres, esperant mons: que vous

929 1669 2459 207 foudriez bien me faire cette service & sayez persuade que ie fervois

923 1778 2485 165 gloire de vous pouvoir estre  recipioqnement dans les occasions

900 1906 2184 212 & En vous offrant mes services, ie suis avec bien du respect

912 2009 2356 195 ie vous prie de m'honerer d'un petit mot de responce

2654 2135 712 205 Adj 20d 1728

916 2166 1202 157 pour me reguler a lavenant

823 2264 979 204 Brussel mons: L'euritte

919 2419 2494 176 J'ay receu avec bien de la reconnoissance celle que vous m'avez fait lhonnu

923 2487 2416 196 de m'escrire le 18 courant sur qu'oy j'ay l'honneur de vous dire, que la

937 2605 2468 185 livrance de ƒ8677:11 qui estoit payable lanne 1726 m'appertienne

933 2726 2464 190 aussy comme il est claire a voir p la copie de lavrangement, que

948 2825 2455 201 vous avez eu la bonte de m'envoyer & que celle en question, dont

923 2961 2462 178 J'ay pris la liberte de vous envoyer la copie autenti que, estoit paya

937 3053 2481 189 Lanne 1725 pour la somme de ƒ8642:11 & non pas ƒ5642:11 c'est

953 3189 2302 177 un abut fait p le secretaire des membres en tems qu'on a fait

941 3283 2435 207 lairangement & nos deputies en ce tems la, n'out pas bien puis egurs

943 3458 2474 144 si la salculation, ettoit lutte cependant ie ne veu croire que ie pourri

951 3519 2451 181 souffrir quelque prejudice p la puis que la livrance preditte est acce

944 3621 2456 232 p les membres, pour la preditte somme du ƒ8642:11: aussij eure gitt

950 3757 2450 199 au livres de la me sup. ICatl. le 18 avril 1720, outre sion ven coute

934 3901 2478 160 les sommes de toutes les livrances du regiment du prince fordinand de

948 3968 2461 204 signe, on peu bien vos quil ny a qucune, qui ne monte pas les shuit

947 4122 2428 160 mits florins. ie me referre dont monsieur a vre bon jugement, & ie

914 4232 2461 135 differterez, jusqna ce que messs les membres feront et payements

942 4338 2467 166 d'autant plus, que me deux predites livrances doivent estre jaye le premie

4710 110 206 149 e

3531 213 2542 182 ie ne scay si la derniere requette, que lon doit presenter a son ex

3512 310 2494 166 ett presente, ou no mon frere qui en a le soin, est en la comp. et li

3521 430 2468 138 en cas elle n'est pas encor depesche ce que ie luy demand erez a

3526 522 2442 156 son retour) ie luy direz d'y faire mention de lerreur fait dans

3524 651 576 149 Tarangement

3516 667 2508 234 ie vous suis infinement oblige monsieur de la bonte que vous voulez

3542 788 2425 232 bien avoir a mon egard, & rien ne me seroit plus agreable, que

3491 923 2558 217 d'avoir loccasion de le pouvoir recompenter, estant tres parfuis

5340 1050 718 190 Ady 25 april 1728

3441 1089 1247 186 Brugge laurence Van ventergen

3544 1211 2513 130 ul mij seer geertimeerde vane 3 deser is mij op sijn tijdt wel geworten, waes

3535 1283 2512 210 bij vernomen hebbe, de sleghte getteltenisse van den groffier smit & dat den

3545 1408 2522 163 heere procureur fiseae generael te gens hem agaert tgene een sleghte vertooninge

3543 1528 2501 168 is ditto heer en heeft tot noch toe nochte aen mijn schoon vader nochte aen

3541 1645 2462 128 mij niet geschreven dipponere dat de verclaninee die ue aen hem gedaen

3531 1728 2406 200 heeft duffisant genoech is, & dat de onse niet noodigh heeft blijve ick

3551 1846 2476 157 echter seen verobligeert dat de moeyte wel hebt willen nemen van mij

3547 1940 2485 228 paert te geven, vant gene daer ontrent gepasseert was, desen om ul

3544 1985 2556 237 adviseren, als dat op gisteren op voerman van brugge aen aƒ1 toegesonden

3548 2194 2510 179 hebbe een pack gemerckt  N.57. inhoudende hondert stucken bij seen,

3541 2289 2419 190 dat vervolgens gelieve te verclaren, & p eerste vertreckende schip, op

3551 2386 2459 225 london de voesenden ft addresseren den dh: Jon tatnall & aen mij

3569 2479 2529 225 op het spoedightte de oncostick & cognossement benevens om dat het

3557 2618 2462 208 selve noch gerne versenden soude voor mijn vertreck naer alten

3561 2761 2399 168 & spaa hebbende nu wel 8 maenden geincomodeert geweest

3426 2888 2564 159 dat csos verkoope door de die waters passeren sal waeri

3597 3020 2458 171 nre middelertijdt eeigen aengenamen dienst can doen gelieve

5637 3129 222 87 mo

3593 3122 1479 190 te gebreden die op rechtelije blijven

5413 3126 659 196 Adij 3 mey 1728

3440 3240 720 176 London John tatuall

3598 3355 2514 190 le 10sme du passe fut a vre grace ma derniere a la quesse ie me refrre

3413 3419 2617 220 cette ne servira, que pour accompaguer lincise facture & cognossement

3566 3606 2504 155 d'un ballot .N157 contenant cont pieces des sotils ontant en semble

3423 3712 2617 174 ƒ 488:9:2 en argent de change, le dit ballot est charge dans le

3597 3821 2441 168 batteau de W goj gouy qui est partie de bruges pour ostende, y

3599 3893 2495 169 attendant le premme vend favorable, pour faire son voyage de londres

3581 4016 2495 155 de sorte, que ie ne doute point, quil serat arrive en bon port, avant

3602 4125 2511 176 la reception de cette, j'espere monr que vous troueray la marchandis

3413 4298 2684 136 a vre sutiere satisfaction, tant, pour la bonne qualite que pour

3593 4344 2529 165 le 1ouz, soyez bien persuate. qui des suis bien des annees, on ne
