8358 4747
995 288 2359 109 u8: toegesonden hebbe een pack gemerckt.B. N:49 inhouden de hondert stuckens

1004 388 2401 116 tijken als het voonge dat vervolgens gelieve te verlaeren & p het eerste vertreckend

978 464 2372 100 schip op london te versenden & te consignerens. aen dhr John batnall  & aen mij

994 542 2272 103 het sognossement met de oncost ick te lasen toecomen, int schip van

1006 600 1975 114 will. schnt niet te laden als p mijnen voorgen ul geadviseert

1004 727 2343 93 wensche suk & familie alles bedenckelijcke benedictien des hemels in dit

1006 774 1665 148 loopende un jaer & blijve naer sher minsaeme groet

799 816 653 175 Londies isaac despech

2469 856 606 142 Adij 3 janvier 1725

1017 951 2201 127 comme ie suis snteresse, dans quelques sonds d'engletterre & que ie souhaiterois

1009 1011 2274 106 de savoir si ie suis mises ou comme sur les livres pour le proprietaire ie viend p

997 1115 2275 121 cette vous prier de vous vouloir transporter a la bancque d'englettere & vous y

1010 1165 2262 138 infomer pour quelques somme sj suis crecete & d'en caire une acte notariele

1009 1265 2301 102 comme vous avez eu la bonté de faire pour mon frere mons. pedrr pelijn

995 1310 2353 159 & de me l'envoyer au plustost posible davec une notice de ce que ie vous serray

1000 1420 2271 104 devable pour l'acte ie vous le ferray senir p mons john batuall qui vous

1017 1492 2252 73 a paye les aises que vous avez fait pour mon suroit frere & en attendant

1010 1559 1349 142 l'honneur de vre reponces ie suis tres parfaitte

826 1611 987 151 Amsterdam dh: francisio Rousseau

2495 1606 568 160 Adij 11 janu 1723

1033 1709 2388 169 de menighvuldige occupatien die den dienst van darnens dee stadt mij aenbringste

1014 1837 2294 101 heeft mij belet niet perder te connen antworden op u mij seer aeng van 6 & 16 gber

1000 1910 2362 116 pass hebbe d'eere van ue te seggen als dat met over groot plaisier vernomen hebbe

1002 1996 2381 101 dat ieur acherboom het different dat op den thee was vergoede twijfele niet oft hij sal

1017 2018 2363 151 t'sijne wel becomen gelijck gij mij gesejdt heeft echter het is mij lief dat sulx voldaen is.

1007 2089 2249 168 ue can wel afmeten wat profijdt met mijn gelt gedaen hebbe sedert den marop

989 2203 2343 83 de gesondene rek court hebbe confom nmet ue gesloten & ul op nnuw rek gedebiteert

1019 2246 2365 141 voor ƒ6495: 14 hollants court can noch niet trecken als tot schaede vermits de wissel

1028 2316 2383 154 mij compt te staen a 3½ be verlies & tot 4. verlies can noch niet trecken hebbe seer

1026 2411 2332 110 weynigh tijdt om voor mijn eijgen affaires iets te doen daron oft het gebeurde dat

1024 2468 2394 166 quaeme op ue te trecken sonder voorder advies versoecke het selve te verceten dat ul

1029 2538 2376 167 occasie hadde om mijn voors Capitael te imployeren a 3  p annuww soude het aen 1w

1026 2646 2388 140 laten waer op gere ue resolutie soude hebben om vervolgens te reguleren waer mede

1032 2720 2391 132 naer ul gewenst te hebben alle bedenckelijcke benedictien des hemels in dit lopend

1028 2810 1921 147 niw jaer beijve met presentatie van dienst & seer vrinc. groet

927 2857 2443 145 s. de menigh vuldige banqueroeten veroorsaecken groote alteratien ian B vrijlinck is

1027 2942 2323 153 oock gemanqueert hebbe groote somen onder d heeren iohn schoppens & jo Edwars

1032 3037 2358 91 en landen & twijffele niet oft die vrinden a costij genoch bekent sijn soo bidde eens te

1034 3121 1769 121 willen informeren oft daer gerust magh 9p wesen dit onder ont

2681 3171 604 134 Adij 17 janu 1725

806 3141 759 176 London Thr John Samall

1019 3246 2400 120 p 20 pass was aen ul mijnen laesten met facture & pognossement van de bale

1018 3336 2401 112 N 48 monterende in wissel gelde ƒ 1133:4 voorders referrere mij aen den selven, sedert

1019 3430 2387 90 geene van u: ontfanghen desen dan tot geleyde van d'ingeslotene facture & sognot

1027 3480 2391 100 van de bale N:49 geladen int schip van will: gregorij die met den persten goeden

1042 3551 2339 92 wint gereedt staet om de reyse naer costj aen te nemen gods geleyde hem in salvo

1040 3639 2381 94 & late dese bale soo als de voorige wel geconditioneert ter hant comen, sende aen

1030 3682 2359 114 ue hier oock benevens u: ick pours volgens onder geworte bij de welcke aen mij

1032 3797 2355 90 p saldo is comende ƒ693:9¾ st: dat gelieve naer te sien & d'accoordt vindende

1030 3864 2356 113 mij te adviseren om dese rek ssamenn d'accoordt te sluyten, mijn beste maker

1026 3926 2374 71 van de tijken heeft gisteren bij mij geweest was seer verlegen om gelt te hebben

1028 3994 2349 123 soo hebbe hem de prangh op den neus gestelt waer door tt p stuck tijck

1020 4066 2337 119 afslagh besomen hebbe sal op vrijdagh toecomende 120 ps tijken van hem

1020 4142 2392 87 ontfanghen waer op ƒ1200:- hebbe geschoten de sorteringe is als aen den voedt

1017 4209 2399 123 deser genoteert, soo ul daer toeinelineert versoecke van aenstonts ul ordre

1026 4273 2353 116 te senden want het soude niet redelijck sijn dat op een suckele provisie

1038 4357 2381 118 in debours sonde sijn, wensche ue n dit loopende mieu jaer alle bedoncteeljn

1036 4443 2220 128 benedictien des hemels & hope ul debiedt in de tijken det jaer

3537 246 2504 129 ie favorubelder sal sijn als het voorige waer door ue comissien sult connen vergrooten

5853 298 201 87 282

3525 319 1651 128 groete ue van herten & blijve niet offres van diense

3554 417 1365 115 N. 50¼ groot loet N40 snalle 10 breedea ƒ:8 :st

3539 477 1375 125 1384 3 segels  „ 20 sunal: 10 breede .. „10:14

3577 531 1352 140 10 f geoet last „6 snal 4 breade ... „10:14

3433 610 1511 140 Mes  80 ƒ 3 segels:: 120. snalle 10 broede  „12:14

3449 663 1823 192 ae aƒ26 6::.1:  daer sijn oock caige schoe sprije gereedt

3907 812 97 73 N

4934 761 704 184 Ady 23 Janu 1725

3441 804 1187 168 ille mons: de Laniey de la uisse

3570 884 2466 128 li'espere vre bon retour chez vous & que vous auray trouvez toute la famile

3568 995 2463 153 n parfaite sante corme il vous est asse pounu que ie n'ay pas beaucoup des

3455 1073 2613 154 tems pour faire ies propres affaires cependant j'ay travallez pour vous pouvoir

3499 1169 2494 126 S envoyer vre compte cour que vous trouveray cy joint p le quelle il vous

3572 1257 2549 130 revien e pour solde a compte nouseau ƒ91:10 de change vous priant de

3574 1365 2456 106 l'examner: & layant trouvé d'accore de l'annoser de ponternite & m'en donne

3537 1449 2520 96 otne petit mot d'avis ie vous souhaite mille benchition du nil dans

3502 1519 2515 159 l'anne court survie de plusieurs autres de mens a toute la chere

3502 1646 2450 142 famele coure fait aussij ion espouze estant en tous occasions

3487 1701 552 122 tres parfaits

5239 1767 743 159 Adij 21 Jannier 1775

3452 1776 846 164 ndon noudy isa Bebpeck

3559 1864 2498 158 je vieur. de receveir a l'instans l'honneur de la vre d du 4 courant Chans

3585 1981 2475 111 lort Ettonné que les crmmis des vires de la bancque vous ont refeile ia vue

3595 2068 2404 140 a pouse que vous n'aviez peu leur dire en quoy consettoit mon compte

3593 2155 2426 141 cela ne c'est pratique couparavant pour l'erez satisfaire i'ay l'honneur de

3591 2244 2461 119 vous marquer p cette que iay uis isteressé pour mille livres sterlinx vous priant

3593 2314 2394 152 de m'en envoyer un sertificat come vous l'aurez trouvé i& en l'attendant

3599 2389 792 149 ie sns. tres parfaitt

3465 2443 1031 180 Amstr Dhr franbiseo Rousseau

5175 2457 740 179 Ady 298i. 1725

3596 2530 2447 210 ul: aeng: van 18 deser op sijn tijdt wel ontfanghen, waer bf ul mij gelieft

3570 2650 2438 163 te noteren als dat ue gecesponert heeft van duysent pouden papitael

3470 2735 2606 149 u van mijne penningen onder ue berustende voor een tijdt van ser maenden

3590 2804 2470 176 a rato dry d'ointe ont jacr in te gaen met het openen der banck op  februa

3582 2883 2498 158 aenstaende waer mede wel te vreden ben & hebbe, het selve soo conform genoteent

3608 2956 2476 181 den boedel van Micheelkens & gillis sal voor de crediseuren wel uet vallen

3608 3056 2505 182 soo men seght de bilance uyt de boecken is getercken & men vindt coossiderabe

3593 3149 2489 167 mess, bone als mak soo dat niemant twijfelt oft sullen ten voben voldaen

3597 3241 2390 145 worden joudin tot russel voldoet alle sijne crediteuren Jan vrijlinck

3613 3329 2471 153 presenteert 14 te bedancke ue voor het gene mij gelieft te melden ontrent

3599 3367 2466 182 den bekendern vrindt wil hopen dat de banqueroeten ceseren sullen waer

3610 3483 2349 115 in ue hier benigen aengr dienst can doen, gelieve te comanderen

3607 3549 1178 157 die niet groote achtinge blijve

5241 3620 710 176 Adij 10 febr 175

3490 3632 1359 181 Brugge DH Lausenee Ban Hentergen

3525 3777 2555 130 seer aeng van 12 passt op sijn tijdt wel ontfanghen: daer nevens

3597 3845 2349 106 de oncost rc. op het pack tijken N.49 monterende jn courant gelt

3629 3950 2427 139 £3:11:4ent waer vooren ul gecrediteert hebbe in wisselgelde ƒ 28:7

3611 4048 2505 116 ofte in £3:2:2 en desen tott advies als dat op heden p wagens adrocture

3610 4104 2510 117 op brugge ue toegesonden hebbe een pack B. N. 50 inkeudende honden

3623 4201 2494 108 & twinigh ps. tijken dat vervolgens gelieve te verclaren & te versonde

3617 4302 2504 119 p Perste vertreckende schip op london & te consigneren aen dhr jom

3417 4338 70 112 ke

3627 4359 2468 143 satnall & aen mij de oncost reke met sognossement te laten toe

3646 4451 1950 101 comen & tselve verwaghtende blijve naer ordiale graet
