8324 4719
2642 228 690 158 Ady 2 sber 1727

808 210 1334 220 Brussel den advocart van der voost

937 369 2475 170 naer de wederompste dan dhs van hessel soo heeft hij ons rapport ged

1015 450 2408 185 van de consultatie de welcke ue met hem heeft gehonden over d

985 591 2433 144 gevraeghden hedt voor den advocaet pvrard alles geconsidereert

935 660 2477 184 vinden wij geraedtsaem, het laeste over gesonden te dienen waer

976 781 2447 148 ten archtten maer en can worden geordoeneert den versochten

976 879 2438 213 hot te doen wanneer mijn huys vrouwe den selven sal presten

992 998 2421 149 met betientaisse van de lhondert tpattacons te hebben ontfangen

990 1138 2423 162 en pure gefte voor de devoiren de welcke sij soude comen te

909 1220 2501 208 doen bij haer vader un faveur van mossevelde terwijlen ick

974 1325 2443 222 daer inne geen swangheijdt en vindt om ons aen eenige acts

994 1487 2395 164 van het officie fiscael te exponeren blijve met veel respect

2719 1566 699 196 Adij 10 xbr 1727

853 1596 954 207 Anbroeck Joseph fremeis

955 1732 2458 156 ul missive 7 aug: lest leden op sjn tijdt wel ontfangen war bij tijdt

1002 1842 2419 180 versoght tot camis om het iaer crois van de ƒ1500 sapitael mis

948 1936 2472 207 golde verg g jan 1727 te voldoenn waerimue wel hebben wille

962 2097 2456 176 consenterde dogh sien dat ul versoecck van tijdt met voorderen

965 2178 2362 209 vervolght is, soo some p desen ul: andermael vermanen

967 2309 2346 189 van niet langes te delayeren on alle mayeluck heden te

986 2458 1909 157 voorcomen t gene van ue verwaghtende, blijve

2670 2497 679 183 Ady 14 gber 1727

837 2539 838 190 Doet de wed: le joage

969 2680 2444 127 sedert dat ut: alhier gesprosken hebbe, als dh van hercke, sijne resieninge van

981 2754 2412 160 den polder dede in de maende ster hebbe al in atwaghtinge geweest

957 2885 2426 156 & selft niet gedaght dat ue soo lanck soude uytgestelt hebben het jaer

944 2969 2482 182 lant pacht erschenen bamis 1726 te come betalen, & om ter selvertij

959 3063 2460 204 het un sseel te passeren, sijnde gans tegent ue gelosten, come den

963 3185 2453 222 pedesen ue andermael indachtigh te masken, van het voors eer

983 3336 2434 138 te comen effectueren, & gelieft mede de twee vertelen tariuve over

979 3409 2335 236 senden fgijne en afwaghtinge blijve & groete ue van herten

2788 3524 637 197 Adj: 19 gte 172

857 3622 1268 185 Brugge lauvenie van ventergene

956 3787 2436 275 Dleres van RL: aengename van 23 xbris 1726 is tot nu toe

974 3977 2391 215 onbeant woordt ghebleven bij toute van de weynighe affairens

982 4050 2327 315 ende negotien dieder sijn voor vallende waer van het schijnt

973 4171 2166 295 ider een claeght & niet sonder reden desen sijnde

986 4289 2016 249 alleenelijck dienende om l nogh 11u goens een

5937 221 141 112 Ll8

3577 237 2362 245 tot moedigh. ve seck te doen van desen in ghesloren riet te

3573 416 2388 140 willen behandeghen ven dheer bleyf trehrter an & t stadt als

3569 536 2464 172 mede dese nevengaende copien autentieque  van k idde de

3564 625 2514 150 goedthijdt te hebben van hem een resipiste te vraghen volgens

3571 698 2392 218 de integgende memorie vragende vxuie van mijne libertijdt

3561 830 2450 192 waer van niet wijnigh contues ben voor soo veel ul mij doccasie

3575 915 2434 178 niet proe van ul rouproque dinst te doen die ick 3½

3571 1053 2465 146 van hersen ten presenterende versoecke van mij te noteren

3564 1145 2435 157 toe verl ul vour prief poort van desen sal hebben betaelt

3568 1257 2426 156 om iek daer vworen op rekeninghe te crediteren sijnde

3579 1337 2472 177 dese affaires mijn schoon vader packende kan afwachten deere

3574 1436 2392 170 van 2¼ antwoordt met de recipisse door dheer blijdt onder

3562 1559 2253 196 treckent. gedie van ul comande menten blijve terelijck

5346 1680 700 165 Ady 26 gber 1727

3483 1674 1052 167 London John Schoppens & Edwards

3571 1800 2477 267 ul mij altijdt seer aengename van 71 9 innij gerasseert

3571 1918 2526 248 13 deser 07 op sunnen tijdt wel ontfanghen de w eerste

3569 2038 2473 257 sijn onbeantwoorde ghobleven bij faute van materie &

3575 2165 2301 226 op ick laste hebben deen van hlte seggen als dat u£ op

3559 2297 2416 156 rekeninghe gedeliteert hebbe voor sul i3: voor het half iaer

3580 2363 2369 235 difident van mijne £ 700 banck aetien vervallen 29 gber

3593 2521 2476 198 last a.S. waer tegens mijn vrat vinde met ul remisse van

3583 2622 2460 182 £ 50:- op 2 usos a 25:65 ven laste de wael mols & comp te

4088 2744 51 64 177

3595 2750 2401 184 betalen aen fordre waer voren het noodigh sal besorgten

3599 2859 2315 132 voorders sien dat de tantsen hunnen tandt blijven

3616 2949 2323 185 houden &datter tot nu toet, geene apparensie is, om tet mijn

3603 3048 2447 154 limitos a 125 e te connen coopen dat mon copde voorsien

3610 3114 2452 169 dater geenen orilogh soude comen het soude op 4 a 5 te niet

3619 3216 2491 198 aen comen & soude dan wel meedder capitalen im ployeren

3618 3293 2379 234 even wel in gevalle ul coopen con tot 126: 127 oft ten

3607 3388 2504 233 hoosten achten twintigh gelive de voordes geandmoede doj sondert

3598 3504 2492 247 ponden teerlinx bancklactien in te coopen & het belven op

3607 3609 2525 296 mij to trecken op corttigh om bij de wissel eenighe avantadie

3599 3689 2412 288 t bekomen recommanderende ul mijnen intrest

3626 3806 2051 235 waer te nemen & blijke met veele achtingee

3490 3856 1144 240 Brussel dhr. van der vorst advolaet

5519 3962 586 172 Adij 2 xber 173

3562 4038 2575 192 de continuele onpasselijel eijdt van mijnen man, die sedet eenigen tijt wederom

3611 4154 2437 204 syn lamer is housdende, is doorsatie dat ick soo lang qedoffereert hebbe

3596 4276 2501 167 lo de antwoorden, op den missive die ue: hem d'eer hebt aen gedan

3616 4380 2440 119 van te schrijven, den 24 dess voorlete maendt waer door hebbe
