8337 4706
2579 246 723 117 Ady 10 febur: 1721

825 254 703 168 brugge Rentergem

983 324 2340 160 beijde ue. aengename van 25 & 22 passt. wel ontfanghen met den laeten

945 428 2313 163 de oncost ick: op het pack larges monterende en wissel gede £14:9:0

1007 518 1469 175 waer vooren ue is gecreditert in ƒ 86:14

958 589 2236 206 desen om ue te adviseren, als dat heden & wagens adroiture op

999 706 2239 179 brugge ue toesende een packe .M..17. inhoudende 110 stucken

998 798 2317 192 tijsien, dat vervolgens gelieve te verclaren, & & eerst vertreckende schip

1000 884 2281 183 op londen te versenden, & taddresseren aen madame tebecea hamiston

1006 1019 2249 157 & looke de oncost rek: benevens sognosd: opt spoedightte mij te laten

1007 1124 1212 172 toecomen, & in afwaghtinge blijve

921 1167 2368 213 de vraght van antwapen op brugge is veraccordeert a ƒ11:- court

943 1282 2292 173 den engesloten wissel brief op Jaco: de Coninck a cottij gelieve te

997 1369 2295 194 laten accepteren, & met voors oncost rck of terigge te senden

2582 1504 454 171 Ady 15d:

855 1533 921 185 brussel henrico booremens

1003 1602 2326 179 beyde ue aengename van 7 & 13 deser wel ontfanghen bij den eersten

1008 1765 2321 112 verneme dat ul een stuck perpet. van N. 70 laest gesonden, soo dun

1007 1835 2246 133 bevindt tis scherlijck dat stuck van a 32 men kan de leingde

981 1943 2341 154 Dichte niet heben de langhsse vallen de dunste, & de scorttre de

1014 2006 2273 192 dichtte staedt dat ue niet aen, gelieve het selve maer weder te

994 2136 1718 166 senden, want wille ue volle genoeginge geven

985 2210 2308 173 daer sijn nu 8 ps van N.20 geverft, & worden geperst, als mede

1015 2327 1136 160 6pr. van No. 80 tot ue dichste

1014 2376 2240 192 in gevolge ue laeste soo sende aen ue heden & beurtschop de 3

1003 2497 2127 171 versoghte pepet. van N.1. die ick: wel bevinden sal, waer

1013 2644 1284 162 vooren mij gelteve te crediteren.

1022 2656 2211 248 op 15 faur 1721 „ 3 swete perpet N.1 a „36: -. ƒ108:

1018 2847 2266 132 wissel gelde iets voorders van ue, dinst geliev te comanderen

997 2930 1538 180 die naer seer vrindelyke groetenisse blijve

1009 3041 1665 193 jouf: veins heeft een stucke stof gesonden,

2629 3133 433 211 Ady 17d

970 3165 1060 183 dat mede gepackt hebben

877 3287 726 137 loven steven deville

1038 3328 2161 194 ue aengename van den eersten deser wel ontfanghen, waer mede mij

1043 3469 2291 136 noteert, van toens & 14 dagen het restant van de voorige calfsvellen op 8

1041 3550 2258 160 febru: vre aen ul versoght te betalen, die partije bedraeght ƒ683:4

3023 3654 275 91 360:-

1021 3653 1764 182 op 21 sber 1720 heeft ick mij gesonden op vesrehinge

1767 3743 1543 188 soo rest noch te betalen in wisselgade ƒ 243:4

966 3899 2357 142 dat mij gelieve toe te senden sal dan daer af volle quitantie gevene

1041 3970 2329 150 van die partije, tis mi al over het jaer geleden, dat gelive te considereren

1041 4100 2157 163 dit van ul verwaghtende, blijve naer Cordiale groeteisse

5878 159 92 56 2

5361 211 619 136 Ady 19 febru. 1721

3420 237 741 151 London hamitton & Cooste

3525 280 2460 173 op p: deser was aen ue mijnen laetten, daer bij ue rekeninge courant woer

3541 399 2444 133 ue is comende ƒ632:11: voorders referrere mij aen den salvan sedert geene

3531 475 2454 138 van y: ontfanghen, desen dan alleenelijck om ue toe te senden dingeslotene

3508 575 2435 171 facture & cognossement van eene bale N.17. inhoudende 110 p yss en

3543 689 2410 138 monterende in wissel gelde ƒ 2147:17 geladen uee schip van willam

3508 780 2453 158 gregory, die met den eersten favorablen wint staedt te vertrecken, goet

3501 861 2484 129 geleijde hem in salvo & late dese goederen ue wel geconditioneert ter hant

3492 990 2472 141 comnn is seer schoen goed daer ul ten uytesten over sal voldaen wese,

3547 1060 2414 179 ue ordre voor de clijne strepies als mede boort gene voorders soude mogen

3543 1141 2367 139 noodigh hebben te gemoet siende blijve met presentatie van d'outt & naer

3530 1254 927 168 seer vrindelyk groetenisse

5359 1239 388 207 Ady d

3422 1365 867 133 ft nmer estieune marcotte

3543 1461 2426 152 pour responce a l'honnour de la vre du 15 court: ie vous diray, que ie n'ay

3551 1578 2431 136 point des drogetts d'engletterre ne d'autres est ofes croise, pour faire des habits

3521 1659 2343 127 d'ette a raison que le iour d'aujourdhuy on demande tants des couleurs

3529 1744 2435 166 & quil faudroit une prodigienze quant de des pieces, pour pouvoir servir

3517 1832 2469 129 tout le monde, ayant besolne, de n'en faire plus venir de ces sortes coulars

3538 1935 2367 119 ie ne me tienne plus qu'ou noir & blan, dont la mode, ne change pas,

3520 2048 2330 122 de sorte, que ie n'ay que des perpet: noires & blanchies a vre service

3526 2139 2468 114 ie trouve quil me reviend, encor de la partie 5 juin 1729 ƒ86:16½ de change

3535 2273 2460 107 vre grace me fera plaisir de me les remettre pour salder la ditte partie

3509 2324 2454 177 & si ie vous puis rendre service avec des perpet: ayez la bonte de comander

3547 2428 988 148 celuy qui a l'honneur d'estre

5317 2445 499 184 Adij 19d

3432 2516 858 167 London schoppens & Edwards

3526 2596 2444 173 ue: aengenme van 27 pass wel ontfangheen daer bij gesien, dat d'nckelaer last

3526 2711 2392 130 gegeven hadde £400:- voor mij te coopen obligaties van de luysle comp.

3525 2818 2442 110 soo tot 13 te conde ten reghten gerassen, & dat oordeelde ddaer toe wel soude comay

3519 2903 2465 122 sal approbereen vwat uk en dit succes sal voor gecomnsjen eghter soo niet soo

3522 2960 2476 198 Coopt 500:- in de lotterye anuities die men noteert a 90 t be sijn

3552 3069 2353 152 iets meerder op vier a bijf  niet aen te sien, oft wel in de oottindische

3509 3182 2472 179 comp. a 14½ gelijck ue noteert doedt tsij in deen oft dander naer ue wel

3519 3259 2460 190 gerade stelle dat in ul: handen, wet twijfelende, oft sult het beste geinden,

3493 3362 2370 179 etteetieren, & dat ue boven de £400:- onder ul1 bouttende soude hebben

3514 3454 2350 183 gedebourseert, gelieve dat op mij te trecken, & bij aldien de obligaties vande

3533 3520 2433 214 suyttie geoght hebt, & dat de aetien van de oottendische comp. onder de

3543 3629 2371 171 146 sijn, soo gelieve everwel pvijf hondert voor mijne resteninge te

3507 3693 2485 257 coopen & het montant op mij trecken, waer mede ul: antwoordt afwaghte

3544 3871 1144 202 blijve naer cordiale groetenisse
