8406 4706
1036 251 2311 157 echter verwaght die alle dagen om ue de fackre te connen

1013 340 2120 159 toe te laten comen hope  naeste pot dat te connen

1025 447 2334 168 afscheeren waer mede naed preentatie van mijnen dins blijve

1035 562 971 143 & groete ue van herten

2447 565 762 260 Adij 17 di 1722

817 645 1310 228 Brussel mons: phippas S. Segoois

1049 817 2324 129 desen om ue te laten weeten als dat eene balepaltvellen tot

1041 927 2327 189 brugge gearriveert hebbe & hope dese weke de selve thuys te hebben

1023 1026 2349 161 dat goeds van de qoole roge is in engelant, sad schaers want

1038 1130 2291 192 hadde 3 balen geordonneert dogh maer een becomen bij al dien ue

1033 1278 2322 195 eenig noodigh heeft sijn tot ue dinst comen hooged in prijs als

1046 1391 2325 212 voor desen om dat de in Engelant meer cossen & de wissel meer

1038 1524 2319 227 als 6 ten hondert hooged is bovende op ue nek dat icks te veel

1053 1659 2350 218 betalt hebt soo sal ul dat met occaie ul trecken sal een letterien

1057 1831 2339 121 tot antwoordt afwaghten blijve naer seer vrindelyck groeteist

870 1901 2325 178 London mad: Rebecla kamilton g oooe Ady 1A di 1722

1054 2032 2174 189 refererende mij aen mijnen laesten 10 deses gisteren hebbe

1059 2176 2315 183 becomen de onpost rek van het lang versonden pack de kalven

1052 2253 2313 246 ingesloten de facture bedragende en wissel gelde ƒ1068:5 mijn

1057 2402 2288 166 vrindt adviseert mij dat present noch geen schepen in ladinge

1063 2534 2245 233 sijn dogh vehopt int cort occasie sal offeveren om de bale

1067 2654 2328 180 te verenden soo lang retarderen is mij noyt over comen dat mij

1068 2776 2300 187 deplaisier doedt te mee om dat ue bij dese goederen verlegen

1052 2884 2368 249 seydt ick can het even wel niet helpen alle mogelijcke expeditie

1089 3029 2323 236 sijn van mijnen cans geschaet hope niet meer voorvallen sal

1083 3146 2209 216 iets voorden van ue comande gelive t'ordonieren blifve

1105 3266 1137 168 naedseed minsame groetenissel

2256 3316 749 222 Adiy 11 d 1722

893 3367 1125 182 Brussel mons: Sambrecht deie

1102 3436 2240 186 in lange het geluck niet gehadt aen ue te schrijven noch te

1102 3566 2256 233 eenige van mijne Engelsche calfsvellen te debiteren desen om

1081 3696 2275 201 u te laten weeten als dat eene bale niet st voulijnen tot

1085 3825 2245 200 bruyge gearrviveert hebbe g verwaghte die opt eynde van dese

1085 3957 2299 175 weeke hier sijn van de alder beste soorte groote wose die soorte

1085 4069 2301 192 is sees schaers in Engelandt & caten meer als oyt soo door

1079 4178 2336 207 den opslagh als hooge wissel sullen ontrent de 17 stuips

1106 4313 2278 213 moeten costen can ue met de bale oft wel de helfte

5930 217 68 90 18

3569 257 2330 128 dienst doen gelive een lettersien tot antwoordt te geven dit

3565 346 1904 215 afwaghtende blijve naer seer vrindeliyjcke groetenisse

3441 438 2467 261 Brussel mejouff de wed: Michil van Antkens Adiy 18   1722

3576 603 2437 218 p 29 pass. hebbe ul geadviseert dat aen ul de bale galts velle

3564 717 2430 229 toe somt & hebbe als dan mere de ne genoseert bedragen de na45:10

3567 860 2437 217 wissel gelde niet twijfelende oet ul deselve wel geconditioneert

3557 989 2416 193 ontfangen hadde noch twee balen verwaght maer an de gevete

3569 1109 2474 214 schaertheyds van die soorte hebbe wederom maet een bale becomen

3537 1248 2480 205 die int beyen van de toecomende weke hier binnen antwerfte

3564 1433 2462 176 verwaghte can u daer niete dinste doen tlijeten geheele ves ten

3543 1547 2333 203 deele gelive cito te laten weeten & versoecke een letterken tot

3561 1710 2370 130 antwoortt dat u de vooriije gesondene bale wel ontfangen

3553 1809 2441 191 hebt dit van ue afwaghtende blijve naer seed vrandelyck griet

3451 1926 2233 197 Bruxelles mons: Stephano Rousseau Ady 15 Januu 1722

3563 2029 2409 225 J'ay lhonneur de vostre du 7 & 13 courant il me fait plaisier

3572 2150 2361 225 que vous avez trouvez susse vres compt courant que j'ay ferir

3566 2291 2413 195 en conformite ie vous suis bien oblige pour l'honneur fait a ma

3548 2390 2429 236 traitte & pour l'avenier ie sireray a 2 jours de dalle selons vos

3561 2529 2475 239 souhaites  vres dernier un remises de quatre cens livre de gevs

3550 2660 2226 231 de change sud mons: jacoms de pret done ie procureray le

3555 2785 2116 224 requis & vous en pouvez dsposes j'ay l'honneur d'estre

3485 2931 2404 257 leven monso philippes Everaets Ady 16  1722

3566 3094 2272 240 voor desen noyt het geluck gehadt ul te schrijven bij

3572 3270 2270 189 facute van kennisse & ben geingerineert als dat ue gevete

3575 3355 2371 234 affaires doedt in swerte & witle perpetcanen & dat by d'heer

3580 3499 2366 214 henrics van haddne saliged ul sortimenten sooghte naet syn

3565 3669 2367 188 doodt ben in de selvve sortementen gecomen door mijn broeder

3567 3767 2394 214 die niet siyne lested getwet is oock in de selve correspondente

3527 3941 2437 182 daer bij de perpetuanen van ordonneerden de sorten sijn als aenden

3585 4025 2343 214 voedt desed dobbel stael swert geverfs wenste dat ue maed

3579 4168 2179 199 eens eene preuve geliete te nemen dan sal ue de selve

3573 4276 2465 214 qualitiyten bevinden die altydt bij d'heed van havre ichadt hebb
