8365 4733
1025 276 2393 104 het voors kint soo de knapen mij seggen is gestorven soo dat den armen

1017 331 1578 122 van Turnhout hier af ontlast sal blijven

1018 437 2362 125 hebbe mij ten hooghsten betrout op ue seer beleefte presentatien

1017 559 2400 79 van een recken te besorgen tot de subilee van PM Melijn den

1024 617 2413 123 augustijn onsen com & alsoo de selve gubille geschieft den 24 ede

1030 690 2346 167 so soude den selven op wontdah toecomende wesende 18 sber moeten

1025 792 2359 136 laten schieten om op donderdagh 19ber met de kerren mij te laten

1011 898 2330 121 toecomen waer op mij ten hooghsten sal verlasen & hope niet

1024 958 2393 91 dat ul mij hier inne abreseren sult & op dat gerest magh wesen

1015 1036 2346 138 soo bidde seer vrindelyek op sondagh toecomende een briefken tot

1033 1151 2224 113 antwords magh hebben t'gene van ue met groot verlangen

1033 1248 2315 103 verwaghtende blijve naer presentatie van reciproquen dinst

1044 1327 960 133 & naer seer vrind, groet

1020 1378 2057 154 P.S. laet het ingewant suyver uyt gedaen worden

1026 1497 1155 144 soo haest geschoten sal sijn

2547 1492 681 178 Adij 16 sber 1722

870 1545 890 152 culen dh: Gerard, meuser

1045 1617 2325 131 u seer aeng van 29 aug: lest leden is mij op sijn tijdt wel geworden

1042 1717 2356 126 & hebbe den ingesloten aen mijn liefste behandight waer uyt wij beyde

1048 1823 2271 125 verssonden dat wij het geluck niet londen hebben ic benevens ue

1036 1910 2365 154 alderlieste dit jaer hier te sien dat ons seer gevoeligh was even wel

1039 1987 2316 121 hebben ons getrooft met ue gelofte als dat sulx toecomende jaer

1030 2090 2350 126 sal geschieden soo het den hewel sal gelieven hope den goeden

1031 2216 2349 128 godt ue & ue familie de volle gesondt heydt sal verleenen & daer

1008 2318 2309 88 gne de continueren blijvende midde lertijt onse presentatie van

1032 2378 2359 120 logement & ½ uyt ter herten aen geboden ick twijfele niet oft ul wel

1038 2466 2347 131 bekent is als dat nu ontrent een jaet den armen deser stadt gedient

1033 2559 2297 164 hebbe ijn qualitijdt als grooten allenweffenier & noch eenige jaeven

1049 2666 2394 121 in den selven dienst continueren moete & om in alle voorvallen mijnen

1037 2775 2319 170 hedt & consientie te bewaren soo ilt dat bij desen ue come te

1042 2877 2333 130 versoecken van den cassen brief te besorgen van een kint dat tot

1048 2982 2396 152 netsen een ure van seulen is geboven mijn informatie eget als volge

950 3076 2384 148 & het kint amna margarita belleger gebortigh een ure van ceulen

1065 3168 2346 134 in het doe doip genaemt wessen out ontrent seven garen waer van

1004 3224 2449 141 den vader genaemt is jan henrick belleger & de moeder, da p bisaberen

1053 3336 2380 110 wighmans ick heeft maer een extractie aen imant te geven, op de

1049 3435 2406 114 weyse daer dit k recken staets om aen den pastoor van het dop netsen

1051 3512 2390 179 te geven om den casten brief op te saecken & daer een extraet met

1053 3633 2396 107 attestatie van te geven gelijck hoet staet, oft doorp sijnen armen heeft

1038 3703 2350 143 soo moet ider syne iuboerlingen houden, twijfele niet ofte het dons

1061 3817 2390 117 netsen heeft sijnen aimen & revennen om de anne vinderen die daet

1057 3914 2342 142 geboven sijn, te onderhouden, dat mede eens gelieve te inguiteren

1065 4041 2202 122 cke magh niet declareren dat het dient om een huit thuys te

1044 4097 2324 105 bestellen dat arim is, want den passor soude den casten brief met

1047 4200 2243 161 leghtelijck soecken te geven bidde dat dit geschiede soo haest

1066 4319 2321 147 mogelijck om datter noch een huit is dat tot aken moet thuys

1052 4439 2174 141 gesonden worden om de selve reden ue sal mij over groot

3569 234 2516 147 plaisier doen & waer inne ue van gelycken hier dinstigh magh wesen

3590 316 2415 146 versoecke seer vrindelijck van mij liber te comanderen voorders alsoo Pater

3585 404 2505 133 magisier, mesijn onsen com den augiustijn sijn in bill van 50 jaren religens doede

3566 500 2418 131 op den 24 sten deser & dat wij onder ons 3 gebroeders alles voor hen uytvagen

3569 508 2529 223 ofte betalen soo come ue van hersen mede versoecken & tot de selve weyen

3570 628 2535 209 ue sal iets fraeijts sien & een seer illuster geselschap onder andere 5 gemegterdi

3568 744 2494 168 hoofen de geheele magistrature & de principaelte heeren van stadt over

3537 844 2452 147 de 150 persoenen van dese stadt, hope dat ul die tijdt sal connen uyt

3570 910 2513 181 splysen om ons die bere te geven van ue presentie, mevroue versoeckt

3561 1029 2529 172 haer complimenten hier te gelieven t'accepteren als mede onse lieve nietsc

3570 1154 2371 141 aen wie blijve als aen ue met de uyterste affectie & genegentheyt

5305 1238 671 167 Adj 16 xbre 1724

3471 1267 529 176 Brussel Jansot

3551 1398 2391 137 J'ay l'honneur de vous dire p cette, que j'ay receu ce matin celle que

3558 1495 2476 167 vous avez bien voulue m'escrire du date 15 courant & En mesme temp on

3555 1581 2419 148 m'at apporte de la barque de bruxelles le paurie dognons de sulipes,

3569 1744 2413 113 que vous avez apperte de lille dont mons: de lannoy de la raiere

3567 1794 2426 159 vous en avoit charge, vous estant tres oblige pour le soing & peine, que

3556 1884 2378 210 vous avez pris a cette egard, ie souhaiterois de vous pouvoir vendre le

3574 1971 2432 199 mesme, ou dautre service, cependant dispose en tous occasions, de celuy qui

3557 2150 852 150 le dit tres parfaitement

5291 2161 675 192 Ady 18 sber 1722

3467 2216 926 165 London dhi John Jatuall

3587 2227 2516 189 ul seer aeng. van 31 aug. lest. C.S. is mij bij tijde wel geworden & sedert hebbe

3586 2412 2387 163 de geordonneerde soo ps tijlen ontfanghen & opgepackt & op 5 deser naer brugge

3592 2433 2475 242 versonden & om dat de vaert afgelaten is, soo is het pack oock naer ostende

3595 2603 2486 152 moeten p wagens gevoert worden sijnde de wegen in practhuable waer om

3535 2693 2541 129 die voorlieden groote & swaere vraghten hebben doen betalen ingesloten

3580 2752 2530 198 de facture van ditto pack sijnde gemerck N.47 monterende ju wissel gelde

3598 2841 2489 174 ƒ 1091:17: als mede het cognossement schipper pieter de riuder tadt met den

3601 2924 2488 194 eersten windt te leylen & alsoo in ee sal loopen goet geleyde hem in sal ve

3600 3015 2403 164 & lase ue dese goederen wel geconditioneert ter hant comen het is

3601 3142 2475 116 onnogelijck dat de telen beter soop can becomen van andere makers

3600 3223 2167 161 can die voor desen prijs noch niet becomen tot ue gouverne

3593 3316 2483 172 mijnkeer ick hebbe over veele ieren salvellen van london ontboden & mijne

3602 3403 2491 161 meeste negotie bestont in de west van Engelant dogh hebbe sedert vier jaren

3603 3478 2500 147 alle negotien gans gequitteert wat de bunies aengaet het niet doenelijck

3613 3600 2490 141 present soo danige te becomen als ue desiseert hebbe alle devoiren gedaen

3599 3716 2497 132 & geen beeter voor sijn gelt aengetroffen als om de bale N:47 gedaen

3614 3803 2381 148 is, de linnes sijn seer dier, hoe dat het int besoen sal sijn

3615 3914 2412 116 moet den tijds leeren hebbe ue gecrediteert voor de 7 ƒ78 a 35: 3 en

3616 4004 2502 122 aen mr. delpech betaelt & bedancke iu hertelijck voor de genoment

3628 4114 1917 131 moeyte & blijve nmet presentatie van voorderen dinst

3483 4177 872 139 Courtrey H le 1aius

5222 4198 649 151 adij 17 ditto 1721

3622 4239 2427 200 ingevolge d'ordre van d'r de Lannoij tot rijssel soo hebbe op gisteren

3623 4383 2315 148 aen ul toegesonden een stuck goude lakene stoffe opgesolt in

3663 4479 688 79 1ewascht lijnwaet
