8351 4706
995 251 2205 106 als ue overcomt dat gaerne toecomende maendagh oft djusdagh soude

985 318 2330 134 hebben, gelieft de quitantien van L brans, & van luster Pouwens mede

1000 450 2277 121 te brengen, om te connen effenen waer mede in afwaghtnge blijve

2046 525 486 147 ƒ 1352:18½

989 537 676 128 van Jacobus anne

2047 626 491 128 „ 5930:12 ½

995 634 531 136 van diricksens

2074 721 442 132 „ 3300: 2½

1001 731 575 141 van hoefwagels

1918 795 536 106 „ 1126:10

1010 827 712 155 van van der stappar

1612 855 1538 178 rest samen ƒ11715: 8½ sonder den introst

2678 966 616 165 Adij 11 janu. 1721

870 1015 1024 177 London hebe cca hamitton & Cooke

1008 1071 2290 192 ue aengename van 9 pass. wel ontfanghen met remise voors £50:- a

985 1159 2273 196 35 ƒ op henrij lodoghe welke is geaccpiteert den voorigen oock van £50:

1021 1256 2292 183 is betaelt tot u gouverno. m de feer heeft gisteren den brief van my morgen

1015 1359 2198 159 laten protesteren, sende hier ingesloten het protest hij heeft mij mondeliure

1008 1431 2302 221 gelooft den selven te betalen, & wilde eghter niet accepteren gelijck ue met

956 1519 2310 194 mijn voorigen geadviseert hebbe, daerom sal den brief hier behouden om

1000 1644 1671 173 betalinge te becomen, met reghte ofte daer buyten.

1013 1655 2306 217 madaine tis uee noch indaghtigh, dat ue man mij een goude sack ooologie

1024 1817 2219 169 heeft toegesonden met een goude mans reting & vermitt die hoorlogie

1004 1863 2286 241 gaerne verceren soude aen eene jouffrouw mijne toecomende bruyte soo

966 1981 2342 170 versoecke seer vrindelijck, van op ontfangh deser, een goude vrouwe seeting

1022 2064 2284 215 met eenen saeck sonder orologie,  post mij toe te senden, recomandere

1017 2202 2251 132 dat die goude vrouwe seeting naer de niewiste mode is ul sal die

995 2283 2347 167 gelieven t'addresseren aen dheer Clias guntgrijffer, officvael vant po canto

959 2418 603 134 tot antwerpen

1023 2428 2306 195 iets van ue dinst voorvallende gelieve te comanderen kan ue present

1005 2512 2286 190 seer schoone tijlen toesenden, waer mede blijve naer ue gewenst te

1020 2633 2315 168 hebben in desen coopenden gare celle heyl & voorspoedt, & groete ue van

1014 2779 296 108 herten

1021 2780 2247 227 segge een goude vrouwe seeting, met eenen haeck, sonder ooologie

2733 2867 341 122 Ady d

857 2954 599 171 brugge Rentergen

1028 3001 2277 165 ue aengename ½ deses wel ontfanghen daer bij een correcte rek. court: hebbe

1025 3087 2306 184 de selve conform geslotan, & ue nop min rek: gecrediteert ƒ 28:8:3: ben in

1017 3213 2313 187 groot aghter denesien ontrent het pack sarges, dat van london verwaghte

1025 3299 2291 139 mijn vrint van London, geeft mij niet mintten geen advies versoeckke soo

1026 3357 2318 196 ul: iets vernempt int oversien van de carges van de schepen oft binlandes

1017 3500 1495 146 die sulln comet tarriveren te laten weeten

1025 3528 2317 196 op 11 passt. hebbe ue toegesonden een brief, om te behandigen an dher

1016 3640 2274 243 frans: van di bussehe e cottij, is niet geweest en het brief poort te

1037 3736 2312 229 sparen, maer om dat hij geen antwoort geeft aen wadame broeckmans

1050 3860 2222 166 mijne vrindinne die aen ham noch een somne gelt schuldich is

1033 3953 2222 185 versoeckt ick: courant, & dan dat niet becomen, daerom versoecke ick

1041 4060 2238 191 vrindelyck van d: heer daer over te spreken, & sien eene missive tot

1044 4124 2251 194 antwoort te becomen, sut mij & aen mijne vrindinne groet plaitir

1058 4290 2217 125 doen den ingesloten wissel brief gelieve te laten lecceptement

1040 4358 2318 172 & met occasie te rigge te senden, & waer in ue eenigen aengenamen

3507 221 2509 139 dinst can doen, gelieve te comanderen, die naer seer vrindely te groetenist blijve

5242 301 748 115 Ady 11 gan 1721

3410 311 1017 172 London Jacques frans: de witte

3550 387 2367 155 us. aengename 5 pass. wel ontfanghe, dien volgens hebbe de vek. met

3531 491 985 161 dheer bollengier saliger gesloten

3529 555 2476 189 gitteren hebben wij brieven van costij gehadt van 6 diser N.3. daer bij geene

3489 655 2478 162 van ue. dat mij grootelijc becomeringe geeft, ontrent het pack sarges

3537 720 2445 234 mijn voint  sau lewis van tiverton, noteert mij dat het schip, waer in die

3521 862 2436 141 bule geladen is, op 6 sxber 8:3 van daer voor de tweede reyle naer London

3525 956 2452 151 vertrocken was soo daer is niet aen te twijfelen, oft ue heeft het selve

3544 1035 2470 175 ontfanghen oft daer is door storm ongeluck aent schip gecomen, dat niet hope

3533 1145 2394 158 versolcke seer vrindelijck, op ontfangh deser mij t'adviseren wat ik

3542 1226 2433 177 daer af weet soo noch niet gedaen hebt om mij geriist te stellende soo met

3543 1361 2301 137 versonden is versoecke dogh op het alderspoedigiste op brugge te senden

3534 1438 2460 141 ue missive met groot vverlangen afwaghtende blijve naer ue gewenst te

3537 1546 2462 136 hebben in disge loopende gare alle benedictien des huneelt & groote ue wacherten

5389 1601 529 171 Adij 11d

3418 1651 657 172 mons Frans: canist

3534 1708 2463 177 En suite a l honneur de la vre du 8 courant, ie vous aij envoije p

3537 1863 2478 141 le messagier jonard les trois perpet: tres belles & bonnes & de la mesme

3544 1964 2361 171 qualite comme vous avez eu, il vous plaira me credite pour ƒ147:

3559 2026 2370 191 payable en argent de change mons. vous vous trompe, que les perpet:

3524 2113 2488 181 sont trop presse, ils n'ont que la froide presse, outre cela, il faut

3553 2236 2410 161 de presse, pour le faire debites jamais ie n'aij eu point des plaintes

3552 2329 2420 222 quilles sont trop presse mais bien trop moins, vous trouveraij quelque

3542 2469 2415 143 chose de bon, & ie vous les aij  a ƒ 1:- poindre,  que la

3557 2531 2474 185 marchandise n'est pas baisse, comme vous me marque ie vous salue

3541 2654 1120 202 & suis avec offres de mes services

3570 2689 2412 223 le s. jonard ne m'a point comptte les cents florins delant qu'il n'avons

3572 2830 1928 184 part de largent ce qui fera a son prande voyage

5437 2883 407 198 Adij 15

3467 2961 1013 153 London rebecca hamulton & cooste

3548 3058 2451 139 op 11 deser was aen ul mijnen laesten, daer by protelt van m. morgant brief ten

3554 3147 2401 141 latte martinus de feer waer vooren ue gedebiteert hebbe voort protest ƒ1:4

3538 3224 2416 157 naer veel seggens heeft m de seer den wissel brief gisteren voldaen, & hebbe

3551 3350 1606 118 ue daer vooren gecrediteert in wissel gelde ƒ 800:-

3538 3369 2497 173 de versoghte goude seeking, wert ul andermael gerecomandeert op het spoedight

3559 3533 1728 134 te versenden, om reden met mijnen voorigen vermelt

3550 3599 2458 143 boven dien, soo wenste wel, dat soo goedt waert van noch een silvere mans

3563 3726 2447 106 sack hoorsogie, met een mans sceting, mij mede te laten toecomen, van den

3562 3773 2385 156 ader bester mester naer de niuiste mode heb die mede seer noodigh, n

3569 3865 2457 141 windt mils horologie masser is biy mij in goede reputatie vermits de tme

3578 3986 2445 129 hooologien, door dheer hamnbon me morie mij gesonden seer goedt bevinde

3561 4048 2438 139 stelle den maker in ue handen, tis mij tselfste, van wie gemaeckt is als

3561 4123 2458 179 die maer sorreet gaet, vertrouwende, dat ue dese comissien sal volbrengeng

3566 4227 2445 178 & waer en ue van gelijften dinstigh magh wesen, versoecke liber te

3563 4370 851 139 comanderen. visse
