8426 4713
882 270 1179 167 Bruxelles dh: Henrico borremans

2259 286 778 180 Adij 23 april 1722

1074 378 2284 160 Myn heer op 2 deser was aen ue mijnen laesten met advis dat aen ul

1059 492 2339 140 toegesonden hacebte 8 swerte perpet: voorders referren mij aen den selven

1053 611 2328 128 se dest hebbe aver It sagen partije perpeti geverft gehadt dogh den persij

1056 702 2296 142 heeft mij geabuseert & soo langh onder de handt gehoegen dat heden

1069 812 2216 163 die maer eenst thuys becomen hebbe sal ue ordres afwaghten

1068 926 2327 200 om op satuddagh lul: toe te senden de stacken de ue sal gelieven

1076 1047 2232 181 te bragen daer synder me van alle umeres geverft tat ue

1061 1151 2091 195 dinste waer inde d'eenn van ue comande afwaghtende

1084 1269 1341 194 blijve naer seer vrindelijck groetenisse

2556 1297 713 234 Adij 23 di1770

874 1419 787 202 culen Gerard meuses

1090 1543 2248 171 ue aengename 15 deses wel ontfanghen daer benevens den prijs van

1078 1622 2252 164 de wijnen in guldens onser gelde wissel gelt dat ul niet gevraeght

1073 1762 2137 140 hebben maer wel in rickeltaelders van Costij sal ul de waerde

1070 1837 2163 138 remitteren de proefkens sijn soo aenstonts aengecomn, sal die

1083 1984 2223 142 24 uren in den helder laten berusten, & ue als dan mijne tesolutie

1079 2032 2177 205 scrijven, gelieve op ontfangh deser den prijs in d van Costij te

1078 2141 2290 178 laten toecomen, & en afwaghtende blijve naer cordiale groetenisse

955 2262 2109 204 Ceulen dhies ferardo meuser, Ady 27 avril 11721

1102 2357 2216 216 Op 23 deser was acn ue mijnen laesten met aevis dat de

1109 2487 2276 186 prockkens ontfanchen hadde voorders referrere mij aen den selven

1093 2594 2211 192 gisteren sijn mijn vvinden bj my te samen geleeek q hebben

1037 2679 2281 177 den wen geproeft gdaet uet sckesen het kannesse N.2

1088 2820 2300 184 sijn de dent pris un onsed wuissel gelde viersigh geldene p haem

1040 2920 2278 184 dat te hoogh is tis eenen clijnen wijn voor een somen

1095 3042 2306 226 & ronsiderable minder en qualitydt als int faid ty 20 chat

1110 3178 2265 164 hebbe geleove dat ul abeys int stellen van den prijs mons

1095 3297 2265 159 wissel gelt derhalven ssal ul notitie af waghte hoeveel

1123 3401 2235 202 p haem in gelck gelt geljck met mijnen vooregen ue

1126 3516 2138 192 versoght hebbe geliten dar het vat N 2 te nemen 9 dat op 7

1126 3651 2178 187 differente aven te laten doen soo gelijck int

1118 3740 2248 229 gedaen hebt &de selve met ntatias sheysen die voorleden

1098 3859 2220 227 satierdagh van hier vertrocken is mij tes laten toecomen & de

1105 3990 2203 177 groot haene te seckenen q van het midden van het vat te

1087 4102 2278 178 veellen op dat dat voor mij heude voor mijne nye ue moet

1115 4198 2263 168 voor de vraght p haem accorderen tis me somervraght hebbe

1135 4289 2248 204 voorleden tyte 5 pastorous pr haem moeten geven dogh het

1132 4424 2147 142 was sous in den winder sootwjfele niet oft ul het nu

5905 195 110 129 11

3579 229 2324 205 beeted coop sal bedingen dat ue hertelijck recemandere gelive de

3561 353 2398 191 hamen wel te doen voorsien met goede teepen op dat sj onsewegen

3570 444 2445 196 met lecken & de goede serge aen den volrman te recomanderen de vrieuce

3567 560 2394 201 hebben de helfs van den wjn van het cannelie N.2 doen bewaren om

3558 702 2446 153 tegens de hamen te confronteren twijfele niet oft ul sal goede

3555 765 2444 240 gehouden hebben om het reght te senden alles wordt ue dan voindelijck

3575 931 2432 153 bevolen g ue sal op toecomende saturdagh die samen connen veyenden

3565 1004 2450 224 vermits matiastijsen my geseydt heeft als dan van costq soude vertrecken

3556 1118 2314 204 & dat aen ue dat soude adviseren om dey kamen daestegens, laeste

3573 1266 2392 229 mcken mijn heer door haeste hebbe vergeten met mijnen voorejle te

5101 1370 176 106 inb

3557 1389 2432 200 beantue oorden ue aet aengenaeme van 3 seer derheelven hebbe

3552 1492 2372 231 deere met desen van ue te bedancken voor alle ue goede wenchen

3578 1608 2450 192 in ons houlvelijck ten anderen hebbe verwonders gehoeeft te vernemen

3578 1718 2365 245 dat icl op 10 febr paste voor de 3 mael in heuelvelijck yt gesreden

3566 1847 2452 210 vermils met wiste ue sjn 2d wederhelft verlooven hadde goet gele

3566 1957 2462 242 ue quil ul de alle voorspoedt ge segendeshemels gevelle haven

3559 2084 2383 212 te samen in volle gesondtheyt versoeckende onse mwe nese ons

3572 2221 2337 220 complimenten van geluck segvenschinge te verscheren y mmy te

3555 2332 1948 223 comanderen in alle voortallende occasien g blijve

3477 2482 2082 233 Brussel dheer Henrico Bornemans Ady 29 april 17227

3564 2609 2477 189 In antwoordt op ue mij seer aengenaem van 26 dses hebbe d'eere van

3570 2756 2455 161 uk te noteren als dat heden p beurtschip aen ue toegeonden hebb de aght

3564 2892 2434 173 versoghte perpet. & uyt de partije naed myn gemoet de besteeert gesoght

3553 2979 2376 167 dat de voorige iets sortesvallen sal ue inde deught beanden voor

3585 3079 2471 238 mijn deel preferiere allijdt de corste om dat die dietede beser bedeckt

3591 3259 2354 183 sijn & deughssames in het dragen twijfele niet op dese 8ps. sullen ue

3581 3343 2370 190 volle vergenoeginge geven gelieve mij te crediteren als volght

3555 3438 2104 240 op 29april 1722 3 spwerte JpcopB. N.1 a 36:   10:6:

4183 3612 313 136 13 ditto

4748 3600 909 156 60 . 462 158:-

4183 3711 325 166 12 ditto

4731 3725 921 156 80 59:- 414

4173 3815 1447 277 18 r samen nmuyse geb  360:

3592 3988 2432 230 sijnde dese stucken op gepackt in een baltie gemarcks d gwaedenw

3572 4148 2425 204 lengen voorseren dinst can doen geliefe te comanderen die naer

3605 4274 1231 193 sel vrindelycke groetenisse blijve
