8337 4747
3570 242 2538 116 166:½ p pour livrer & payes dans 15 jours du temp de l'achas

3566 309 2393 142 & coure vous me marque que le change pour sires sur moy estoit

3561 367 2489 148 extremement hant & que vous trouve qu'il seroit plus avantagieu

3563 480 2533 151 pour  remettre ie vous envoye cij joint  £400:- 2 doux usance

3565 577 2511 120 a la scharge de messr chausel & Cocqueel a londres, les quelles vous

3557 649 2407 132 pouve disconter a raison de quatre pour cent pdan coume vous

3569 738 2546 152 avez la bonte de me marquer pour avoir l'argent content cependi

3572 808 2411 163 ie ny trouve point grand avantage puis que iaydue accorder le

3571 918 2460 149 change a 35:3½ en quoy qu'on ne doit pas consideres en temp

3564 999 2536 156 de besoing ie vous envoyeray p ma premiere la procure necessaire

3583 1103 2360 118 pour mettre ces actions sur mon nour & pour pouvoir recevois les

3561 1212 2527 126 dizidents dans la suite & je consulteray pion frere piers melijn

3573 1272 2417 135 pour l'avoir suisant la forme ordinairy entre temp ie vous

3576 1382 2395 94 prie de m'aviser & la receptiont de cette & re croire que

3593 1452 1245 139 ie suis avec bien du respect

5169 1486 761 166 Ady 16 meert 1726

3497 1525 652 170 london Thomas Scawen

4991 1638 97 77 1e

3567 1630 2505 161 ie me sins donne l'honneur de vous escrire le 13 courant pour respondre a vre agreable

4003 1733 103 72 moy

3577 1727 2432 145 lettre du 25- du passe d.7. & En mesme temp ie vous ay envoye remise pour

3588 1838 2420 154 £400:- a la charge de messr chauvel & Cocqueel a 2 usances dont cy

3580 1855 2549 215 joint la seconde, pour vous en servir en cas de besoing. celle servira principallente

3579 2016 2463 161 pour accompaquer l'inclute procure pour mettre les £500:- actions achate

3581 2111 2381 142 sur mon noni, & aussij pour recevoir les dividents qui se feront pour mon

3583 2191 2431 182 compte. ie vous prie de m'envoyer la notice de la chat du dit £500:-

3597 2288 2505 180 pour vous en pouvoir crediter, & nt adviser, quand vous les auray fait mettre

3606 2412 1862 137 sur mon nom, & En lattentdant, J'ay l'honneur d'estre

3698 2524 997 169 Breemen, dhh John terhell

4988 2501 814 197 Adij 28 meert 1716

3649 2661 2463 165 ul mij seer aeng. van 25 gber 1726 & 2 deser op sijnen tijdt wel ontfange

3618 2798 2473 170 door den eersten met veel plaisier vernomen ue geluekigh arrivement & dat

3632 2895 2483 116 mejrieff un benmijnde & voordere familie in goede gesondheyt hebt gevonden

3636 3014 2370 143 waeh van de continnatie verhope maer ben couus over ul beleefde

3642 3082 2489 138 danalsegginge voor het weijnigh plaisier dat wij uss hier hebben conmen

3647 3186 2509 138 procureren wenste voordere occasien te hebben om ue onse genegensheert

3639 3298 2490 157 te betoonen, mijn huysvrou is stegenwordigh godt danck in goede gesonthegt

3631 3364 2417 192 erstels t' seders haer sinder bidde maer wij hebben het ongeluck gehadt

3656 3507 2382 123 van het dochtersen waer van sij ingelegen heeft te verliesen tot ons

3667 3585 2369 117 groot misnoegen niet te min wij moeten patientie nemen gelijck

3636 3644 2395 132 den goeden gods gelieft te disponeren & blijven ul ten uytersten

3662 3772 2401 114 verplight voor het paert dat u gelieft te nemen in het gene ons

3662 3865 2414 126 aengaet geleyck oock over alle de moeyte die ue wel heeft willen

3662 3929 2455 128 nemen van te informeren naer de erfgenamen van d'hr kans de hertoge

3663 4048 2423 116 dat d'oorsake is geweest dat soo lange gewaght hebbe om d'eere te

3657 4143 2398 151 hebben van ue te antworden peijsende het ter selver tydt te doen

3643 4220 2496 151 Evermits continueel van ul nouselles was verwaghtende d' heer van laet

3650 4298 2503 158 heeft mij rapport gedaen van het gene ul hem over die sacke geschreven

3668 4417 2086 113 hadde & in antwordt op us tweede hier beven vermelt
