8248 4692
2582 211 716 135 Adij 26 ƒeb: 1725

734 232 850 179 Tunnhouts: Sanen

927 280 2270 177 aene but van 21 iane lest met de 6o gio tijgen die noch

901 398 2422 183 resteerde, op sijn hidt wel ontfangen & ue: assignare van

905 499 2397 207 N 1646n ersetsee gelde hebbe aen ul suster prompt betael

883 595 2399 209 voorgistren hebbe brieven van mijne vrinden becomen

905 676 2404 208 die ongemeen lagen dat de 3 segels soo grof sijn, dat

909 788 2304 242 sij die qualijk connen versoegwn daer seer genoel

892 909 2347 202 overben, ick hebbe presden noch 120p van ue

906 1024 2331 200 goet bij & ben bedroeft, dat van al: goet genomen

868 1107 2369 187 hebbe, want ben in gevaer van mijn callanten

919 1242 2392 122 daer door te verhesen geen reden hebbe gehadt com

931 1315 2336 187 van ul goedt te nenen, als dat sal dat ue om gelt

923 1399 2383 199 verlegen vrae,  hebbe soo gesijt dan het alderbeste

918 1542 2385 213 goet te geven & ue terconsrane alle saghe goen

913 1604 2379 264 gesonden hebt, & mijn vinden sijn niet glven

937 1733 2242 212 sulken goederen te becomen hebbe een ordre

929 1843 2373 210 become, maer ben bevreest, om ue goet dat bij

946 1943 2380 226 te senden daer manqueren mij aote groet loot

968 2064 2376 193 16 smalle & A breede Areqn geluve sie toeemende

946 2147 2378 212 donderdagh te senden dogh wel te letten vande

938 2282 2365 220 beste te senden, oft onders moet met dencke oye

962 2416 2274 195 een stuck meer dragen sal waermede blijve

1080 2549 2107 181 20 16 groot goet & 26 smalle a 4 breeden

2486 2646 761 194 Adu 28 ƒeb: 1720

804 2682 1269 204 Brugge T: van rentergem

964 2783 2305 171 mit ue messve van 26 deser, verneme geene de minste

931 2875 2347 214 scad aen het pack sarges bevonden vwort, derhalven

972 2998 2328 132 sende aen ue hier benevens, de twee noodige certificaien

955 3086 2286 180 om ƒ19 daer van te bedienen, daerlagh a costy geen

974 3171 2293 148 beurtman gereedt, om ditto pack afte brengen, ue sal

974 3237 2362 170 dat soo lanck ophouden, tot dat die occasie voor sompn

968 3358 2263 157 dat vertroeuwe inrcort sal geschieden, iel de suykers

991 3402 2341 227 sullen occasie geven, op een bij lander te doen vertrecken

967 3522 2168 242 op saturdag wert ul een pack tyk toegesonden

969 3603 2202 195 Mijnkeer hebbe eene partije swijns borstels by, vande

975 3654 2260 263 alderbeste coningsbergen soorte, dobbelen ban voor de

988 3796 2301 250 borssel makers d'at u a costy occasie hadde, om die ben

974 3885 2349 243 verloopen soude wel een wat toesenden soude die a

963 4005 2389 246 ƒ64:- connen geven de  100 wisselgelde, daerlon

981 4127 2378 225 goet schoen makers haer onder, de boisselmakers verstaen

987 4212 2347 184 dat wel dat wel gelieve eens sagh t'enformeren & op ue

984 4346 2373 152 advies sal mij regaleren, waer mede naer groeteniste blijve

5176 162 813 145 Ady 28 febru: 1720

3360 201 1028 135 London Rebecea Hamilton & Coose

3521 280 2461 142 op 10 & 22 deser waren aen ue: mijne laette sedert become ick: seer aengename

3518 352 2405 150 van 5 ditto daer benevens remise voor sal £41:- ten laste made biscop

3506 426 2435 154 in antwerpen welske is geaccepteert & betaelt sijnde, sal ue crediteren n

3522 511 2447 211 wissel gelde voor ƒ451:- het is mij lief dat ue de bale N. 11. wel hebt

3527 626 2392 148 ontfanghen, dogh verwondere mij de winnk cliers clagen, dat de 3 segels

3515 689 2395 208 grot vallen, ul: moet weeten, dat bij aldien de 3 segels grot sonden

3469 816 2509 134 bevonden worden op het segel huys, daer nause curigh op gelet wordt, dat sij

3528 903 2482 154 niet souden gesegelt worden voor 3 segehs, maer voor groot loot dat de stwcken

3511 1036 1612 119 dicss in de hant vallen, is de deoght vant goedt

3515 1050 2317 194 de 50 geordonneerde ps. sullen overmorgen opgepackt, qnaer brugge

3504 1156 2499 179 versonden worden, waer van bij tijde facture & cognossement hebt te verwaght

3508 1249 2425 179 twijfele niet oft rochut terts, in wiens schip de bale N.12 is geladen, sal

3534 1356 2367 173 met desen favorablen windt en costij overgecomen sijn, & hope den goeden

3527 1492 1992 158 godt die goederen wel geconditioneert sal laten geworden

3533 1556 2465 157 ben in groot verlangen naer den bufet waer mede naer offres van dienst

3510 1653 1027 168 & minsame groetenisse blijve

5182 1651 726 200 Adij 28d 1720

3373 1764 774 152 Siverton San we Bworidge

3537 1816 2431 173 ue aengenome van 30 pass wel ontfanghe daer benevens ie dat ick: is

3525 1904 2432 188 comende van Jan ordenborgh £554:13 s dat mij leedt is, sijnde verschert

3543 2000 2434 190 van de wed: niets te becomen is met een woordt daer is niets, & is arm hebbe

3532 2128 2476 141 over eenige caren voor een ander vrindt van coltij voor soo eene gelijcke saie

3520 2176 2469 201 ten last ditto ordenborgh groote devoiren gedaen, & langen tijdt doende geweest,

3523 2294 2463 165 dogh alles is verloren moeyte geweest vermits niets hebbe connen obtineren

3548 2375 2475 169 derhalven moet ue: sigh met andere geintresseerde vertrooften het is mij gevoelijck

3536 2468 2447 186 dat ue de gelegentijt van dese sake soo moet schrijven, sijdt verschert datter

3563 2581 2377 181 iets te becomen was, dat gaerne ue soude plaisir don, maer daer niet is

3548 2701 927 131 verliest den hier sijn reght

3549 2717 2478 208 sien dat som booridge in eenige tijdt sal overcomen gelieve mij niet hem

3545 2837 2473 161 toe te senden 30 perpet: van £.1 gelijcke de laeste bale N 25 is geweelt

3573 2954 2449 172 a 50:6 en dese soorte il wel het gewillighste & hebbe daer veele op een

3563 3083 2390 144 jaer va gedebteert, dogh quamen noet hooger als 48ƒ gelieve de

3551 3169 2451 158 facture & cognossement by tijde toe te senden, waer mede naer groetenisse

3979 3265 100 122 sn

3565 3300 277 105 blijve

5355 3235 543 186 Adij 28d

3445 3319 1319 198 Cortrijck dhuysvrouwe elias grunt grijffer

3565 3441 2449 137 ue aengenome van 11 deser by tijde wel ontfanghen, waer op tot antwoordt

3560 3523 2462 182 segge, dat onse ick: soo wel de mijne, als due goedt & daccoumt is ick hebbe

3558 3596 2453 177 noyt ick: gehet vant servet goedt soo dat ul daer vooren noet gecrediteert

3553 3687 2425 176 is geweest, ue heeft mij wel geschreven, dat de setvetten van 6 issel, o

3572 3777 2437 208 waren, & de ammelakens van 18ft: daer mu 4 guldens stelt, oock bevinde

3559 3884 2431 192 dat maer van ider service 13 seroetten hebbe, soo 26 serretten pavie

3552 3964 2428 228 & 26 servatter vant roolken, & de 26 servetten, ider  lancks is mair

3553 4120 2479 156 39 ellen, & ue stelt 43½ elles dat immers niet sijn can, derhalven gelive

3569 4167 2411 213 dat voorder te examineren, sullende malk anderen daer over satisfactie

3570 4307 2471 166 geven voorders can niet bedencken, wat sacges soo geplecht souden
