8043 4726
679 188 2498 150 versoeke de corste expedite aen s touchez te scrijven, dat het

671 274 2473 151 baetien is voor rek van dheer EN mercoste tot teomen

682 353 2448 196 ul heeft in july 1718 noch soo een baeltien N. 213 op de

657 478 2538 155 selve vrijle dedepecheert, de sorge blijft ul gerecommandeert

676 539 2527 218 gelieve de lancost rek van dien & danden cito toe te serden

556 685 1622 225 aen die naer groet messe blijve

2435 770 663 194 Ady 8 Juny 1719

462 805 902 220 Lonson George Birgoe

696 893 2414 169 ue: aeng. van 15 pasto 8.3. wel ontlanghen, daer by informatie

689 989 2516 187 ontrent de persoonen in questie, waen vren ul seer verobligen

701 1105 2490 156 ben, ren soodanige oft andere occasien, geleeve mij niet te sparen

688 1215 2018 185 sal altijdt braghten aen ul versoeck te voldoen

681 1247 2520 279 het pack N.31 is geladen ent schip van Crans. moentack, die met

671 1450 2528 101 den leersten goeden Wint gereedt stont te vertrecken & supponen

672 1504 2481 174 soo in dee geloopen is voor nu a fostij sal wesen gearriveet

697 1599 2500 182 ick hebbe noydt affaires in suykers gedaen, maer overettieo

702 1671 2419 236 jaeren in koot, dat dereet van hull dede comen, als e

683 1770 2508 265 loet tue op seer laege prijs is. gelieve te laeten weeten & de

694 1957 813 177 prijsen te notteren=

678 1986 2489 238 oorders sal ule ordre afewaghten voor de sijken, die ul soude

707 2098 2496 180 mogen noodig hebben waer mede naer seer minraeme groetenise

687 2267 346 158 blijve

2443 2275 610 212 Ady d: 1719

500 2321 1095 221 London herman son

728 2396 2373 223 op 6 pass  as aen uen mijnen laesten, met roitie lande

699 2525 2390 188 prijsen van de tijhen te weeten van groet loote te segelo, soo

712 2586 2463 219 2 gelijck over groote partijen naer cossij hebbe versonden, u

716 2716 2475 158 bevinde mijn erreur, dat de prijsen van t segele niet genotten

705 2826 2493 172 hebbe derhalve heeft ul de selve aenden voerdesen dese soorten

703 2870 2470 222 &an tijken worden soo abondant op vooraet niet gemaecht

700 3001 2498 235 gelijk de grootloot  segelo, als ue mij met sijn ordre

702 3084 2497 249 geliefde te vereeren sijdt verschert die op het adderspoedighte

709 3206 2486 202 sal volbrengen &se int rest als eygen waer nemen niet

711 3313 2493 190 soude mij aengenamer sijn, als dat aen u eenige stucken

726 3403 2282 240 door eene preuve moghte senden, verschert sijnde dat

720 3537 2483 158 nimant beter gret, oft goeden coop can sinden, als ick, sijnde

690 3611 2506 166 de principaelste lijck wevers aen mij verobligeet, tot u naorg

714 3704 2393 193 d'eere van ue ordre afwagtende blijve met dierst presevlablen

721 3850 1494 142 & naer sier mensaeme gret

1525 3925 478 192 ƒ 80„ 10

790 3962 531 131 de 10 2 coot

790 3991 1247 210 de 4 2 seg Loet a 6„15

1589 4046 1538 224 „ 5„6 palles in wessel gede

769 4132 638 178 d2 Loot

1558 4225 440 112 A3

807 4233 568 150 dens 2 loet

714 4213 2496 218 bij aldie de granse tacle uue beter compt om ue verstae sal

1302 4382 813 107 Dint Drans erjen

5144 168 736 164 Adij 1 Juny 1719

3317 182 1237 219 Brussel Steph: Rousseau

3432 279 2553 205 e 4me court fut a vre grace m'a derniere a la quelle ie me referre

3451 402 2511 172 depuis sans aucune vre, celle pour advies que j'ay tirez cejour

3449 508 2549 151 sur vre grace, quatre cent ernequante Clerins argent court faisan

3448 586 2490 193 en argent de change ƒ385„14 payable a lordre de mons.

3469 691 2470 208 dar Carlo Van heurez vous priant y faire honneur & pre

3437 834 977 196 croire que je suis a

5250 812 663 178 Ady 10 Jurniy 1719

3255 948 989 222 London Bollengeer

3465 975 2426 232 uls ang. van 18 passo 0:5. wel ontfangen, daer bij de notitie van

3461 1079 2529 249 incoop &oncosten op £500:n loterije annutees, bedragende te samen

3451 1174 2511 256 498„ 2„6dnst waer vooren ul is gecrediteert, hadde verwaght

3448 1297 2548 230 can u: voorder te vernemen, dat mijn ordre voor al noeh ƒ500:-

3467 1405 2385 228 soudt hebben ingesogt, dog sulx met geschaet sijnde doet mij

3448 1505 2550 224 vermoeden die actiee boven mijn limiter blijven, ick hope schtr

3427 1570 2560 245 dat ul die sal connen becomen, voor dat het aenstaende divident

3469 1694 2467 231 sal vervallen sijn, om daer dante rouisderen & dan maque

3469 1805 2527 227 well een halr, oft 1ke. meen besteden, ten waere dat de wissel

3460 1882 2543 255 hooger, als 36 & up, dat niet geloove, vant ben van opinne, die

3462 2003 2505 271 vallen sal laete alles in us: goede derectie, vertrouwende mijn

3486 2104 2495 274 intrest als eygen sult beherstigen, ue macht geene mentie

3449 2188 2537 286 van het devident Jande luydts ue comp dat niet bevatter can

3461 2319 2483 243 twijfeled niet oft u sal dat over lanck ontfangen hebben

3441 2457 2535 231 & versoecke erindelijk sulkx te laten weten, & intoecomende

3486 2556 2516 216 soo eel de dividenten van dien& dander ontfange, t'adviseren

3492 2643 2437 256 am in conformitijdt te notteren, het is seker heden daegh de

3470 2740 2530 244 leyden ue kennen seer moyelijk, dat ul wat ongerustighijdt

3489 2862 2490 200 causiert, om met niuwe cooplayden, oft courespondenten

3473 2963 2534 222 eenige affaires te beginnen, godt wil ue & mij van berleeken

3477 3054 2340 294 bewaeren, daer mede met deslange naer ue messive

3483 3237 943 213 af wagtende Blijve

5288 3320 619 196 adij d: 1719

3334 3369 1098 209 Siberton George I'home

3486 3429 2447 238 op 3 deser was aen ue mijnen laesten met remise voor tft £ 30

3470 3536 2537 230 voorders referrere mij aen den selven sedert geenenn van ue ontfangen

3491 3680 2524 157 desen om ue te laeten weeten, als dat de sen morgent ut gesondene

3483 3787 2479 188 Baele N209 met 30 perpett. eerst geopent hebbe sijnde die daer

3498 3855 2509 228 ul: 55 voor stelde, & dat die niet wilde aennemen om dat die

3508 3985 2498 191 soorte niet noodig hadde gelijck ue seen can uyt mijnen

3495 4080 2519 207 Jan on 19 meert 8N. 1718. aen ue gescreven  op 26 ditto

3482 4198 2527 202 adviseerde u dat die Baele gearriveert was & dat aen mij

3479 4278 2430 196 & vint tot brugge genotteert hadde die bale tot brugge
