8419 4713
1055 283 2278 127 hebbe nu een erdre van een anderen vrindt aen we in geen saer oft

1063 380 2222 102 meer iels gesonden hebbe die ue noch betroulve quent sijdt om

1024 412 2371 152 die wellot besorgen sijn als hier onder genoteert gblijve naer groeten

1066 506 1119 144 „ 25¼ 3 segelss 26 smaille 5 breede

1066 589 1107 152 „25½ sfegels 26 uille, 5 breek

1047 681 1159 150 „ 25 j & soot loot 2e smalle, 5 breede

1063 770 1088 144 y35 ¾ grootloot 3 smallen 5 breede

1069 886 270 132 176 25

880 938 1942 212 London dehr Rijs oocke Ady 22 ay 1p

1064 1085 2324 176 beyde ue mij seer aengenaem van 20 passots 9r3 deser .5. wel ontfang

1057 1170 2195 187 met den eersten advis dat den buftel versonden was met het schip

1024 1274 2317 141 de st clement, q met den laesten de rest van den selven monterende

1070 1408 2265 175 st £24:16 s waer vooren ue gecrediteert is a 30 ƒ de wisselvoor

1036 1473 2302 214 ƒ 267:17 hebbe den busset voor giteren al hier ontf. gbevinde den

1061 1615 2169 143 werck man al gemist heeft naet de leekeninge & boven al heeft

1062 1674 2311 192 besyden sulcken leghten houdt genomen wit van couleur dat het

1023 1775 2321 185 de caste geheel sefiguneert waer mede patientie mock hebben

1086 1915 2244 151 van veoeren can het passeren maer men het wel dat niet te groote

1079 1975 2223 184 acht heeft genomen even wel blijve ue verobligeert voor alle

1073 2054 2216 194 genoment sorge queyte hier entrent in soo daiep oft andere

1054 2196 1466 179 occasien gesiet mede te comanderen

1047 2260 2361 221 sal ul tee crediteren voor ƒ158:5:5:6 sijn de hetstot van de e

1075 2393 2214 166 in comp. met madame hamisson quit tetecomende met ue

1067 2492 2297 200 Corresponderen que ooere voor 18 stuck tijken hebbe aen mijn

1079 2595 2186 214 tycke makee bestelt gverwaghte de selve over morgen medaly

1071 2686 2331 212 wanneer die sal laeten oppacken gop het ssoeuighste waervan

1052 2830 2328 156 de facthuresq cognossement p myn eenste hebt te verwaghte

1092 2904 2324 176 ick remise voor  £12: ten laste martinu de feeris geaccepted

1072 3003 2325 180 & sal sert verval dagh de betalinge in voorderen gblijfte naesue

1073 3140 857 160 vrindelijck groetenisse

1082 3180 2334 214 d- ick sal op us met trecken vermits het prefijtelijck e is

1095 3342 2107 138 te remisteren derhalven sal ue voordere venige afwaghten

935 3407 2046 194 Brugge d'h. Laurenee van Rentergem Ady 23 auge iyt

1102 3501 2144 210 beyde ul seer aengenaem van 16 9 25 deser wel ontfangen met den

1097 3634 2297 180 laesten de gertificulie tot de verclaringe van de 3 cossen te rugge om dat

1095 3732 2271 190 maer voor ƒ 200:- verlaert hadde qul voor ƒ 280: op geghven hadde

1099 3839 2223 200 daer un patientie moete hebben want in der daet cost soo veel niet

1105 3927 2241 178 gon aen d'heeren vant comptoir satissache se geven soo sende

1100 4046 2256 197 hier ingesloten een andere volgens ue versoeck hebbe de cassen

1105 4152 2303 130 wel geconditioneert ontfangen & ben verwonders dat schipper moentas

1109 4286 2302 149 seght veraccordeert te sijn de vraght voor ƒ20:- mijn rvindt advisert

1089 4371 2259 158 mij dat hij soo veel presenderde & dat hij daer in niet cousenderde

5909 192 87 40 2

3574 235 2464 134 vermits soo veel voor vraght awedeljck vont q dat de schipper daroin het cogneseme

3573 314 2320 130 niet wijlde seehenen ghij sight dat tot brugge daer over soude accorderen tis

3556 428 2437 143 sekerlijck exhoobitant & fat noch maer tot brugge voorlede reyse hebbe ƒ20:-

3561 491 2357 165 betalt tot antw: quoch woorden gemaekte quu hebbe hier betalt voor de

3557 567 2427 197 vraght van costij ƒ7:10: wisselgelde op soo een maien souden d'oncoten

3569 673 2384 209 op de helft van de waerde bij waer beloopen sien dat ue voor lede reyse voor

3574 739 2473 213 provisie a ƒ21:- p passe ingebroght heeft dat oock veel was hope wi nu conpd

3565 863 2446 231 weren sal dat het van cleque importantie is qeien ceupint 9 dat d'avoir

3518 990 2476 208 de provisie wat verminderen ult sal tegen suturdagh toecomende een

3574 1090 2447 186 pack tijken gereedt hebben om te vevesenden suponern nmet gepresseert

3573 1173 2411 216 moet sijn  datter shepen gereedt liggen om te laden gelieft de opost

3559 1273 2409 178 reki op het beeffer mij te laten toecomen g blijve nie er vand: groetenisse

4664 1401 781 185 Ady 2p auyd. 1712

3473 1393 1014 199 Brusserdat Dh. ranc Rousseau

3575 1497 2452 157 ue mij seeraengenaeme van 20 deser wel ontfangen waer op tot antwoorde egge

3569 1634 2448 159 als dat het een abuys is van 5 ackerboom op de notilie aen ue gesonden gestelt

3575 1709 2430 167 heeft N 822 a 24. 23 t: moet sijn 33½ st: aloo den boeck van vercoop naer

3553 1831 2315 163 gesien hebbe g bevonden gelijck ick d' eene heb gehadt aen ue te noteven

3563 1922 2378 178 devoj le den vrijdagh become de rek van s van costem bedragen de samen in

3571 2052 2253 143 wissel gelde sƒ ƒ7528: 4:3- die geexamineert hebbe glevonden de passen

3552 2083 2469 202 N. 156091 307 a 57 st ƒ370: moet sijn ƒ370:10: soo 18:st in sijn prejuiti

3559 2216 2471 136 oock een cleyn erveurtie in onse prejuditie van 1½  voor contante betalinge

3567 2305 2468 186 seght ƒ 115:12:9- moet sijn ƒ113:15:- hebbe den ontfangher van de penihen

3549 2404 2508 177 tglhier daer over gepreken g seght de moyte niet weerdt is davon eene versenderinge

3551 2516 2470 194 te meken et dat maer betalen sonde soo geliecke de facture beloopt waer

3558 2619 2432 188 van hier benevens de copiye die mede eens gelieve naer te sien gebevinden

3565 2740 2454 166 mij op donderdagh toecomende sa laten weeten sal als dan die some betalen

3556 2840 2318 152 daer staet ul de couditien arturile g de coepers & de vreimdelingen te

3575 2933 2278 169 animeren salmen hien laeten gemeten een half per canle voor

3558 3060 2489 159 makclaerdije van al het gene doer hen op dese venditie sal gesoght worde

3537 3132 2393 185 dat niet afgetrocken is nu men seght mij dat sulx is voor den milseelaer

3551 3237 2417 172 diemen tot den incoop impboyeert daer moet ick met siaclerboon over

3568 3344 2471 164 verstaen de 18 casse groenen toie 14 d. sesers thee g: shee boy sijn geladen

3576 3459 2380 122 in theunis voucse waer van het cognopement door s: van costen aen ue

3569 3583 2384 115 toe gesonden is ode 3 resterende passen sijn geladen in soue boude wynen

3562 3635 2417 186 vermils niet gelooggen waren om ooer met vonck te veersenden soo

3562 3733 2359 188 dhr van oftem mij noteert gtoognossement mij toesendit dat ue hier

3578 3831 2476 201 ingesloten oock sal vinden omt daer van te bedienen sijnde beyde dese schipper

3584 3948 2475 154 op 20 deser van ofsende vertrocken ootwjfele niet offt syn voor un gearriveert

3575 4052 2489 152 als ick den thee sal hebben ontfangen sal melief sijn te vernemen hoe we

3552 4127 2423 179 de qualitydt bevindt den thesboy is tot ostende  p pour gemonteert

3576 4228 2421 166 tot ue naeright siackerboom heeft mij niet geschreven wil hopen hij

3580 4329 2477 130 syne devoiren sal doen dat wy daer noch een int rest bjavanceren sullen

3590 4421 2427 104 hij heeft mij wel geseydt dat hij voor ue niet coopen sende als paycke goedt
