8413 4719
2846 1537 204 108 in Ba

1107 1628 1740 216 Know al men by these presents that y

1499 1784 1706 170 of Antwerp in Brabant do make constitue

1100 1884 2101 143 and appoint Sir Thomas Scawen of London, Knight &

1092 2006 2062 138 alderman my true and Lawfull attorney for me in

1107 2086 2096 173 my name and on my behalf to accept the transferens

1111 2188 2087 173 of one thousand Pounds share of interest in the Cappital

1099 2300 1991 175 Stock and funds of the south sea Company in

1088 2413 2122 178 England and further to receive and give reccepts

1113 2532 2062 164 for all premiums and dividents here after to grow

1080 2638 2017 179 du and Payables to me at the said Company

1102 2794 2090 123 for my afore mentioned stock and to do all other

1110 2861 2051 151 acts and things for acting the premises ratifing

1082 2974 2057 166 and confirming all that my said attorney shall

1080 3107 2022 144 do there in by virtue here of in wittness where of

1075 3184 1880 175 I have hereunto set my hand and seal in

1822 3288 1233 185 day of July 1723 new stile

1105 3296 581 173 Antwerp this

2081 3423 1101 179 the tenne day of July in the year

968 3438 887 195 gealed & delivred in the

2077 3546 1089 131 one thouland seven hundred twentie

979 3572 678 158 presence of us two

2086 3656 542 136 three new tile

989 3653 690 145 Wittnesses and me

977 3761 538 177 Potary publickk

2344 3781 771 203 gesegelt met de Wapin

2313 3916 536 141 de chevaleie
