8049 4740
2434 182 758 162 Ady 12 July 1719

558 191 1008 177 Brussel Jan de Broe

700 268 2532 165 Berhope de goede thuys compte Jan Merouf  beminde des

698 351 2536 180 tot geleyde Jan de Booeng. facture, kan de goederen, doern merouf

719 452 2494 218 ujt gesoght oedragende e wissel gelde t118„- waervooren

706 556 2506 192 mij gelieve te crediteren ditto goederen sijn opgepackt, maer mu

706 606 2529 229 wel naer mijnen sin, dog cost niet anders wesen, door de partijeus

657 727 2569 212 diffferente goederen van andere, heden worden de selve geladen

717 823 2495 167 in den Beeertman gemarcht IDD, int toecomende connen

675 890 2582 235 de perpettuanen loor desen prijs ue niet meer geleverd worden

723 1023 2427 213 hebbe aen mijn comptoirr gast al wat gepreetelt, tis mij

709 1110 2496 192 leedt geweest niet thuys was, ben verobligeert geweest voo

687 1177 2441 227 drij dagen uyt de stadt segaen, dog ware voorleden maendag

722 1290 2482 228 cort na den rnoen al thuys, hets voorders van u dit

736 1394 2508 220 voorvallende gelieve te commanderen die naer vrindelyke

753 1553 855 160 groetenisse blijvee

2476 1534 663 220 Adij d. 1719

599 1624 1055 212 London John Batnall

742 1700 2471 160 op P. deser was aen ue: mijnen laesten, waer aen mj gedrage

731 1772 2480 186 sedert geenen van ul ontfanghen, desen tot gelijde kan d'ingeleyde

735 1861 2523 232 facture & Cognossement kan eene bale met so0 jps tijken opgepacke

745 1966 2462 205 in N14. bedragende in wissel gelde, ƒ1105„16 geladen hn

741 2035 2480 223 schip van Fians. moentoet ditto schipper, is soo geloove

751 2141 2483 228 present aen t' seylen  t wijfele niet oft sal voor ontfang

679 2247 2558 188 deser, gearriveert rese mijn vrindt van brugge notteen

752 2344 2504 189 mij, dat ditto seipper door de comisen van conincka Compton

733 2421 2514 203 soo lanck is op gehanden, om datter conous balleu iesyn

726 2574 2526 176 schip geladen waeren & naer soo langen bjt is hij geoblie

740 2660 2342 192 geert geweest de selve te cosse, eer dat sij hem hebbe

764 2744 2484 174 willen laeten vaeren derhalve is sijn lanck verarde men

761 2819 2391 207 een voorvaln daer den super, mijn gerint nochte ick

754 2968 808 163 suilt in hebben

756 2963 2488 263 de linnen sijn al een st oft meer gemonseert, & hebbe bij

777 3060 2433 281 mijn tijck maker geweest, die seyde dat de tijken dieerder

770 3167 2335 233 moeten worden om reden, dat de gaerens oock sterek

768 3286 2476 272 monteren, mij dunckt dattor profijt te doen soude wesen

782 3418 2455 200 met nu conserderabelen partjen op te coopene soudie

778 3489 2420 224 eel: daer toe wel connen raden bij aldien : speculatie

767 3589 2412 262 maeckt, soo verroecke op ontfang deser ud ordre toe te

771 3721 2486 228 senden, sal dan wel sefs naer mijn tijk maher gaen om

770 3783 2329 237 ue wel  can het alderbeste goedt te voorsien, soo

761 3892 2482 219 verstaen soo sijnder hier al die voor hinne rek. tyken

758 3978 2493 309 op roopen, om profijt te doen, dit tot ud: marght blijve

749 4183 1249 182 naer cordiale groetenisse

5287 162 673 166 Adij 14 July 1619

3329 180 1240 158 farnhaut aendrick dueghs

3453 244 2452 170 ul aeng. van gistren del ontfangen, benevens de drij packen

3458 347 2544 218 tuken die den voerman, savonss naer behooren heeft gelevert, hebbe

3477 448 2056 169 ul: gecreditien voor de naps als volght inwisselgede

3614 520 2338 188 40 ps 4 groet root „ 26 snal 14 breede streper a ƒ 7:11 ƒ 324:

5441 631 524 141 „9:1„ 199:-

3647 641 1569 175 20 ps 4 3 segels„ 12 ditto„ 8 ditto

5462 730 500 139 „ 9:19„ 199:-

3629 740 1548 165 20 ps  groot loet, 10 ditto „ 10 ditto

5463 818 483 121 „12480:-

3642 826 1555 207 40 ps t4 3 segels. „ 30 ditto„ 20 ditto

5125 921 875 175 Samen s debe p 119:-

4611 1008 1402 173 af t de contante betaling ƒ 11:18

4461 1115 1560 134 dedt nitto te betalen n wissel gelt ƒ1180:2

3470 1215 2407 131 dat geluve te examineren, & benevens mij sonform sel notteren

3462 1305 2545 143 versoecke dat ue de naeste ruse de ƒ 1180:2: op mij tassigneren

3476 1397 2534 135 niet uyt te stellen, ick twijffele niet, oft sulx sultefbectueren

3482 1454 2392 184 in afwagtinge blijve naer ser Cordiale groet miste

5072 1551 852 191 dy d: 17192

3285 1574 1204 228 Turnhant de wed: Robert

3493 1666 2499 187 ies: aeng. 13 deser vree ontfangen, daer benevens ue assignatie van

3475 1787 2499 203 N1001:18. wissel gelde te betaelen aenderck wanters, die correet

3466 1844 2476 229 wel bevonden hebbe & die waerde aen hem betaelt, sijnde in

3469 1952 2465 234 voldoeninge kan de tijken op 8 desere van ue ontfangen dat soo

3479 2024 2456 245 op mijne soecken genotteert hebbe dersoeckende het selve te

3479 2119 2526 248 doen, derck heeft wel het gelt comen ontfangen, maer de t0

3495 2215 2521 245 lijnvaert noch niet thuys gesonden, ick hebbe ue eveneee

3469 2320 2543 276 daet vooren gecrediteert be weeten 420 lijnwart a 5 ¾ st

3505 2458 2383 251 ƒ 12:1¾ wisselgelt ƒ10„4: bedancke ul voorde genomene

3483 2560 2543 225 moeyte &al ul: goedt tathael als bijas: was is mijn presentie

3475 2638 2554 282 ue aengenaem geweest, & gaerne hebben sondt dat marmaels

3498 2741 2532 241 overcome, soo moet ue sijn logest bij mij oock comen neme

3490 2859 2526 223 als ul hier in antwerpen comp want anders soude soo

3479 2997 2343 184 =staut niet meer resen & genoodtsaeckt sijn, inde

3492 3073 1758 210 herberge met de voerheyden te slap

3503 3101 2455 284 saen wat goeden naem rij samen hebben ontrent de

3480 3254 2537 261 groote affaires die wij doen, & dat ick voor soo groote consirde

3496 3326 2520 252 rable coopen te don geconsirdereert worde de luyden van

3496 3477 2508 201 turnhant die slaen derna om wat te weeten, gelijk den

3469 3554 2507 237 o linden naer het eye die het selden treffen can, sois

3499 3632 2531 270 seker van hem een slechte informane van ue lijvoet

3511 3712 2488 335 Jan tewee hondert stucken bij hin de 100 ps van Goust

3520 3850 2511 274 sueghs daer is iets Jlan dog ich hadde geene gedaghten

3487 3965 2550 255 van eets te coopen ten waere dat wat conde profiterene

3493 4096 2503 230 dat ienwel niet gelackt is & door haere beleeft seydt

3496 4200 2492 240 vrindelijcheyt, & presentatie kan goedt, dat maer eets
