8406 4726
1053 300 2130 128 & on a refuse plus que deux cent subsemptions apres la ploture

1018 389 2319 126 ce matin a huit heure ont at offers 5 pour cent d'avance & a 10 heure

1027 505 2255 121 8  & a ie heure i5  mais avec fondement parler out at ofter

1024 590 2335 136 10 r sur la bourse cependant personn n'a volue vender les directeurs

1015 676 2295 200 desens qu'il y eu a plus que 4' millions pour ceux d'anvers & il faut

1008 791 2221 202 compser que l'an & l'autre l'as mis pour donner de l'emploit

1018 947 2324 153 a son argent & quils ne vendront pas leurs actions si faulement

1027 1080 2153 143 on compte que les actions seront en peu de temps a 25

985 1139 2252 212 d avance ie suis fache que vous aviez si mauvaise auqure

1032 1252 2270 212 stant icy de la ditte comp e j'espere que le bon dieu la donnera

1025 1380 2264 200 la saimte benediction aux interesse & bon successions & huis avec

1023 1481 791 166 offres de mes service

836 1525 842 188 Brusxelles mons: Sansot

2483 1543 825 212 Ady 12 d'aaust e1726

1030 1691 2140 170 J'aij bien receu en son temp celle que vous m'avez fait l'honneur

984 1779 2224 177 de m'escriere le 19 d'avril passé avec avis que vous aviez bien receu

1021 1896 2201 189 ma remise de six cent for de change que ie vous avois fait pour

1026 2022 2223 177 compte de mons: de lannoy de selle aujourd hay j'aj receu ses ordres

1026 2126 2139 186 pour vous remettre pareille some de relief au plutost posible

1031 2236 2163 187 ce pour quoy ie vous envoye cy joint ma traitte d'aujourd huy

1031 2357 2203 197 a six jours de veue a la charge de mons: Stephand. Rousseau

1015 2444 2295 203 pour la some de se peut fb argent de change payable a vre

1036 2556 2246 217 ordre vous: priant de procurer le necessaere & d'en donner avis

1036 2675 1897 230 au predit se de lannoy come a celuy que e dit tres

1033 2789 611 136 parfaittement

847 2869 1163 204 Bruxelles mons: Stephano Rousseau

2535 2889 619 172 Adij 18 ditto 1723

1033 2978 2165 195 depuis mes deux derniere d'hier & d'avanthier rien de vos nouvelle

1036 3143 2126 173 touschant les actions de ne compe des sudes ie ne peu vous

1053 3212 2254 226 marquer d'autre suouvelle si non qu'il y en a beaucoup des ctrangers

1039 3318 2067 210 pour achetter & personne ne veu vendre j'ay vue beaucoups des

1037 3473 2305 159 francois a la bourse on m'at assure que les vendeurs ont peu avoir

1034 3562 2264 185 115 r d'avance cette principalement pour accompagner les deix

1034 3714 2181 163 incluses remises a la charge de mons de foulon de vre ville

1029 3786 2069 200 scavoir l'un a s de vue en argent de change pour ƒ1440:-

1064 3896 825 193 cautre a veul pour

1812 4028 1303 215 E seumbe den apet te hange ƒ 15:8:-

1049 4137 2212 173 vous priant de procurer le requis & agant receu la valleur

1015 4269 2288 177 de m'en donner un petit mot d'aviz a m'en prediter & come

1053 4368 2127 176 mons de Lannoy de lille m'at priez de faire un remise

3562 245 2456 112 au plustes posible a mons: Sansos a bruxelle i'ay pris la liberté de frer a

3566 340 2388 173 presditte some de suerens ƒ3 de change sur vre grace d'aujourd hcy

3570 434 2499 149 a sire jours de veue payable a l'ordre du dit si santot vous priant de faire

3559 574 2388 177 honnsur a me ditte traitte en son temp & me croire que ie suis tres

3569 689 507 139 parfaittement

3460 797 1124 206 Lille mons: de Lannoy de la Haiere

5043 820 770 188 Adij 25 auust 17723

3586 930 2495 236 J'ay bien reccu celle que vous m'avez fait lhhonneur de m'escriere le 12 cour

3561 1005 2430 271 by joint deux remises a la charge de mons: de foulir a bruxelles scavoir

3570 1162 2124 255 un a  de veue portant en argent de change   ƒ1440:-

3549 1253 772 211 un autre a veue de

5416 1348 314 146 „72::-

4502 1454 1254 236 Eusem be enargenrt de change ƒ 15::-

3553 1515 2422 295 dont j'aij fait tous le devoir du monde pour le negotier a vre plus

3558 1684 2384 255 grands avantage, mais ie ne les ay peu faire qua   de vre perse

3540 1828 2396 202 stellement pour vous bien servir ie les ay envoye pour nion compte a

3568 1918 2375 257 bruxelles a ¼  de sorte que ie vous ay predité pour les pres ditte

3576 2064 2495 235 remises en argent de change pour ƒ2508:5 diuo ui sens hie

3578 2184 2493 163 & cncq sols de change & pour satisfaire a vre ordre j'ay envoye a hied

3566 2317 2511 202 un remise de six cent flor de change a mons: sansos intendant de made

3582 2416 2451 191 la prinpisse desenghiere a bruxelles au pair n'agant peu trouver des bones

3570 2569 2485 189 lettres de change avec avance vous priant de me prediter pour les dittes

3573 2638 2054 251 sin sent floite de change & d'avster le tout de conformite

3571 2775 2498 227 nous sommes tres mottifhe que mons. de swijndrecht serive des lestres qui ne sont

3583 2912 2437 192 pas agreable au parins il faut nous rendre justice que vous n'en somes pas

3581 3030 2385 181 la cause & il faut attribuer le tous a son grand age toute, la famile

3585 3093 1773 234 trouvera icy nos compliments & j'ay l'honneeer d'estez

3466 3108 1167 301 Bruxelles mons: Stephans Rousseau

5012 3259 766 188 Adj 19 d'aoust 1723

3588 3306 2394 202 'ay recep celle que vous m'avez donne l'honneur de m'escrire le 14„ib & 7

3583 3378 2477 252 Court p la derniere un remise de sept ens flr argent de change en lettre du

3583 3515 2424 243 12 court a  de datte sirez p mons. charpentier de paris a la charge de mon

3567 3653 2513 207 frere jcan minel melijn qui l'at paye a la presentation de sorte que vous este

3584 3751 2496 236 credite pour la preditte some de ƒ700:- de change au reste les actions de vre

3581 3805 2318 307 comp. des judes sont cone a slordenaire ou les a veadue aujourd huy

3581 3972 2457 262 a 15 pr d'avance ie vous sus bien obige de l'honneur que vous avez

3578 4127 2442 208 fait a ma traitte de ƒ600:- si promtement & ie ve doute pas que

3593 4207 2483 229 mes remises seront payez en son tempt p mons de coulon vous priant

3591 4298 1910 201 de me croire que ie suis en tous occasions tres

3592 4413 465 123 enceremeet
