8358 4706
2634 245 677 132 Adij 31 janu: 1722

881 261 956 113 Turnhardt wed: Jan Ba robert

984 361 2246 143 beyde ul brieven van 5 xber 1720 & 9 deser bij tijde wel ontfangheen

978 430 2330 128 hebbe sedert onse rek. courant gesloten, verhuits van alles vodaen tijt heb

980 535 1820 154 luyker dat mij gesonden hebt, sal uyt ter hant betalen

979 598 2364 200 sancn heeft gedaen gelijck ue mij schrijft dogh hebbe geen goedt genomen

991 683 2356 197 hij heeft selver bij mij geweest &tallen tijden gepresenteert de 4 daeron

980 816 2346 185 wilt ue: dat preferrere stell de goederen iets minder, & dan sal met de

987 893 2264 214 2: te vreden wesen, voorgisteren hebbe een ordre becomen voor

998 987 2226 156 110 stucken, als hier onder genoteert die op sondagh mij gelieve

1010 1113 2214 132 toe te senden, & die 2 a 3 t: p ps minder te stellen, oft sal uk

1004 1222 2254 143 wederom schadelijck sijn, gelijck het ue noch genoech indachtigh is,

992 1313 1948 181 dote tijken afwaghtende bljve naer Cordiale groetenisse

1007 1423 1418 140 „ 60 ¼ groot loot 50 snalle 10 breede

1011 1520 1292 186 „20 ¾ 3 segels. 15 ditto . 5d:

993 1600 1319 184 „ 30 ½3 segels . 28 d. . 60

1036 1775 285 150 110 p1:

988 1866 2330 222 meijonff: dat ue een lappeken van 2 a 3 a 4 ellen van het alder suyper

997 1981 2287 190 fijnste lijnwaet conde becomen al waert van ƒ 3:10 a ƒ4:- het

976 2060 2361 202 fijnste datter oyt gemaeckt an worden, laet het mij weeten sal dan

3079 2171 53 78 ue

2812 2179 459 185 Adij 6 febru

1012 2184 1140 199 ue daer over voorder schrijven

858 2321 949 142 Londen rebecea hamiton & cooste

1019 2343 2313 179 ue aengename van 13 deser s.5. wel ontfanghen & is het doosie met de goude

1002 2447 2355 184 heting mij wel geworden, de selve naer genoegen bevonden & ben benevens de

1000 2540 2380 211 jouff daerover ten uytersten van voldaen, blyvende ue ten hooghtten verobliget

1017 2629 2346 162 voor de goede sorge daerontient genomen, & ue: ick: is daer vooren gegeditut

1028 2736 2361 151 in  £12:13:0 et a 34:10 en gelijck de wissel a cottij was ƒ 134:5½ usin g

1014 2844 2326 142 sal de silvere vrologie mede verwaghten, dogh laette wel beproeven, dat

1029 2967 2348 102 te correet magh gaen, tis beter wat patientie te hebben, om een goede orsloyn

1030 3058 2335 141 te hebben ue ordre voor 110 ps tijlen worrt op het spoedighste voltroest

1021 3136 2361 127 & sal de selve toecomende wesse naer brugge versenden, & soo haest mogelijck

1032 3248 1543 161 de facture & cognossement ue s laten toecomen

1050 3328 2328 180 mijn tijck masser van die clijne strepres, heeft gisteren bij mij gaweest & seght

1042 3441 1567 137 nu wel 50 ps gereedt heeft tot ie goodverno

1056 3480 2281 201 ingesloten ue rekeninge courant waer bij ue is comende p salde ƒ632:11

1056 3641 2233 150 welke gelieve naer te sien, & d'accoort bevindende, confrom te noteren

1041 3683 2277 220 & my bevinden te laten weeten. ick sal op ue niet trecken, om dat de

1056 3786 2259 177 wissel moor ue te schadelijck soude sijn, sijnde heden gedaen als hier

1060 3944 537 129 onder genoteest.

1027 3940 2343 267 gelijck ick de tijken contant betale soo die gelevert worden, & dat in dis bon

1044 4097 2329 184 be tot dat de wissel brieven vervallen, & betaelt worden eertijts plaghte den

1058 4152 2298 229 intrest aen mijne vrinden in ick: te brengen, maer nu hebbe mijn

1073 4264 2279 237 tjck mallers dat op geloyt, & met groote moeyte becomen derhalven

3525 202 2469 141 sij mij daer over ne contenteren, boven dien hebbe het faveur voor contonnt

3528 329 2268 112 gelt, dat altijt de beste tijsen uyt soecken, iets voorders van ue: dett

3523 367 2388 127 voorvallende gelieve te comanderen die met de uyterste genegentijt blijve

5330 467 511 136 Adij 6 febru

3401 479 912 182 Brussel Jan Dauvel de Wener

3534 554 2405 139 ue aengename dan gisteren wel ontfanghen, waer op tot antwoorrt segge

3537 608 2432 178 dat gant geen reden vinde, om eenigh afslagte doen, het profijt is soo wijnig

3529 727 2418 157 dat geen intrest bij te halen is & daer bij den overgrooten langen borgh, ick

3536 856 2414 139 hebbe de assignatie uyt mij selven niet gesonden d heer rousseau hadde mij

3539 917 2475 149 geschreven, dat ue hem versoght hadde, mij te noteren, dat een volle quitantie

3526 1013 2404 150 van voldoeninge soude sendn & daerom hebbe dat gedaen, & vermits ue verl

3509 1116 2490 155 daer mede al gesloten is soo versoecke mijne assignatie te voldoen, dogh op u comoditijt

3540 1217 2408 156 ick hadde aen dheer rousseau wel geschreven dat de negotie quiteren soude

3526 1299 2407 150 dogh ben sedert vercondert van sinnen, & hebbe ove drij dagen noch vrsche

3516 1404 2454 185 gonderen becomen, soo dat over de 200 perpet: present thujs hebbe, waer van

3513 1487 2380 164 il een partje in de vos es, recomandere my altyt en u genagantyt

3519 1612 2253 145 & versoecke aen dandere vrinden te comenieeren dat de negotie sal

3532 1687 2015 175 centinueren, waer mede naer vrindelijcke groetenisse blijve

4052 1800 94 80 n

5383 1741 408 177 Ady 7d

3432 1796 867 164 Turnhout wed: Jan Be robet

3532 1888 2468 152 ue aengename van 5 deser met de 110 stucken tijsen wel ontfanghen, oock bij tijde

4353 1998 70 61 n0

3531 2002 2447 128 duven voorigen brief van 8 deser, de tijken hebbe conform bevonden & nht daer

3546 2063 2455 148 vooren gecrediteert in wissel gelde netts ƒ 998:12. maer ben verwondert dat

3538 2159 2425 163 ue die niet a 3 p ps. lager stelt, sanen presenteert 5: int toecomende

3530 2247 2355 119 moet dat weranderen, want tis cal om beter coop, dat de engelsche vas cuy

3547 2352 2419 165 ue gelieve van dese tomme ten eersten te despeneren want wille emants

3530 2459 1693 143 gelt niet bewaren, sal ul int seort hier verwaghten

3537 2545 2437 126 hebbe het cappessen lijnwaet besien, het is wel fijn, maer met nae sijn puys

3535 2619 2477 148 drij guldens waer ten uytersien genoech voordelle ick moet doij ellen hebben

3543 2719 2305 164 soo maeckt dat die 3 ellen op het noedighste magh hebben, ick sal dat

3553 2812 2462 135 lappetien bij mij houden, om het daer tegens te confronteren dit af waghtende

3545 2936 734 153 blijve naer groetenisse

3551 3026 2067 150 ick sal ul. het impert van het lijnwaet uyter hant betalen

3524 3139 1373 139 de 3 sacken sende met dircke terugge

5433 3097 404 177 Ady 2d

3445 3217 758 165 bergen Carel albert laigle

3546 3318 2446 148 J'aij l'honneur de la vre du 3 courant, p le messagier jonard, pp la quelle vous me

3523 3443 2499 123 mande 2ps. de perpet: sans envoyer de largent, pour les parties precedantes, il

3536 3511 2394 149 faut sc avoir mons., qu'il faut premierement payer le vieu & aprez crediter

3549 3618 2375 130 le nouveau, considerez, la partie du 5 may 1718 pros de trois anne passe

3558 3717 2431 127 n'ett pas encor satisfait, & encor moins celle du 23 mars 1729, dont il me

3560 3790 2434 122 reviend pour salde du dits parties ƒ180:16 de change, quand vre grace aura

3544 3883 2471 124 sortisfait la somme mentione ie vous envoyeray les 2 ps perpet: que vous me

3565 3994 2400 139 mande, & davantage, si vous voule. ie perd plustoit aprez vous, que ie ne

3555 4098 2419 139 profiderois, p le long credit. ie n'aij point des drogets d'engletterre d ie seray

3566 4209 2385 105 en attente que vre grace m'envoyera les ƒ280:16 & vre ordre pour

3565 4301 1832 131 la marchandise ie suis avec offres de mes services
