8097 4761
777 224 2398 127 soo het mogelijck is., waer mede naertordeale groetnisse

763 272 414 162 blijven

605 336 1338 230 Cortrijck dheys P:P: Grant grijsser

2556 357 706 187 Adij 25 aug. 1719

777 476 2501 146 ul: aeng. kan 23 deser wel ontfanghen, & laer op tot antwoort

796 621 2428 146 aes dat het redelijck als dat ules mij remises sont op rest

755 663 2502 206 &de Riest sal dan liever over compste, in d'eerste weeke van

781 769 2485 187 october, toecomende af waghten, ick hebbe oock al gelt van

697 848 2449 184 doen, om mijne sculdens te betaelen, derhalve salt mij

787 966 2442 212 aeng. sijn ull remises te ontfanghen waer mede naer

728 1074 2324 246 denst presentatie blijve E groeto us dan herten

2557 1197 626 202 Adij 26d: 1119

570 1235 1369 201 London Rebecca Hamilton & son

796 1298 2450 191 ue: aeng. Jan 3 deser 63. wel ontfanghen daer beneevens ordre voor

791 1430 2476 207 95 ps. tijken waer onder 25gus blauw en wet a 15 pd. roodt wie

784 1523 2459 201 lijne Strepiet, die niet gemaeckt sijn, dog mijn beste maken

796 1644 2377 148 heeft de blance & wit opt getaend gestelt, hebbe noch 12 ges

796 1744 2438 144 goods a wit becomen, & du met de 55ps. ord: sin alle st repen

776 1831 2400 176 versonden naer Brugge, wagtende alleenelijk naer de

817 1890 2406 198 oncost rek. om u de cacture toe te senden, trdat as: gelieft

803 1991 2374 227 te scrijven, dat de andere hunne goederen beter coop becomen

821 2091 2357 232 als ul can onmogelijk niet sijn, hetmits wel verschen

811 2215 2439 198 ben, dat andere incoopers de bijken niet becomen soo goeden

817 2279 2356 270 coop, als ick, & vreese dat de tijken soo goeden coop nin meer

824 2400 2398 218 becomen sal om dat de makers seggen, voor den ouder prijs

828 2497 2412 208 niet meer maken sinnen door den op lagraude gaerens

788 2601 2436 234 & die martin beginnen hant int eijnde blande tbecomende

826 2699 2277 243 maent, soo de tijnen die nu noch gemaeckt worden

790 2843 2415 222 sijn hande gaeren dan voorlede jaer ingekoght, daerom

787 2893 2429 260 hebbe die voor den auden prijs, hoe het sig voorders sercken

804 3094 1142 205 sal, moet den tijdt leeren

829 3101 2387 258 op ontfang bij ul. brief ben byj s: P: vandiest gegaen & hem

795 3228 2437 251 gesijdt, dat de ges 2 s£149:- opleggen soude, derhalve

803 3329 2456 259 heeft mij versehert die brief voldoen sal de moyte is tot

839 3420 2330 257 us dienste, maer p morgan doet niet wel, ick hadde sijn

817 3521 2394 289 pack wel connen vercoopen voorden prijs gelijk hy het

819 3641 2456 240 aen & an dien heeft gelaren, & met volle reelten comgt

815 3712 2412 307 mij die provisie toe voor ben altijdt ben dienste gratie

799 3840 2463 247 maen voor reinde niet, soo als ue: die provisie conde

806 3916 2457 318 becomen, soude mij aengewesen nimant sal voor vrende

828 4008 2439 286 om nmets arcbijden van het import dandie bale sarges

845 4113 2444 314 compt my 2B toe soude sijn £2:7: de terwijlen

833 4267 2446 197 ue soo obligant is van mede uu dnt aen mij te presenten

3509 125 2481 158 de bidde de gothed  hebben dan cens sinformeren naerde

3494 218 2403 162 orderse pertoonen ofte die noch intleven sijn, ofte hunne

3503 300 2456 187 nacomelinghen, mijn vader saleger, heeft groote affaires met

3462 344 2563 286 hen gedaen tot het jaer 761 inclusiwe. soude gaerne met hun

3456 450 2553 244 de negoue traghten te watten, oock vrenste te weeten, wie

3499 536 2521 307 acostij de groosste negotianten sijn in tijken, excusiert dese

3499 640 2516 266 mijne importanitijdt, sal altijdt mede berydt sijn ue dinsng

3496 767 2517 265 te mogen wesen, dersoecke ue ordre voort gene soudt geeven

3503 843 2466 286 om met de 25 ps tijken cclijne trepies bland & ont te

3508 961 2368 285 ver sonden  gelieve mij te remitteren t sal voor al

3496 1096 2498 287 profitabelder sijn, swaer mede naer cordiale groetenisse

3486 1322 337 148 blijve

3566 1349 1016 228 ad neer Bill Stovers

3622 1447 1170 209 dh thormas Sirlaime

3627 1554 1206 183 dh nathan spinlar

3622 1648 1156 210 dh. Edwabd milles

4785 1638 1181 198 met dese twel oft mijn

3633 1761 1107 206 dhr. Pamuel blewis

3494 1790 1593 276 vader groot affanes gedaen

3511 1969 2476 250 B. naert seryien deses become d'oncost rek.  cognossement van

3506 2057 2521 233 het pack tijhen met hips, waer van hier ingesloten facture dan

3500 2130 2516 270 de Baele bedragende in wisselgedde, ƒ741:18. sijnde gemarcht

3509 2236 2476 310 NMG. geladen inkucas Aroobant die gistren van Brugge

3523 2367 2482 239 naer ostende is gevaerenn om van daer met den eersten goeden

3496 2439 2510 277 wint naer London te zeylen godt gelijde hem in salvo

3497 2525 2455 281 & laete dese goederen w wel gecondationeert ter hant

3529 2663 2483 231 comen  referrere mij aent voor  & blijve alsvooren

5261 2791 768 230 Adj 2 baud 179

3314 2832 1454 302 London John S.herman& son

3521 2945 2514 222 op 23 deser was aen ue mijnen laesten waer aen mij gedrage

3504 3089 2397 197 desen alleen, oom ue t'adviseren, als dat neden, op ue

3516 3151 2495 258 getrocken hebbe, op 2 usos ss£ 44:13:6 en te betaelen den

3498 3278 2535 226 d'ordre Jan Jan Prancois Willens Juenier genegoieert a 35p

3500 3401 2516 259 bedragende de netto somme van het pack tijken met d

3531 3463 2461 303 preusi is daer vooren gecrediteert in ƒ 473:18¼ versoeckende

3515 3571 2508 257 alle dere aen mijne traiste te doen, & mijn naeste heftad

3522 3653 2509 273 advies e verwaghten vande turnhausse lirnes als mede

5850 3811 201 115 bat

3526 3833 1395 225 vande erd: Sroepen Jan tijken

3511 3857 2536 258 hebbe heden advies become van Brugge, dat lucas stroo

3518 3997 2517 199 invriens schip ue pack tijken is geladen gistren kan bregge

3520 4089 2516 203 naer ost ende is vertrocken, om met den tersten Cavorabelen

3513 4202 2418 210 went naer costy te leylen. godt geleyde hem in salvo

3528 4287 2525 167 & laete die Bale ue: wel geconditioneert gewordenn dit sijnde het
