8104 4754
787 194 2411 123 sende, die ue aggreerende geleve te laten weeten van dit

794 261 2346 192 goederen is onmogelijk te laten comen, oock ontrent de

781 354 2464 185 perpett. want gelijk ul genoechsaem ondervinde, dat de

759 458 2516 176 loorten altydt de selve qualitij et sijn niet terminders poce

777 589 2464 149 vermeerdert & die costen nu 3 a 4 p st op het stuck meer

794 667 2472 162 soo laete ue: conserdereren oft het wel doenelijk is, daer sijn

820 736 2389 197 eendge stucken tot ceepwit, die te gens saturdag sullen

789 843 2477 245 gereedt vresen, aengaende het groen perpett. mijdunckt

815 1016 2452 171 dat ue dat wee voor mijne rek soude laken, dat immens

804 1105 2456 167 een onredelijtie laeke soude wesen vermits ick noyt geen

783 1165 2473 277 groen perpett. verkoght hebbe & dit stuck is op u8: versoeg

769 1278 2512 270 & ordre geverft, & hebbe daer niet anders als mey te mede

807 1443 2460 211 gehadt, ot het couleur niet naer ue gevallen gesuece

802 1508 2465 238 daert, rel dat is ommers mijn seult niet, ick weete daer

824 1627 2404 223 niet mede myte rechten, hebbende noyt vrage gehadt

782 1739 2396 244 Voor groene purpelt: derhalve twijfele niet oftase

802 1848 2435 238 sal dat op sig handen e& can ue noch deenst doen

817 1960 2309 243 om een ander coulleur te lat in verven salt met

803 2096 2319 265 plaitier doen, ingesloten de facture van de 33 ps

793 2237 2411 199 sarget die heden p Beurtschip u: toesende, strae

791 2308 2451 252 blijve in afwaghinge kan het staelboeckie ofers

782 2446 2319 281 berugge benevens ordre & groete ud van herten

2483 2601 715 238 Adij 6 gber 1719

618 2618 1404 248 Aton Will Sam lewis

817 2746 2451 186 u aeng. Van  pas wel ontfanghen daer benevere pactun

800 2912 2461 142 van de Bale N.24 met 8apr sarges daer op getrocken 6i

799 2970 2289 201 pps tot voldoeninge blande pretentie lander soopr

823 3050 2414 182 monterende niits £140:- 3 het is mij onmogelijck de

823 3175 2413 202 negotie de continueren, can geen intrest van 3 pb daer by

808 3264 2257 209 shalen & dan moete noch een jaer borgh uytstaen

821 3270 2445 328 godt wil geven, dat me betere eijden mogen belever

817 3434 2406 265 ick twijfele niet, oft geheel engelant wort genoet

806 3551 2360 251 geraen, hoe dat de gesteltenesse vande negon

796 3670 2477 267 principael de wolle manifacturee de engelse la hans

793 3768 2487 284 sijn als uytgebannen, de sarges geen ingrater coopmans

807 3873 2476 244 schap, groeten borg, groeten hisies voor banqueroet in

830 3995 2455 239 wijncg debut geen profijt, can godt dank. sublisteren

826 4082 2440 217 sonder de selve naer alle apparentie mache staet die

816 4201 2451 231 be quitteren die met de large negone hanne famelie

841 4320 2432 167 moeten maintineeren sijn te betlagen, ingeslote remittere

3513 124 2513 195 18d ƒ6: ƒ t0: 1: st ee e dere sehenherman de e que e mi ie

3495 243 2373 182 daer vooren het noodig geleve te desorgen  den

3512 336 2396 224 ontfang te adveseren sijnde tot voldoeninge dande

3466 410 2535 252 voors Bale  van alles tot heden bedancke ue hertelij k

3502 499 2474 264 voor alle presentatien van deenst, het waer te wensen

3477 660 2478 209 die te passe conde comen soo ue van gelijcken denst can

3479 727 2544 258 doen geluve te commanderen &oft ue speeulane machte

3502 813 2540 300 van een Bale, oft twie voor  rek te senden, geassorteee

3502 950 2463 274 als N.24 sal altijdt tot ul dienst wesen, dog soude niet

3474 1109 2417 228 hooger connen, oft mogen comen als tot 35: 687 raer

3508 1264 607 186 onde lijve

3317 1255 2700 369 Brussel B. de weddh. bBaremans Ady 6 gbrir9

3503 1433 2525 234 soo aen stonts verneme, dat de vaert sonder water is, soo

3394 1560 2636 235 dat geen schepen naer jostj conen comen, derhalve

3467 1652 2564 269 hebbe de Baele hier gehoaden, tot dat de vaert navi

3481 1849 832 249 gobet sal sijn

5239 1903 707 236 Adij 8d 1719

3341 1970 1266 274 Aningsbergen T:h: felbinger

3510 2057 2477 241 as. aeng. kan Niulij laest op sijn tijdt wel ontfangehen

3504 2203 2529 215 daer benevens onost Rek. over het wat was uyt schipper

3501 2272 2520 264 swaen genomen, beloopende ƒ 58:0 poslj dat wat hoogh

3498 2383 2387 308 beloopt, echter hebbe ue daer vooren gecrediteert grieet

3504 2462 2546 319 aengeet den tol inde sont, aen ditto swaer betaelt moet

3500 2599 2529 260 hij wedergeven, & dat us doorden vrint van d heer Pras aen

3505 2676 2539 315 hem goedt gedaen derhalve tis ul. devoir daer mede voor

3496 2816 2538 309 tesorghen, & mij daer vooren te crediteren, de twe vaten

3496 2958 2471 327 borsrels hebbe wel gecondet ioneert ontfanghen dog staen

3532 3075 2505 263 als steenen, geen debet, oock hebbe alle den wagnoch

3509 3195 2502 287 bij die vs dit jaer hier laeger verhoght geweest, als de

3475 3258 2574 351 mij cost, soo dat het in alles sleght laet aen sienwermitt

3514 3403 2471 265 met gesint ben dat iaer, iets meer te ontbieden, soo

3508 3507 2497 309 versoecke op ontfang deser, mijn rek. courant

3494 3624 2513 322 toe te senden, om de selve te sluyten, & mij daerinne

3500 3762 2470 264 te crediteren, voorden tot inde soudt, van schippers

3512 3858 2532 335 sndaen, ul messiue afwagtende blijve naer sorde als

3510 4102 600 224 groetenisten
