<?xml version="1.0" encoding="UTF-8"?>
<alto xmlns:xsi="http://www.w3.org/2001/XMLSchema-instance"
      xmlns="http://www.loc.gov/standards/alto/ns-v4#"
      xmlns:page="http://schema.primaresearch.org/PAGE/gts/pagecontent/2013-07-15"
      xsi:schemaLocation="http://www.loc.gov/standards/alto/ns-v4# https://www.loc.gov/standards/alto/v4/alto.xsd">
   <Description>
      <MeasurementUnit>pixel</MeasurementUnit>
      <OCRProcessing ID="IdOcr">
         <ocrProcessingStep>
            <processingDateTime>2022-02-11T21:40:35.524+01:00</processingDateTime>
            <processingSoftware>
               <softwareCreator>READ COOP</softwareCreator>
               <softwareName>Transkribus</softwareName>
            </processingSoftware>
         </ocrProcessingStep>
      </OCRProcessing>
   </Description>
   <Layout>
      <Page ID="Page1" PHYSICAL_IMG_NR="1" HEIGHT="4719" WIDTH="8406">
         <TopMargin HEIGHT="0" WIDTH="8406" VPOS="0" HPOS="0"/>
         <LeftMargin HEIGHT="4719" WIDTH="0" VPOS="0" HPOS="0"/>
         <RightMargin HEIGHT="4719" WIDTH="0" VPOS="0" HPOS="8406"/>
         <BottomMargin HEIGHT="0" WIDTH="8406" VPOS="4719" HPOS="0"/>
         <PrintSpace HEIGHT="4719" WIDTH="8406" VPOS="0" HPOS="0">
            <TextBlock ID="region_1644521291031_1324"
                       HEIGHT="4299"
                       WIDTH="2551"
                       VPOS="231"
                       HPOS="785">
               <Shape>
                  <Polygon POINTS="785,231 3336,231 3336,4530 785,4530"/>
               </Shape>
               <TextLine ID="region_1644521291031_1324l1"
                         BASELINE="1074,352 1184,352 1294,354 1404,354 1515,354 1625,354 1735,354 1846,356 1956,356 2066,356 2177,356 2287,356 2397,356 2507,356 2618,358 2728,358 2838,358 2949,360 3059,360 3169,362 3280,364"
                         HEIGHT="174"
                         WIDTH="2237"
                         VPOS="260"
                         HPOS="1059">
                  <String ID="string_region_1644521291031_1324l1"
                          HEIGHT="174"
                          WIDTH="2237"
                          VPOS="260"
                          HPOS="1059"
                          CONTENT="op mijn rek staen daer 24 vaer van N. 69 die bevonden hebbe light bruyn"/>
               </TextLine>
               <TextLine ID="region_1644521291031_1324l2"
                         BASELINE="1070,442 1178,444 1286,444 1395,446 1503,446 1612,448 1720,450 1828,450 1937,452 2045,452 2154,454 2262,454 2370,454 2479,454 2587,454 2696,454 2804,452 2912,452 3021,450 3129,448 3238,444"
                         HEIGHT="127"
                         WIDTH="2198"
                         VPOS="380"
                         HPOS="1056">
                  <String ID="string_region_1644521291031_1324l2"
                          HEIGHT="127"
                          WIDTH="2198"
                          VPOS="380"
                          HPOS="1056"
                          CONTENT="gelijck van ue versoght hebbe &amp; danden ut paek un pl vook mijn broeder"/>
               </TextLine>
               <TextLine ID="region_1644521291031_1324l3"
                         BASELINE="1018,532 1133,534 1249,535 1365,536 1480,538 1596,540 1712,540 1827,542 1943,542 2059,544 2175,544 2290,544 2406,544 2522,544 2637,542 2753,542 2869,540 2984,537 3100,534 3216,532 3332,528"
                         HEIGHT="128"
                         WIDTH="2345"
                         VPOS="468"
                         HPOS="1002">
                  <String ID="string_region_1644521291031_1324l3"
                          HEIGHT="128"
                          WIDTH="2345"
                          VPOS="468"
                          HPOS="1002"
                          CONTENT="syn van het bruynste brujn quiaer i4 paer n plaetse van  paer soo datter voor"/>
               </TextLine>
               <TextLine ID="region_1644521291031_1324l4"
                         BASELINE="1028,614 1143,619 1258,622 1373,626 1488,628 1603,630 1718,632 1833,632 1948,634 2063,634 2178,632 2293,632 2408,632 2523,630 2638,628 2753,627 2868,626 2983,624 3098,622 3213,620 3328,618"
                         HEIGHT="157"
                         WIDTH="2332"
                         VPOS="545"
                         HPOS="1012">
                  <String ID="string_region_1644521291031_1324l4"
                          HEIGHT="157"
                          WIDTH="2332"
                          VPOS="545"
                          HPOS="1012"
                          CONTENT="hem 24 paesse cort sijn wille niet tewijfelen oft ue dat abujs sal uyt vinden"/>
               </TextLine>
               <TextLine ID="region_1644521291031_1324l5"
                         BASELINE="1070,710 1124,712 1178,714 1233,714 1287,716 1342,718 1396,718 1450,720 1505,720 1559,720 1614,722 1668,722 1722,722 1777,722 1831,722 1886,722 1940,722 1994,720 2049,720 2103,720 2158,718"
                         HEIGHT="161"
                         WIDTH="1119"
                         VPOS="634"
                         HPOS="1055">
                  <String ID="string_region_1644521291031_1324l5"
                          HEIGHT="161"
                          WIDTH="1119"
                          VPOS="634"
                          HPOS="1055"
                          CONTENT="mijne reke beloopt in wisselgelde"/>
               </TextLine>
               <TextLine ID="region_1644521291031_1324l6"
                         BASELINE="2848,728 2873,728 2899,727 2925,726 2951,726 2976,726 3002,726 3028,726 3054,726 3079,726 3105,726 3131,726 3157,726 3182,726 3208,726 3234,726 3260,726"
                         HEIGHT="148"
                         WIDTH="444"
                         VPOS="635"
                         HPOS="2832">
                  <String ID="string_region_1644521291031_1324l6"
                          HEIGHT="148"
                          WIDTH="444"
                          VPOS="635"
                          HPOS="2832"
                          CONTENT="ƒ167:16"/>
               </TextLine>
               <TextLine ID="region_1644521291031_1324l7"
                         BASELINE="1072,818 1113,818 1155,816 1197,816 1238,816 1280,817 1322,818 1363,818 1405,818 1447,820 1489,820 1530,821 1572,822 1614,822 1655,824 1697,825 1739,826 1780,826 1822,828 1864,828 1906,828"
                         HEIGHT="158"
                         WIDTH="867"
                         VPOS="721"
                         HPOS="1056">
                  <String ID="string_region_1644521291031_1324l7"
                          HEIGHT="158"
                          WIDTH="867"
                          VPOS="721"
                          HPOS="1056"
                          CONTENT="ghet stuck pouspau d'amast"/>
               </TextLine>
               <TextLine ID="region_1644521291031_1324l8"
                         BASELINE="2830,834 2856,834 2883,834 2909,834 2936,834 2962,834 2989,836 3015,836 3042,836 3068,836 3095,835 3122,834"
                         HEIGHT="126"
                         WIDTH="322"
                         VPOS="757"
                         HPOS="2815">
                  <String ID="string_region_1644521291031_1324l8"
                          HEIGHT="126"
                          WIDTH="322"
                          VPOS="757"
                          HPOS="2815"
                          CONTENT="„40:-"/>
               </TextLine>
               <TextLine ID="region_1644521291031_1324l9"
                         BASELINE="2232,966 2283,968 2334,968 2385,968 2436,968 2487,968 2538,968 2589,970 2640,970 2691,970 2743,970 2794,970 2845,970 2896,970 2947,970 2998,970 3049,970 3100,970 3151,970 3202,970 3254,970"
                         HEIGHT="184"
                         WIDTH="1055"
                         VPOS="854"
                         HPOS="2216">
                  <String ID="string_region_1644521291031_1324l9"
                          HEIGHT="184"
                          WIDTH="1055"
                          VPOS="854"
                          HPOS="2216"
                          CONTENT="es samen menpegde ƒ587:16:-"/>
               </TextLine>
               <TextLine ID="region_1644521291031_1324l10"
                         BASELINE="2048,990 2072,990"
                         HEIGHT="110"
                         WIDTH="55"
                         VPOS="926"
                         HPOS="2032">
                  <String ID="string_region_1644521291031_1324l10"
                          HEIGHT="110"
                          WIDTH="55"
                          VPOS="926"
                          HPOS="2032"
                          CONTENT="5"/>
               </TextLine>
               <TextLine ID="region_1644521291031_1324l11"
                         BASELINE="1566,1038 1591,1038 1616,1038 1641,1039 1666,1040 1692,1040 1717,1042 1742,1042 1767,1042 1792,1043 1818,1044 1843,1044 1868,1046 1893,1046 1918,1046 1944,1047 1969,1048 1994,1048 2019,1048 2044,1048 2070,1048"
                         HEIGHT="159"
                         WIDTH="536"
                         VPOS="937"
                         HPOS="1549">
                  <String ID="string_region_1644521291031_1324l11"
                          HEIGHT="159"
                          WIDTH="536"
                          VPOS="937"
                          HPOS="1549"
                          CONTENT="voor mijn broeder"/>
               </TextLine>
               <TextLine ID="region_1644521291031_1324l12"
                         BASELINE="1066,1132 1146,1136 1227,1137 1307,1138 1388,1138 1469,1140 1549,1140 1630,1138 1710,1138 1791,1138 1872,1138 1952,1138 2033,1136 2113,1136 2194,1136 2275,1136 2355,1138 2436,1139 2516,1142 2597,1143 2678,1146"
                         HEIGHT="187"
                         WIDTH="1641"
                         VPOS="1027"
                         HPOS="1052">
                  <String ID="string_region_1644521291031_1324l12"
                          HEIGHT="187"
                          WIDTH="1641"
                          VPOS="1027"
                          HPOS="1052"
                          CONTENT="N. b9n 5t pact costij goedt a 32 p: p pack ƒ86:6:-"/>
               </TextLine>
               <TextLine ID="region_1644521291031_1324l13"
                         BASELINE="1180,1236 1256,1240 1332,1242 1408,1244 1484,1244 1560,1244 1636,1244 1712,1242 1788,1240 1864,1239 1941,1236 2017,1236 2093,1233 2169,1232 2245,1229 2321,1227 2397,1226 2473,1225 2549,1224 2625,1224 2702,1226"
                         HEIGHT="147"
                         WIDTH="1553"
                         VPOS="1169"
                         HPOS="1164">
                  <String ID="string_region_1644521291031_1324l13"
                          HEIGHT="147"
                          WIDTH="1553"
                          VPOS="1169"
                          HPOS="1164"
                          CONTENT="72„ 24 paer Choeolael goedt a 55 p pae„ 42:-"/>
               </TextLine>
               <TextLine ID="region_1644521291031_1324l14"
                         BASELINE="2300,1330 2326,1330 2352,1330 2379,1328 2405,1328 2431,1326 2458,1326 2484,1324 2511,1324 2537,1322 2563,1322 2590,1324 2616,1325 2642,1327 2669,1333 2695,1338 2722,1344"
                         HEIGHT="184"
                         WIDTH="454"
                         VPOS="1223"
                         HPOS="2283">
                  <String ID="string_region_1644521291031_1324l14"
                          HEIGHT="184"
                          WIDTH="454"
                          VPOS="1223"
                          HPOS="2283"
                          CONTENT="ƒ 128:8:"/>
               </TextLine>
               <TextLine ID="region_1644521291031_1324l15"
                         BASELINE="2746,1350 2771,1357 2796,1362 2821,1368 2846,1370 2872,1371 2897,1373 2922,1374 2947,1373 2973,1372 2998,1370 3023,1367 3048,1365 3073,1362 3099,1360 3124,1360 3149,1357 3174,1356 3200,1356"
                         HEIGHT="123"
                         WIDTH="487"
                         VPOS="1273"
                         HPOS="2729">
                  <String ID="string_region_1644521291031_1324l15"
                          HEIGHT="123"
                          WIDTH="487"
                          VPOS="1273"
                          HPOS="2729"
                          CONTENT=".„ 139:19:-"/>
               </TextLine>
               <TextLine ID="region_1644521291031_1324l16"
                         BASELINE="2430,1410 2456,1410 2483,1408 2510,1407 2537,1406 2564,1406 2591,1405 2618,1404 2645,1404 2672,1403 2699,1402 2726,1402"
                         HEIGHT="110"
                         WIDTH="329"
                         VPOS="1341"
                         HPOS="2414">
                  <String ID="string_region_1644521291031_1324l16"
                          HEIGHT="110"
                          WIDTH="329"
                          VPOS="1341"
                          HPOS="2414"
                          CONTENT="44:11:-"/>
               </TextLine>
               <TextLine ID="region_1644521291031_1324l17"
                         BASELINE="1098,1430 1151,1430 1205,1432 1258,1432 1312,1434 1366,1434 1419,1434 1473,1436 1526,1436 1580,1436 1634,1438 1687,1438 1741,1438 1794,1438 1848,1438 1902,1437 1955,1436 2009,1436 2062,1436 2116,1434 2170,1434"
                         HEIGHT="202"
                         WIDTH="1104"
                         VPOS="1305"
                         HPOS="1081">
                  <String ID="string_region_1644521291031_1324l17"
                          HEIGHT="202"
                          WIDTH="1104"
                          VPOS="1305"
                          HPOS="1081"
                          CONTENT="voor de masestedt reghten a9 or tolvoij"/>
               </TextLine>
               <TextLine ID="region_1644521291031_1324l18"
                         BASELINE="2158,1572 2210,1570 2263,1568 2316,1566 2368,1563 2421,1562 2474,1559 2526,1558 2579,1556 2632,1554 2685,1552 2737,1551 2790,1549 2843,1548 2895,1547 2948,1544 3001,1544 3053,1542 3106,1540 3159,1538 3212,1536"
                         HEIGHT="199"
                         WIDTH="1088"
                         VPOS="1441"
                         HPOS="2141">
                  <String ID="string_region_1644521291031_1324l18"
                          HEIGHT="199"
                          WIDTH="1088"
                          VPOS="1441"
                          HPOS="2141"
                          CONTENT="eus comt saemen ƒ 667:15:-"/>
               </TextLine>
               <TextLine ID="region_1644521291031_1324l19"
                         BASELINE="1090,1674 1196,1679 1303,1684 1410,1686 1516,1690 1623,1692 1730,1694 1836,1694 1943,1694 2050,1696 2157,1694 2263,1694 2370,1694 2477,1694 2583,1692 2690,1692 2797,1691 2903,1690 3010,1690 3117,1690 3224,1690"
                         HEIGHT="178"
                         WIDTH="2164"
                         VPOS="1553"
                         HPOS="1076">
                  <String ID="string_region_1644521291031_1324l19"
                          HEIGHT="178"
                          WIDTH="2164"
                          VPOS="1553"
                          HPOS="1076"
                          CONTENT="ue heeft vergeeten de spoel connen van N 24 te weeten 2 derde porte"/>
               </TextLine>
               <TextLine ID="region_1644521291031_1324l20"
                         BASELINE="1058,1780 1166,1784 1275,1786 1384,1787 1493,1788 1602,1790 1710,1790 1819,1790 1928,1790 2037,1790 2146,1790 2254,1790 2363,1788 2472,1788 2581,1786 2690,1786 2798,1784 2907,1782 3016,1780 3125,1778 3234,1776"
                         HEIGHT="129"
                         WIDTH="2206"
                         VPOS="1704"
                         HPOS="1042">
                  <String ID="string_region_1644521291031_1324l20"
                          HEIGHT="129"
                          WIDTH="2206"
                          VPOS="1704"
                          HPOS="1042"
                          CONTENT="ge vierde soorte gboven al de 200 stucken pleyne stelseltiens blougwit"/>
               </TextLine>
               <TextLine ID="region_1644521291031_1324l21"
                         BASELINE="1070,1868 1181,1870 1293,1872 1405,1874 1517,1876 1629,1878 1741,1880 1853,1880 1965,1880 2077,1882 2189,1882 2300,1880 2412,1880 2524,1880 2636,1878 2748,1876 2860,1874 2972,1871 3084,1868 3196,1864 3308,1860"
                         HEIGHT="157"
                         WIDTH="2268"
                         VPOS="1792"
                         HPOS="1056">
                  <String ID="string_region_1644521291031_1324l21"
                          HEIGHT="157"
                          WIDTH="2268"
                          VPOS="1792"
                          HPOS="1056"
                          CONTENT="die oock op mijn memonie staen &amp; die aen ue alderlieftte soo gerecomandeert"/>
               </TextLine>
               <TextLine ID="region_1644521291031_1324l22"
                         BASELINE="1082,1962 1193,1966 1305,1968 1417,1970 1529,1970 1641,1972 1753,1972 1865,1974 1977,1974 2089,1974 2201,1974 2312,1974 2424,1972 2536,1972 2648,1970 2760,1970 2872,1968 2984,1968 3096,1966 3208,1964 3320,1964"
                         HEIGHT="104"
                         WIDTH="2270"
                         VPOS="1888"
                         HPOS="1066">
                  <String ID="string_region_1644521291031_1324l22"
                          HEIGHT="104"
                          WIDTH="2270"
                          VPOS="1888"
                          HPOS="1066"
                          CONTENT="hadde om dat die tuschen het postelijn wel siveren hebbe aen d'hl oogels noch"/>
               </TextLine>
               <TextLine ID="region_1644521291031_1324l23"
                         BASELINE="1096,2056 1207,2058 1319,2060 1430,2062 1542,2064 1653,2064 1765,2064 1876,2064 1988,2064 2099,2062 2211,2062 2322,2062 2434,2060 2545,2060 2657,2060 2768,2060 2880,2060 2991,2060 3103,2062 3214,2062 3326,2064"
                         HEIGHT="122"
                         WIDTH="2259"
                         VPOS="2011"
                         HPOS="1082">
                  <String ID="string_region_1644521291031_1324l23"
                          HEIGHT="122"
                          WIDTH="2259"
                          VPOS="2011"
                          HPOS="1082"
                          CONTENT="met betaelt om het voors erreue gewenste ue mij een andere concese facture"/>
               </TextLine>
               <TextLine ID="region_1644521291031_1324l24"
                         BASELINE="1066,2154 1176,2156 1287,2156 1398,2156 1508,2156 1619,2154 1730,2154 1840,2154 1951,2152 2062,2152 2173,2150 2283,2150 2394,2149 2505,2148 2615,2148 2726,2148 2837,2148 2947,2148 3058,2148 3169,2148 3280,2150"
                         HEIGHT="159"
                         WIDTH="2243"
                         VPOS="2070"
                         HPOS="1052">
                  <String ID="string_region_1644521291031_1324l24"
                          HEIGHT="159"
                          WIDTH="2243"
                          VPOS="2070"
                          HPOS="1052"
                          CONTENT="geliefte toe te senden 9 soo ul de goetheydt soude willen hebben van mij noch de"/>
               </TextLine>
               <TextLine ID="region_1644521291031_1324l25"
                         BASELINE="1094,2248 1202,2249 1311,2250 1420,2252 1529,2252 1638,2254 1746,2254 1855,2254 1964,2254 2073,2254 2182,2254 2290,2254 2399,2252 2508,2251 2617,2250 2726,2248 2834,2246 2943,2244 3052,2242 3161,2238 3270,2236"
                         HEIGHT="150"
                         WIDTH="2207"
                         VPOS="2160"
                         HPOS="1078">
                  <String ID="string_region_1644521291031_1324l25"
                          HEIGHT="150"
                          WIDTH="2207"
                          VPOS="2160"
                          HPOS="1078"
                          CONTENT="200 stelseltijens toe te senden gelieft die facture dan daer mede te belaesten "/>
               </TextLine>
               <TextLine ID="region_1644521291031_1324l26"
                         BASELINE="1088,2342 1197,2344 1307,2346 1416,2348 1526,2348 1636,2350 1745,2350 1855,2352 1964,2352 2074,2352 2184,2352 2293,2352 2403,2352 2512,2352 2622,2352 2732,2352 2841,2352 2951,2352 3060,2352 3170,2354 3280,2354"
                         HEIGHT="135"
                         WIDTH="2222"
                         VPOS="2259"
                         HPOS="1073">
                  <String ID="string_region_1644521291031_1324l26"
                          HEIGHT="135"
                          WIDTH="2222"
                          VPOS="2259"
                          HPOS="1073"
                          CONTENT="sal het import op ontfangh promt betaelen guen ue de recepisse soe"/>
               </TextLine>
               <TextLine ID="region_1644521291031_1324l27"
                         BASELINE="1070,2454 1182,2456 1295,2456 1407,2458 1520,2458 1632,2458 1745,2458 1857,2458 1970,2458 2082,2456 2195,2456 2307,2454 2420,2454 2532,2452 2645,2450 2757,2448 2870,2446 2982,2444 3095,2442 3207,2440 3320,2438"
                         HEIGHT="175"
                         WIDTH="2280"
                         VPOS="2359"
                         HPOS="1056">
                  <String ID="string_region_1644521291031_1324l27"
                          HEIGHT="175"
                          WIDTH="2280"
                          VPOS="2359"
                          HPOS="1056"
                          CONTENT="senden om alles te efferen middelertijdt blijve ue ten hooghsten venplight"/>
               </TextLine>
               <TextLine ID="region_1644521291031_1324l28"
                         BASELINE="1042,2554 1153,2554 1265,2555 1377,2556 1488,2556 1600,2556 1712,2558 1823,2558 1935,2558 2047,2558 2159,2558 2270,2558 2382,2556 2494,2556 2605,2554 2717,2552 2829,2549 2940,2546 3052,2541 3164,2536 3276,2532"
                         HEIGHT="158"
                         WIDTH="2265"
                         VPOS="2463"
                         HPOS="1027">
                  <String ID="string_region_1644521291031_1324l28"
                          HEIGHT="158"
                          WIDTH="2265"
                          VPOS="2463"
                          HPOS="1027"
                          CONTENT="voor ue goede sorge sio int proideren als int packen goaer in ue van"/>
               </TextLine>
               <TextLine ID="region_1644521291031_1324l29"
                         BASELINE="1082,2662 1193,2664 1304,2664 1415,2666 1526,2666 1637,2664 1748,2664 1859,2663 1970,2662 2081,2660 2193,2658 2304,2656 2415,2654 2526,2652 2637,2649 2748,2646 2859,2644 2970,2640 3081,2638 3192,2634 3304,2632"
                         HEIGHT="181"
                         WIDTH="2252"
                         VPOS="2547"
                         HPOS="1067">
                  <String ID="string_region_1644521291031_1324l29"
                          HEIGHT="181"
                          WIDTH="2252"
                          VPOS="2547"
                          HPOS="1067"
                          CONTENT="gelijcken hier eenigen aengenaemendinste can doen gelieve mij lhber te"/>
               </TextLine>
               <TextLine ID="region_1644521291031_1324l30"
                         BASELINE="1086,2766 1197,2768 1308,2768 1419,2768 1531,2768 1642,2768 1753,2768 1865,2766 1976,2766 2087,2764 2199,2762 2310,2760 2421,2758 2532,2754 2644,2752 2755,2748 2866,2746 2978,2742 3089,2738 3200,2736 3312,2732"
                         HEIGHT="172"
                         WIDTH="2258"
                         VPOS="2641"
                         HPOS="1069">
                  <String ID="string_region_1644521291031_1324l30"
                          HEIGHT="172"
                          WIDTH="2258"
                          VPOS="2641"
                          HPOS="1069"
                          CONTENT="comanderen quiats souge mij sao aengenaem sijn als d'iere van orders te "/>
               </TextLine>
               <TextLine ID="region_1644521291031_1324l31"
                         BASELINE="1070,2856 1179,2856 1289,2858 1398,2858 1508,2858 1617,2858 1727,2858 1836,2858 1946,2856 2055,2856 2165,2854 2274,2852 2384,2848 2493,2846 2603,2842 2712,2839 2822,2834 2931,2829 3041,2825 3150,2818 3260,2812"
                         HEIGHT="159"
                         WIDTH="2222"
                         VPOS="2759"
                         HPOS="1052">
                  <String ID="string_region_1644521291031_1324l31"
                          HEIGHT="159"
                          WIDTH="2222"
                          VPOS="2759"
                          HPOS="1052"
                          CONTENT="ontfanghen tis ons saer lief te vernemen de eisteltenisse van mesoeuff"/>
               </TextLine>
               <TextLine ID="region_1644521291031_1324l32"
                         BASELINE="1084,2948 1196,2948 1308,2948 1421,2948 1533,2948 1646,2948 1758,2948 1870,2948 1983,2948 2095,2946 2208,2944 2320,2944 2432,2940 2545,2938 2657,2934 2770,2930 2882,2924 2994,2918 3107,2912 3219,2905 3332,2896"
                         HEIGHT="193"
                         WIDTH="2278"
                         VPOS="2826"
                         HPOS="1069">
                  <String ID="string_region_1644521291031_1324l32"
                          HEIGHT="193"
                          WIDTH="2278"
                          VPOS="2826"
                          HPOS="1069"
                          CONTENT="ue comp. g hope den goeden goet haer voor veele jaeren in gesondtheydt sal"/>
               </TextLine>
               <TextLine ID="region_1644521291031_1324l33"
                         BASELINE="1080,3062 1189,3060 1298,3058 1407,3056 1517,3054 1626,3054 1735,3052 1845,3052 1954,3050 2063,3048 2173,3048 2282,3046 2391,3044 2500,3042 2610,3040 2719,3036 2828,3033 2938,3029 3047,3025 3156,3020 3266,3014"
                         HEIGHT="147"
                         WIDTH="2218"
                         VPOS="2954"
                         HPOS="1064">
                  <String ID="string_region_1644521291031_1324l33"
                          HEIGHT="147"
                          WIDTH="2218"
                          VPOS="2954"
                          HPOS="1064"
                          CONTENT="laeten continuerene ay hebben di'eene van ue beyde te begroeten quey"/>
               </TextLine>
               <TextLine ID="region_1644521291031_1324l34"
                         BASELINE="1098,3162 1206,3162 1314,3160 1422,3158 1530,3158 1638,3156 1746,3154 1854,3152 1962,3150 2070,3148 2178,3146 2286,3143 2394,3140 2502,3138 2610,3135 2718,3131 2826,3128 2934,3124 3042,3120 3150,3116 3258,3112"
                         HEIGHT="162"
                         WIDTH="2193"
                         VPOS="3055"
                         HPOS="1080">
                  <String ID="string_region_1644521291031_1324l34"
                          HEIGHT="162"
                          WIDTH="2193"
                          VPOS="3055"
                          HPOS="1080"
                          CONTENT="antwoordt benevens eene andere corcite facteure afwaghtende blijve"/>
               </TextLine>
               <TextLine ID="region_1644521291031_1324l35"
                         BASELINE="1102,3250 1150,3252 1199,3252 1248,3252 1297,3252 1346,3252 1394,3252 1443,3252 1492,3252 1541,3250 1590,3250 1638,3248 1687,3248 1736,3247 1785,3246 1834,3246 1882,3245 1931,3244 1980,3244 2029,3244 2078,3244"
                         HEIGHT="142"
                         WIDTH="1009"
                         VPOS="3167"
                         HPOS="1085">
                  <String ID="string_region_1644521291031_1324l35"
                          HEIGHT="142"
                          WIDTH="1009"
                          VPOS="3167"
                          HPOS="1085"
                          CONTENT="naer he vrindelijcke groetenisse"/>
               </TextLine>
               <TextLine ID="region_1644521291031_1324l36"
                         BASELINE="2648,3382 2673,3379 2699,3377 2724,3376 2750,3375 2775,3373 2801,3370 2826,3370 2852,3368 2877,3366 2903,3366 2928,3365 2954,3364 2979,3362 3005,3360 3030,3360 3056,3358 3081,3358 3107,3357 3132,3355 3158,3354"
                         HEIGHT="255"
                         WIDTH="549"
                         VPOS="3182"
                         HPOS="2623">
                  <String ID="string_region_1644521291031_1324l36"
                          HEIGHT="255"
                          WIDTH="549"
                          VPOS="3182"
                          HPOS="2623"
                          CONTENT="Ady 25 d"/>
               </TextLine>
               <TextLine ID="region_1644521291031_1324l37"
                         BASELINE="900,3500 945,3489 990,3482 1035,3476 1080,3470 1125,3466 1170,3463 1215,3462 1260,3460 1305,3460 1351,3460 1396,3460 1441,3460 1486,3460 1531,3460 1576,3460 1621,3458 1666,3457 1711,3455 1756,3451 1802,3446"
                         HEIGHT="246"
                         WIDTH="939"
                         VPOS="3301"
                         HPOS="879">
                  <String ID="string_region_1644521291031_1324l37"
                          HEIGHT="246"
                          WIDTH="939"
                          VPOS="3301"
                          HPOS="879"
                          CONTENT="Brussel Steph. Rousseau "/>
               </TextLine>
               <TextLine ID="region_1644521291031_1324l38"
                         BASELINE="2378,3482 2403,3484 2429,3483 2455,3481 2480,3480 2506,3478 2532,3480"
                         HEIGHT="118"
                         WIDTH="189"
                         VPOS="3396"
                         HPOS="2361">
                  <String ID="string_region_1644521291031_1324l38"
                          HEIGHT="118"
                          WIDTH="189"
                          VPOS="3396"
                          HPOS="2361"
                          CONTENT="mey"/>
               </TextLine>
               <TextLine ID="region_1644521291031_1324l39"
                         BASELINE="1082,3566 1191,3564 1301,3562 1410,3561 1520,3559 1630,3557 1739,3555 1849,3552 1958,3550 2068,3548 2178,3546 2287,3544 2397,3541 2506,3538 2616,3536 2726,3534 2835,3532 2945,3530 3054,3528 3164,3526 3274,3524"
                         HEIGHT="182"
                         WIDTH="2222"
                         VPOS="3404"
                         HPOS="1066">
                  <String ID="string_region_1644521291031_1324l39"
                          HEIGHT="182"
                          WIDTH="2222"
                          VPOS="3404"
                          HPOS="1066"
                          CONTENT="ie me referre a ma precedante du 19 court: cette ne servira"/>
               </TextLine>
               <TextLine ID="region_1644521291031_1324l40"
                         BASELINE="1068,3664 1180,3662 1293,3662 1405,3660 1518,3658 1630,3656 1743,3654 1855,3652 1968,3649 2080,3646 2193,3644 2305,3642 2418,3640 2530,3637 2643,3636 2755,3634 2868,3632 2980,3632 3093,3632 3205,3632 3318,3632"
                         HEIGHT="179"
                         WIDTH="2280"
                         VPOS="3554"
                         HPOS="1051">
                  <String ID="string_region_1644521291031_1324l40"
                          HEIGHT="179"
                          WIDTH="2280"
                          VPOS="3554"
                          HPOS="1051"
                          CONTENT="que pour vous adviser que j'ay receu ajourdhuy pour vre compt"/>
               </TextLine>
               <TextLine ID="region_1644521291031_1324l41"
                         BASELINE="1074,3758 1182,3758 1291,3758 1400,3758 1509,3758 1618,3756 1727,3754 1836,3752 1945,3750 2054,3748 2163,3746 2271,3744 2380,3740 2489,3738 2598,3735 2707,3734 2816,3730 2925,3729 3034,3727 3143,3726 3252,3724"
                         HEIGHT="153"
                         WIDTH="2211"
                         VPOS="3630"
                         HPOS="1057">
                  <String ID="string_region_1644521291031_1324l41"
                          HEIGHT="153"
                          WIDTH="2211"
                          VPOS="3630"
                          HPOS="1057"
                          CONTENT="de mons. abraham van diepenbeeck la somme de deux cent"/>
               </TextLine>
               <TextLine ID="region_1644521291031_1324l42"
                         BASELINE="1094,3846 1205,3851 1316,3855 1428,3857 1539,3858 1651,3858 1762,3856 1873,3856 1985,3852 2096,3850 2208,3846 2319,3844 2430,3840 2542,3836 2653,3833 2765,3830 2876,3828 2987,3827 3099,3826 3210,3827 3322,3828"
                         HEIGHT="174"
                         WIDTH="2261"
                         VPOS="3733"
                         HPOS="1078">
                  <String ID="string_region_1644521291031_1324l42"
                          HEIGHT="174"
                          WIDTH="2261"
                          VPOS="3733"
                          HPOS="1078"
                          CONTENT="trante huit florins traize pattars &amp; un quard argent de choang"/>
               </TextLine>
               <TextLine ID="region_1644521291031_1324l43"
                         BASELINE="1074,3956 1177,3958 1280,3961 1384,3962 1487,3964 1591,3964 1694,3962 1797,3962 1901,3960 2004,3957 2108,3954 2211,3952 2314,3948 2418,3945 2521,3942 2625,3938 2728,3934 2831,3931 2935,3928 3038,3925 3142,3922"
                         HEIGHT="192"
                         WIDTH="2101"
                         VPOS="3840"
                         HPOS="1058">
                  <String ID="string_region_1644521291031_1324l43"
                          HEIGHT="192"
                          WIDTH="2101"
                          VPOS="3840"
                          HPOS="1058"
                          CONTENT="dont ie vous ay credite, &amp; suis avec offres de mer services "/>
               </TextLine>
               <TextLine ID="region_1644521291031_1324l44"
                         BASELINE="914,4054 1023,4060 1132,4066 1241,4069 1350,4072 1459,4074 1568,4074 1677,4076 1786,4074 1895,4074 2005,4072 2114,4070 2223,4066 2332,4064 2441,4060 2550,4058 2659,4054 2768,4050 2877,4047 2986,4044 3096,4040"
                         HEIGHT="209"
                         WIDTH="2213"
                         VPOS="3934"
                         HPOS="897">
                  <String ID="string_region_1644521291031_1324l44"
                          HEIGHT="209"
                          WIDTH="2213"
                          VPOS="3934"
                          HPOS="897"
                          CONTENT="London T'heeren John schoppens ofo: Edrwadds Ady 26 gber 1722"/>
               </TextLine>
               <TextLine ID="region_1644521291031_1324l45"
                         BASELINE="1090,4162 1194,4164 1298,4164 1403,4164 1507,4164 1612,4164 1716,4164 1820,4164 1925,4162 2029,4162 2134,4160 2238,4160 2342,4158 2447,4156 2551,4154 2656,4151 2760,4148 2864,4145 2969,4141 3073,4136 3178,4132"
                         HEIGHT="143"
                         WIDTH="2120"
                         VPOS="4066"
                         HPOS="1073">
                  <String ID="string_region_1644521291031_1324l45"
                          HEIGHT="143"
                          WIDTH="2120"
                          VPOS="4066"
                          HPOS="1073"
                          CONTENT="Beyde ul aengenaem van 31 pass 9y deser . 5 wel ontfanglen "/>
               </TextLine>
               <TextLine ID="region_1644521291031_1324l46"
                         BASELINE="1116,4244 1191,4247 1266,4250 1341,4252 1416,4252 1491,4254 1566,4254 1641,4254 1716,4252 1791,4252 1866,4250 1941,4248 2016,4248 2091,4246 2166,4244 2241,4242 2316,4240 2391,4238 2466,4238 2541,4236 2616,4236"
                         HEIGHT="144"
                         WIDTH="1532"
                         VPOS="4174"
                         HPOS="1100">
                  <String ID="string_region_1644521291031_1324l46"
                          HEIGHT="144"
                          WIDTH="1532"
                          VPOS="4174"
                          HPOS="1100"
                          CONTENT="met den laesten remise voor  £150:- als volght"/>
               </TextLine>
               <TextLine ID="region_1644521291031_1324l47"
                         BASELINE="1082,4346 1173,4348 1264,4348 1355,4348 1446,4348 1537,4348 1628,4346 1719,4344 1810,4342 1901,4340 1992,4338 2083,4336 2174,4334 2265,4332 2356,4330 2447,4330 2538,4330 2629,4330 2720,4330 2811,4332 2902,4334"
                         HEIGHT="126"
                         WIDTH="1853"
                         VPOS="4275"
                         HPOS="1064">
                  <String ID="string_region_1644521291031_1324l47"
                          HEIGHT="126"
                          WIDTH="1853"
                          VPOS="4275"
                          HPOS="1064"
                          CONTENT="£100:- a 36:3 e ten laste adriaen volckaert tot brugge"/>
               </TextLine>
               <TextLine ID="region_1644521291031_1324l48"
                         BASELINE="2926,4392 2951,4394 2976,4392 3001,4391 3026,4390 3051,4389 3076,4386 3101,4386 3126,4384 3151,4384 3176,4385 3202,4386"
                         HEIGHT="201"
                         WIDTH="311"
                         VPOS="4258"
                         HPOS="2906">
                  <String ID="string_region_1644521291031_1324l48"
                          HEIGHT="201"
                          WIDTH="311"
                          VPOS="4258"
                          HPOS="2906"
                          CONTENT="op 2 usos"/>
               </TextLine>
               <TextLine ID="region_1644521291031_1324l49"
                         BASELINE="1114,4424 1196,4427 1278,4430 1360,4432 1442,4432 1525,4434 1607,4434 1689,4434 1771,4434 1853,4432 1936,4432 2018,4430 2100,4428 2182,4426 2264,4424 2347,4422 2429,4419 2511,4417 2593,4414 2675,4413 2758,4410"
                         HEIGHT="152"
                         WIDTH="1675"
                         VPOS="4328"
                         HPOS="1097">
                  <String ID="string_region_1644521291031_1324l49"
                          HEIGHT="152"
                          WIDTH="1675"
                          VPOS="4328"
                          HPOS="1097"
                          CONTENT="„ 50:-: 3693  ten laste gerard de witte tot di ƒƒ"/>
               </TextLine>
               <TextLine ID="region_1644521291031_1324l50"
                         BASELINE="1096,4518 1197,4518 1298,4518 1400,4518 1501,4518 1603,4516 1704,4514 1805,4512 1907,4510 2008,4508 2110,4504 2211,4502 2312,4500 2414,4498 2515,4496 2617,4494 2718,4492 2819,4490 2921,4490 3022,4490 3124,4490"
                         HEIGHT="156"
                         WIDTH="2062"
                         VPOS="4413"
                         HPOS="1079">
                  <String ID="string_region_1644521291031_1324l50"
                          HEIGHT="156"
                          WIDTH="2062"
                          VPOS="4413"
                          HPOS="1079"
                          CONTENT="die om acceptatie hebbe versonden 9 soo die weirde in casse compt"/>
               </TextLine>
            </TextBlock>
            <TextBlock ID="region_1644521293700_1327"
                       HEIGHT="4386"
                       WIDTH="2566"
                       VPOS="198"
                       HPOS="3493">
               <Shape>
                  <Polygon POINTS="3493,198 6059,198 6059,4584 3493,4584"/>
               </Shape>
               <TextLine ID="region_1644521293700_1327l1"
                         BASELINE="5902,262 5931,265 5960,267 5990,262"
                         HEIGHT="99"
                         WIDTH="120"
                         VPOS="191"
                         HPOS="5886">
                  <String ID="string_region_1644521293700_1327l1"
                          HEIGHT="99"
                          WIDTH="120"
                          VPOS="191"
                          HPOS="5886"
                          CONTENT="12d"/>
               </TextLine>
               <TextLine ID="region_1644521293700_1327l2"
                         BASELINE="3572,322 3693,324 3815,324 3937,324 4059,326 4181,326 4302,326 4424,326 4546,324 4668,324 4790,324 4911,322 5033,322 5155,322 5277,320 5399,319 5520,318 5642,318 5764,316 5886,316 6008,314"
                         HEIGHT="117"
                         WIDTH="2466"
                         VPOS="274"
                         HPOS="3556">
                  <String ID="string_region_1644521293700_1327l2"
                          HEIGHT="117"
                          WIDTH="2466"
                          VPOS="274"
                          HPOS="3556"
                          CONTENT="sal de 33: s a 36:3 e aen dih. de lannoy myn schoenvader betalen sien"/>
               </TextLine>
               <TextLine ID="region_1644521293700_1327l3"
                         BASELINE="3564,412 3682,412 3800,414 3918,414 4036,416 4154,418 4272,418 4390,419 4508,420 4626,420 4744,420 4862,420 4980,420 5098,420 5216,418 5334,416 5452,414 5570,412 5688,408 5806,404 5924,400"
                         HEIGHT="164"
                         WIDTH="2390"
                         VPOS="324"
                         HPOS="3549">
                  <String ID="string_region_1644521293700_1327l3"
                          HEIGHT="164"
                          WIDTH="2390"
                          VPOS="324"
                          HPOS="3549"
                          CONTENT="dat de fondtten al op den neden prijs blijven staen ben scheerliyck geresolveert "/>
               </TextLine>
               <TextLine ID="region_1644521293700_1327l4"
                         BASELINE="3564,510 3678,508 3792,506 3906,506 4020,506 4134,506 4248,506 4362,506 4476,508 4590,508 4704,510 4818,510 4932,510 5046,512 5160,512 5274,510 5388,510 5502,508 5616,506 5730,504 5844,500"
                         HEIGHT="153"
                         WIDTH="2311"
                         VPOS="432"
                         HPOS="3548">
                  <String ID="string_region_1644521293700_1327l4"
                          HEIGHT="153"
                          WIDTH="2311"
                          VPOS="432"
                          HPOS="3548"
                          CONTENT="de aestie in dioffindische comp. te veroopen q die perntninghen en lotterj"/>
               </TextLine>
               <TextLine ID="region_1644521293700_1327l5"
                         BASELINE="3570,612 3683,612 3796,612 3910,612 4023,612 4137,614 4250,614 4363,614 4477,616 4590,616 4704,616 4817,616 4930,616 5044,616 5157,616 5271,614 5384,614 5497,612 5611,608 5724,606 5838,602"
                         HEIGHT="134"
                         WIDTH="2299"
                         VPOS="542"
                         HPOS="3555">
                  <String ID="string_region_1644521293700_1327l5"
                          HEIGHT="134"
                          WIDTH="2299"
                          VPOS="542"
                          HPOS="3555"
                          CONTENT="amneitie te pouverteren soo die a 145 soude connen verkoopen &amp; de lottenge "/>
               </TextLine>
               <TextLine ID="region_1644521293700_1327l6"
                         BASELINE="3572,716 3692,719 3813,722 3934,723 4055,724 4176,726 4296,726 4417,727 4538,728 4659,727 4780,726 4900,726 5021,724 5142,724 5263,722 5384,720 5504,718 5625,716 5746,714 5867,712 5988,710"
                         HEIGHT="169"
                         WIDTH="2445"
                         VPOS="623"
                         HPOS="3557">
                  <String ID="string_region_1644521293700_1327l6"
                          HEIGHT="169"
                          WIDTH="2445"
                          VPOS="623"
                          HPOS="3557"
                          CONTENT="annnotties tof s00 in coopen onse negosien op din dien doent scherlijck al groote"/>
               </TextLine>
               <TextLine ID="region_1644521293700_1327l7"
                         BASELINE="3570,832 3688,834 3807,836 3926,838 4045,838 4164,838 4282,838 4401,838 4520,836 4639,836 4758,834 4876,834 4995,832 5114,830 5233,828 5352,827 5470,826 5589,824 5708,824 5827,822 5946,822"
                         HEIGHT="186"
                         WIDTH="2409"
                         VPOS="728"
                         HPOS="3554">
                  <String ID="string_region_1644521293700_1327l7"
                          HEIGHT="186"
                          WIDTH="2409"
                          VPOS="728"
                          HPOS="3554"
                          CONTENT="preseditien aen die comp. oock aen die van holland nu gaetmenher oock een "/>
               </TextLine>
               <TextLine ID="region_1644521293700_1327l8"
                         BASELINE="3564,950 3683,952 3803,952 3923,954 4043,954 4163,954 4283,952 4403,952 4523,950 4643,950 4763,948 4882,946 5002,943 5122,940 5242,938 5362,934 5482,931 5602,927 5722,924 5842,919 5962,914"
                         HEIGHT="187"
                         WIDTH="2430"
                         VPOS="828"
                         HPOS="3548">
                  <String ID="string_region_1644521293700_1327l8"
                          HEIGHT="187"
                          WIDTH="2430"
                          VPOS="828"
                          HPOS="3548"
                          CONTENT="comp: op rechten of die van goedt gebolgh sal sijn moet den tijet leeren voor"/>
               </TextLine>
               <TextLine ID="region_1644521293700_1327l9"
                         BASELINE="3582,1060 3700,1062 3819,1064 3938,1064 4056,1064 4175,1064 4294,1064 4412,1063 4531,1062 4650,1060 4769,1060 4887,1058 5006,1056 5125,1054 5243,1052 5362,1050 5481,1048 5599,1046 5718,1044 5837,1042 5956,1040"
                         HEIGHT="163"
                         WIDTH="2405"
                         VPOS="965"
                         HPOS="3565">
                  <String ID="string_region_1644521293700_1327l9"
                          HEIGHT="163"
                          WIDTH="2405"
                          VPOS="965"
                          HPOS="3565"
                          CONTENT="mjn deel make daer geen graett spicillatie op soo ue het diendent van de"/>
               </TextLine>
               <TextLine ID="region_1644521293700_1327l10"
                         BASELINE="3574,1186 3693,1186 3812,1186 3931,1188 4050,1188 4170,1188 4289,1186 4408,1186 4527,1186 4646,1184 4766,1182 4885,1181 5004,1178 5123,1176 5242,1174 5362,1171 5481,1168 5600,1164 5719,1160 5838,1156 5958,1150"
                         HEIGHT="168"
                         WIDTH="2416"
                         VPOS="1056"
                         HPOS="3558">
                  <String ID="string_region_1644521293700_1327l10"
                          HEIGHT="168"
                          WIDTH="2416"
                          VPOS="1056"
                          HPOS="3558"
                          CONTENT="banck comp. sal hebben ontfanghen versoecke een extractie van myn rek"/>
               </TextLine>
               <TextLine ID="region_1644521293700_1327l11"
                         BASELINE="3568,1284 3690,1286 3812,1288 3934,1288 4056,1289 4179,1290 4301,1290 4423,1290 4545,1290 4667,1290 4790,1290 4912,1288 5034,1286 5156,1284 5278,1281 5401,1278 5523,1274 5645,1268 5767,1262 5889,1256 6012,1248"
                         HEIGHT="206"
                         WIDTH="2476"
                         VPOS="1165"
                         HPOS="3552">
                  <String ID="string_region_1644521293700_1327l11"
                          HEIGHT="206"
                          WIDTH="2476"
                          VPOS="1165"
                          HPOS="3552"
                          CONTENT="courant om dat alle saeren gelvent ben de rer met myne vrinden te suyten "/>
               </TextLine>
               <TextLine ID="region_1644521293700_1327l12"
                         BASELINE="3558,1428 3633,1418 3709,1411 3785,1404 3861,1399 3937,1396 4012,1394 4088,1393 4164,1392 4240,1394 4316,1394 4391,1394 4467,1396 4543,1396 4619,1396 4695,1396 4770,1396 4846,1393 4922,1390 4998,1386 5074,1378"
                         HEIGHT="203"
                         WIDTH="1548"
                         VPOS="1293"
                         HPOS="3542">
                  <String ID="string_region_1644521293700_1327l12"
                          HEIGHT="203"
                          WIDTH="1548"
                          VPOS="1293"
                          HPOS="3542"
                          CONTENT="ssij cleyn oft groot groete lek van herten gblijve"/>
               </TextLine>
               <TextLine ID="region_1644521293700_1327l13"
                         BASELINE="5270,1470 5303,1469 5336,1468 5369,1466 5402,1465 5435,1464 5468,1463 5501,1462 5534,1460 5567,1460 5600,1460 5633,1459 5666,1458 5699,1457 5732,1456 5765,1456 5798,1454 5831,1453 5864,1452 5897,1451 5930,1450"
                         HEIGHT="174"
                         WIDTH="693"
                         VPOS="1341"
                         HPOS="5253">
                  <String ID="string_region_1644521293700_1327l13"
                          HEIGHT="174"
                          WIDTH="693"
                          VPOS="1341"
                          HPOS="5253"
                          CONTENT="Adij 26 ber v722"/>
               </TextLine>
               <TextLine ID="region_1644521293700_1327l14"
                         BASELINE="3514,1542 3544,1539 3575,1537 3605,1534 3636,1532 3666,1530 3697,1528 3727,1526 3758,1524 3788,1521 3819,1519 3849,1518 3880,1516 3910,1515 3941,1514 3971,1512 4002,1512 4032,1512 4063,1511 4093,1510 4124,1512"
                         HEIGHT="166"
                         WIDTH="643"
                         VPOS="1403"
                         HPOS="3497">
                  <String ID="string_region_1644521293700_1327l14"
                          HEIGHT="166"
                          WIDTH="643"
                          VPOS="1403"
                          HPOS="3497"
                          CONTENT="Londen John Jatuall"/>
               </TextLine>
               <TextLine ID="region_1644521293700_1327l15"
                         BASELINE="3562,1624 3682,1620 3803,1616 3923,1614 4044,1612 4165,1612 4285,1610 4406,1610 4526,1612 4647,1612 4768,1612 4888,1612 5009,1612 5129,1612 5250,1612 5371,1610 5491,1608 5612,1606 5732,1602 5853,1596 5974,1590"
                         HEIGHT="198"
                         WIDTH="2443"
                         VPOS="1476"
                         HPOS="3547">
                  <String ID="string_region_1644521293700_1327l15"
                          HEIGHT="198"
                          WIDTH="2443"
                          VPOS="1476"
                          HPOS="3547"
                          CONTENT="op 12 deser was aen ul mijnen laetten, waer aen mij gedrage sedert geene"/>
               </TextLine>
               <TextLine ID="region_1644521293700_1327l16"
                         BASELINE="3558,1720 3677,1715 3796,1712 3916,1708 4035,1706 4155,1706 4274,1706 4393,1706 4513,1706 4632,1706 4752,1706 4871,1708 4990,1708 5110,1708 5229,1706 5349,1704 5468,1702 5587,1700 5707,1694 5826,1689 5946,1680"
                         HEIGHT="146"
                         WIDTH="2418"
                         VPOS="1607"
                         HPOS="3544">
                  <String ID="string_region_1644521293700_1327l16"
                          HEIGHT="146"
                          WIDTH="2418"
                          VPOS="1607"
                          HPOS="3544"
                          CONTENT="van ul ontfanghe desen alleenelijck tot geleyde vanden ingesloten wissel"/>
               </TextLine>
               <TextLine ID="region_1644521293700_1327l17"
                         BASELINE="3554,1812 3668,1808 3782,1806 3897,1804 4011,1802 4126,1802 4240,1802 4354,1800 4469,1800 4583,1800 4698,1800 4812,1800 4926,1800 5041,1798 5155,1797 5270,1796 5384,1794 5498,1790 5613,1787 5727,1782 5842,1778"
                         HEIGHT="167"
                         WIDTH="2321"
                         VPOS="1690"
                         HPOS="3538">
                  <String ID="string_region_1644521293700_1327l17"
                          HEIGHT="167"
                          WIDTH="2321"
                          VPOS="1690"
                          HPOS="3538"
                          CONTENT="brief door henrij sodoghe geaccepteert, &amp; by faute ven betalinge ten"/>
               </TextLine>
               <TextLine ID="region_1644521293700_1327l18"
                         BASELINE="3554,1914 3676,1912 3798,1908 3920,1906 4042,1904 4164,1902 4286,1900 4408,1898 4530,1898 4652,1896 4775,1894 4897,1894 5019,1892 5141,1890 5263,1888 5385,1886 5507,1883 5629,1878 5751,1874 5873,1869 5996,1864"
                         HEIGHT="186"
                         WIDTH="2473"
                         VPOS="1763"
                         HPOS="3538">
                  <String ID="string_region_1644521293700_1327l18"
                          HEIGHT="186"
                          WIDTH="2473"
                          VPOS="1763"
                          HPOS="3538"
                          CONTENT="vervaldage geprotesteert waer vooren mijne ick: gelieve te ontlatten, als volght"/>
               </TextLine>
               <TextLine ID="region_1644521293700_1327l19"
                         BASELINE="5630,1982 5655,1980 5681,1978 5706,1975 5732,1974 5758,1972 5783,1970 5809,1968 5835,1968 5860,1966 5886,1966 5912,1968"
                         HEIGHT="106"
                         WIDTH="314"
                         VPOS="1891"
                         HPOS="5614">
                  <String ID="string_region_1644521293700_1327l19"
                          HEIGHT="106"
                          WIDTH="314"
                          VPOS="1891"
                          HPOS="5614"
                          CONTENT="868:-"/>
               </TextLine>
               <TextLine ID="region_1644521293700_1327l20"
                         BASELINE="3562,2004 3639,2002 3717,2000 3794,1998 3872,1996 3950,1994 4027,1992 4105,1992 4182,1990 4260,1988 4338,1988 4415,1988 4493,1986 4570,1986 4648,1986 4726,1986 4803,1986 4881,1986 4958,1986 5036,1986 5114,1988"
                         HEIGHT="171"
                         WIDTH="1585"
                         VPOS="1895"
                         HPOS="3545">
                  <String ID="string_region_1644521293700_1327l20"
                          HEIGHT="171"
                          WIDTH="1585"
                          VPOS="1895"
                          HPOS="3545"
                          CONTENT="voor den Wissel brief van st £ 80:- a 36:2n"/>
               </TextLine>
               <TextLine ID="region_1644521293700_1327l21"
                         BASELINE="5584,2064 5609,2065 5634,2066 5659,2064 5684,2063 5709,2062 5734,2061 5759,2059 5784,2058 5809,2057 5834,2055 5859,2053 5884,2050 5909,2048 5934,2046 5959,2046 5984,2044"
                         HEIGHT="103"
                         WIDTH="434"
                         VPOS="1983"
                         HPOS="5567">
                  <String ID="string_region_1644521293700_1327l21"
                          HEIGHT="103"
                          WIDTH="434"
                          VPOS="1983"
                          HPOS="5567"
                          CONTENT="„ 2:4"/>
               </TextLine>
               <TextLine ID="region_1644521293700_1327l22"
                         BASELINE="3576,2092 3601,2090 3626,2089 3651,2088 3676,2086 3701,2086 3726,2086 3751,2086 3777,2085 3802,2084 3827,2084 3852,2084 3877,2084 3902,2084 3927,2084 3952,2082 3978,2082"
                         HEIGHT="141"
                         WIDTH="432"
                         VPOS="2016"
                         HPOS="3561">
                  <String ID="string_region_1644521293700_1327l22"
                          HEIGHT="141"
                          WIDTH="432"
                          VPOS="2016"
                          HPOS="3561"
                          CONTENT="voor protest"/>
               </TextLine>
               <TextLine ID="region_1644521293700_1327l23"
                         BASELINE="4894,2186 4948,2184 5003,2182 5057,2180 5112,2179 5166,2178 5221,2176 5275,2176 5330,2174 5384,2174 5439,2172 5493,2172 5548,2170 5602,2170 5657,2170 5711,2170 5766,2170 5820,2170 5875,2170 5929,2170 5984,2170"
                         HEIGHT="191"
                         WIDTH="1123"
                         VPOS="2052"
                         HPOS="4877">
                  <String ID="string_region_1644521293700_1327l23"
                          HEIGHT="191"
                          WIDTH="1123"
                          VPOS="2052"
                          HPOS="4877"
                          CONTENT="samen in wisselgelde ƒ 8869:4"/>
               </TextLine>
               <TextLine ID="region_1644521293700_1327l24"
                         BASELINE="3574,2268 3696,2270 3818,2272 3940,2274 4062,2276 4184,2276 4306,2278 4428,2278 4550,2278 4672,2278 4794,2276 4916,2276 5038,2275 5160,2274 5282,2272 5404,2270 5526,2269 5648,2267 5770,2265 5892,2262 6014,2260"
                         HEIGHT="205"
                         WIDTH="2473"
                         VPOS="2141"
                         HPOS="3557">
                  <String ID="string_region_1644521293700_1327l24"
                          HEIGHT="205"
                          WIDTH="2473"
                          VPOS="2141"
                          HPOS="3557"
                          CONTENT="dit sijnde het noodige deses, &amp; sal ue antwoordt ontrent die geordonneerde "/>
               </TextLine>
               <TextLine ID="region_1644521293700_1327l25"
                         BASELINE="3546,2370 3655,2370 3764,2372 3873,2372 3982,2372 4091,2372 4200,2372 4309,2372 4418,2370 4527,2370 4636,2370 4745,2368 4854,2368 4963,2366 5072,2366 5181,2366 5290,2364 5399,2364 5508,2364 5617,2362 5726,2362"
                         HEIGHT="161"
                         WIDTH="2213"
                         VPOS="2276"
                         HPOS="3529">
                  <String ID="string_region_1644521293700_1327l25"
                          HEIGHT="161"
                          WIDTH="2213"
                          VPOS="2276"
                          HPOS="3529"
                          CONTENT="tijken ofp mijnen voorigen verwaghten, &amp; waer in ul eenigen"/>
               </TextLine>
               <TextLine ID="region_1644521293700_1327l26"
                         BASELINE="3554,2474 3667,2472 3781,2472 3894,2470 4008,2470 4122,2470 4235,2468 4349,2468 4462,2468 4576,2468 4690,2468 4803,2468 4917,2468 5030,2466 5144,2466 5258,2464 5371,2462 5485,2460 5598,2458 5712,2455 5826,2450"
                         HEIGHT="119"
                         WIDTH="2302"
                         VPOS="2407"
                         HPOS="3538">
                  <String ID="string_region_1644521293700_1327l26"
                          HEIGHT="119"
                          WIDTH="2302"
                          VPOS="2407"
                          HPOS="3538"
                          CONTENT="aengenamen dinst cen doen gelieve te comanderen die naer seer"/>
               </TextLine>
               <TextLine ID="region_1644521293700_1327l27"
                         BASELINE="3562,2574 3619,2574 3676,2574 3733,2574 3790,2572 3848,2572 3905,2572 3962,2570 4019,2570 4076,2570 4134,2568 4191,2568 4248,2567 4305,2566 4362,2564 4420,2564 4477,2563 4534,2562 4591,2560 4648,2559 4706,2558"
                         HEIGHT="187"
                         WIDTH="1175"
                         VPOS="2460"
                         HPOS="3545">
                  <String ID="string_region_1644521293700_1327l27"
                          HEIGHT="187"
                          WIDTH="1175"
                          VPOS="2460"
                          HPOS="3545"
                          CONTENT="voindelycke groetenisse blijve "/>
               </TextLine>
               <TextLine ID="region_1644521293700_1327l28"
                         BASELINE="4942,2704 4986,2706 5030,2708 5075,2708 5119,2708 5164,2707 5208,2706 5252,2705 5297,2704 5341,2702 5386,2701 5430,2699 5474,2698 5519,2696 5563,2696 5608,2694 5652,2692 5696,2692 5741,2691 5785,2690 5830,2690"
                         HEIGHT="203"
                         WIDTH="920"
                         VPOS="2564"
                         HPOS="4926">
                  <String ID="string_region_1644521293700_1327l28"
                          HEIGHT="203"
                          WIDTH="920"
                          VPOS="2564"
                          HPOS="4926"
                          CONTENT="adij 28 gbre 1722"/>
               </TextLine>
               <TextLine ID="region_1644521293700_1327l29"
                         BASELINE="3508,2688 3545,2690 3582,2691 3619,2693 3656,2694 3694,2696 3731,2697 3768,2700 3805,2700 3842,2702 3880,2703 3917,2704 3954,2706 3991,2706 4028,2706 4066,2706 4103,2706 4140,2706 4177,2706 4214,2706 4252,2704"
                         HEIGHT="197"
                         WIDTH="778"
                         VPOS="2567"
                         HPOS="3491">
                  <String ID="string_region_1644521293700_1327l29"
                          HEIGHT="197"
                          WIDTH="778"
                          VPOS="2567"
                          HPOS="3491"
                          CONTENT="Turnhout Endues samen"/>
               </TextLine>
               <TextLine ID="region_1644521293700_1327l30"
                         BASELINE="3578,2798 3699,2800 3821,2802 3942,2804 4064,2808 4186,2810 4307,2812 4429,2814 4550,2817 4672,2819 4794,2820 4915,2822 5037,2822 5158,2822 5280,2822 5402,2820 5523,2818 5645,2814 5766,2810 5888,2805 6010,2798"
                         HEIGHT="197"
                         WIDTH="2464"
                         VPOS="2692"
                         HPOS="3563">
                  <String ID="string_region_1644521293700_1327l30"
                          HEIGHT="197"
                          WIDTH="2464"
                          VPOS="2692"
                          HPOS="3563"
                          CONTENT="u aengenaem van 6 deser wel ontfanghen oock de 100 stucken tijken"/>
               </TextLine>
               <TextLine ID="region_1644521293700_1327l31"
                         BASELINE="3558,2908 3674,2908 3791,2910 3908,2912 4024,2914 4141,2918 4258,2920 4374,2922 4491,2925 4608,2928 4725,2930 4841,2932 4958,2932 5075,2934 5191,2934 5308,2934 5425,2932 5541,2930 5658,2926 5775,2922 5892,2916"
                         HEIGHT="158"
                         WIDTH="2367"
                         VPOS="2829"
                         HPOS="3542">
                  <String ID="string_region_1644521293700_1327l31"
                          HEIGHT="158"
                          WIDTH="2367"
                          VPOS="2829"
                          HPOS="3542"
                          CONTENT="ghebbe ue assignatie voor u  suster van ƒ1050:16 promt betaelt"/>
               </TextLine>
               <TextLine ID="region_1644521293700_1327l32"
                         BASELINE="3574,3016 3688,3016 3803,3018 3917,3018 4032,3020 4146,3022 4261,3025 4375,3028 4490,3030 4604,3033 4719,3036 4833,3038 4948,3040 5062,3040 5177,3042 5291,3042 5406,3040 5520,3038 5635,3036 5749,3032 5864,3028"
                         HEIGHT="148"
                         WIDTH="2321"
                         VPOS="2959"
                         HPOS="3558">
                  <String ID="string_region_1644521293700_1327l32"
                          HEIGHT="148"
                          WIDTH="2321"
                          VPOS="2959"
                          HPOS="3558"
                          CONTENT="alt well my daer van comtt &amp; st95 ps om dat uk. geseydt hadde"/>
               </TextLine>
               <TextLine ID="region_1644521293700_1327l33"
                         BASELINE="3574,3124 3693,3126 3813,3128 3933,3130 4053,3134 4173,3136 4292,3139 4412,3142 4532,3144 4652,3146 4772,3148 4891,3150 5011,3150 5131,3152 5251,3152 5371,3152 5490,3152 5610,3150 5730,3148 5850,3144 5970,3140"
                         HEIGHT="185"
                         WIDTH="2427"
                         VPOS="3023"
                         HPOS="3559">
                  <String ID="string_region_1644521293700_1327l33"
                          HEIGHT="185"
                          WIDTH="2427"
                          VPOS="3023"
                          HPOS="3559"
                          CONTENT="die te gelven gelijck jouff: robert nu hebbe ordre voor 250 stucken"/>
               </TextLine>
               <TextLine ID="region_1644521293700_1327l34"
                         BASELINE="3564,3244 3679,3246 3794,3250 3909,3252 4024,3254 4140,3256 4255,3256 4370,3256 4485,3256 4600,3256 4716,3256 4831,3256 4946,3254 5061,3254 5176,3254 5292,3252 5407,3252 5522,3252 5637,3252 5752,3252 5868,3254"
                         HEIGHT="182"
                         WIDTH="2335"
                         VPOS="3142"
                         HPOS="3548">
                  <String ID="string_region_1644521293700_1327l34"
                          HEIGHT="182"
                          WIDTH="2335"
                          VPOS="3142"
                          HPOS="3548"
                          CONTENT="geassorteerte als aen den voedt deser ult ue die voor den ouder puijs"/>
               </TextLine>
               <TextLine ID="region_1644521293700_1327l35"
                         BASELINE="3572,3352 3690,3358 3808,3362 3926,3365 4044,3368 4162,3370 4280,3372 4398,3372 4516,3374 4634,3374 4753,3374 4871,3374 4989,3372 5107,3372 5225,3370 5343,3370 5461,3368 5579,3368 5697,3366 5815,3364 5934,3364"
                         HEIGHT="146"
                         WIDTH="2393"
                         VPOS="3279"
                         HPOS="3557">
                  <String ID="string_region_1644521293700_1327l35"
                          HEIGHT="146"
                          WIDTH="2393"
                          VPOS="3279"
                          HPOS="3557"
                          CONTENT="met 4p rabat leveren soo cont die senden soo met op ontfangh"/>
               </TextLine>
               <TextLine ID="region_1644521293700_1327l36"
                         BASELINE="3552,3484 3669,3486 3786,3488 3903,3490 4021,3490 4138,3490 4255,3492 4373,3492 4490,3490 4607,3490 4725,3490 4842,3488 4959,3486 5076,3484 5194,3482 5311,3479 5428,3476 5546,3473 5663,3470 5780,3466 5898,3462"
                         HEIGHT="177"
                         WIDTH="2378"
                         VPOS="3377"
                         HPOS="3536">
                  <String ID="string_region_1644521293700_1327l36"
                          HEIGHT="177"
                          WIDTH="2378"
                          VPOS="3377"
                          HPOS="3536"
                          CONTENT="deser antwoordt om aen mijn vrinden dae kennisse van te geven"/>
               </TextLine>
               <TextLine ID="region_1644521293700_1327l37"
                         BASELINE="5788,3516 5813,3513 5838,3512 5864,3511 5889,3510 5915,3509 5940,3508 5966,3506"
                         HEIGHT="95"
                         WIDTH="210"
                         VPOS="3439"
                         HPOS="5772">
                  <String ID="string_region_1644521293700_1327l37"
                          HEIGHT="95"
                          WIDTH="210"
                          VPOS="3439"
                          HPOS="5772"
                          CONTENT="eblijfvee"/>
               </TextLine>
               <TextLine ID="region_1644521293700_1327l38"
                         BASELINE="3564,3614 3686,3610 3808,3606 3930,3604 4052,3601 4174,3598 4296,3597 4418,3596 4540,3594 4662,3592 4785,3592 4907,3590 5029,3588 5151,3586 5273,3583 5395,3580 5517,3576 5639,3572 5761,3566 5883,3559 6006,3552"
                         HEIGHT="202"
                         WIDTH="2474"
                         VPOS="3486"
                         HPOS="3548">
                  <String ID="string_region_1644521293700_1327l38"
                          HEIGHT="202"
                          WIDTH="2474"
                          VPOS="3486"
                          HPOS="3548"
                          CONTENT="sal alles promt contant betalen waer mede ue ant woorde ghoeghtende "/>
               </TextLine>
               <TextLine ID="region_1644521293700_1327l39"
                         BASELINE="3584,3716 3647,3714 3711,3712 3775,3711 3839,3710 3903,3710 3967,3710 4031,3710 4095,3710 4159,3710 4223,3710 4286,3710 4350,3710 4414,3711 4478,3712 4542,3712 4606,3712 4670,3712 4734,3710 4798,3710 4862,3708"
                         HEIGHT="184"
                         WIDTH="1308"
                         VPOS="3595"
                         HPOS="3568">
                  <String ID="string_region_1644521293700_1327l39"
                          HEIGHT="184"
                          WIDTH="1308"
                          VPOS="3595"
                          HPOS="3568"
                          CONTENT="a 30 ¾ goot loot 20 smalle 10 breede"/>
               </TextLine>
               <TextLine ID="region_1644521293700_1327l40"
                         BASELINE="3580,3814 3624,3809 3669,3806 3713,3803 3758,3801 3802,3800 3847,3800 3891,3800 3936,3800 3980,3802 4025,3803 4069,3804 4114,3805 4158,3806 4203,3808 4247,3808 4292,3808 4336,3808 4381,3808 4425,3807 4470,3804"
                         HEIGHT="129"
                         WIDTH="920"
                         VPOS="3713"
                         HPOS="3566">
                  <String ID="string_region_1644521293700_1327l40"
                          HEIGHT="129"
                          WIDTH="920"
                          VPOS="3713"
                          HPOS="3566"
                          CONTENT="„10 ¾5 segels 19 smalle"/>
               </TextLine>
               <TextLine ID="region_1644521293700_1327l41"
                         BASELINE="3580,3910 3622,3906 3664,3902 3707,3900 3749,3898 3792,3895 3834,3894 3876,3892 3919,3891 3961,3890 4004,3890 4046,3888 4088,3888 4131,3888 4173,3888 4216,3887 4258,3886 4300,3886 4343,3886 4385,3886 4428,3884"
                         HEIGHT="163"
                         WIDTH="881"
                         VPOS="3790"
                         HPOS="3564">
                  <String ID="string_region_1644521293700_1327l41"
                          HEIGHT="163"
                          WIDTH="881"
                          VPOS="3790"
                          HPOS="3564"
                          CONTENT="„10 ¾ groet loot 10 smalle"/>
               </TextLine>
               <TextLine ID="region_1644521293700_1327l42"
                         BASELINE="3596,4016 3659,4012 3723,4008 3786,4006 3850,4002 3914,4001 3977,3998 4041,3997 4104,3996 4168,3996 4232,3995 4295,3994 4359,3994 4422,3994 4486,3992 4550,3992 4613,3991 4677,3990 4740,3988 4804,3986 4868,3984"
                         HEIGHT="219"
                         WIDTH="1303"
                         VPOS="3852"
                         HPOS="3579">
                  <String ID="string_region_1644521293700_1327l42"
                          HEIGHT="219"
                          WIDTH="1303"
                          VPOS="3852"
                          HPOS="3579"
                          CONTENT="160 ¾3 segels. 6o smalle 20 breede"/>
               </TextLine>
               <TextLine ID="region_1644521293700_1327l43"
                         BASELINE="3572,4128 3597,4130 3623,4130 3648,4129 3674,4127 3700,4126 3725,4125 3751,4122 3776,4122 3802,4120 3828,4122"
                         HEIGHT="148"
                         WIDTH="291"
                         VPOS="4001"
                         HPOS="3552">
                  <String ID="string_region_1644521293700_1327l43"
                          HEIGHT="148"
                          WIDTH="291"
                          VPOS="4001"
                          HPOS="3552"
                          CONTENT="130 6r"/>
               </TextLine>
               <TextLine ID="region_1644521293700_1327l44"
                         BASELINE="3604,4218 3665,4212 3726,4209 3787,4206 3848,4204 3909,4202 3970,4202 4031,4202 4092,4202 4153,4202 4215,4202 4276,4202 4337,4202 4398,4202 4459,4202 4520,4200 4581,4198 4642,4195 4703,4192 4764,4187 4826,4180"
                         HEIGHT="156"
                         WIDTH="1255"
                         VPOS="4086"
                         HPOS="3586">
                  <String ID="string_region_1644521293700_1327l44"
                          HEIGHT="156"
                          WIDTH="1255"
                          VPOS="4086"
                          HPOS="3586"
                          CONTENT="140½  laet 25 smalle 15 breede"/>
               </TextLine>
               <TextLine ID="region_1644521293700_1327l45"
                         BASELINE="3598,4288 3646,4284 3694,4282 3742,4280 3790,4278 3838,4278 3886,4278 3934,4278 3982,4280 4030,4280 4079,4282 4127,4284 4175,4286 4223,4286 4271,4288 4319,4288 4367,4290 4415,4290 4463,4289 4511,4288 4560,4286"
                         HEIGHT="156"
                         WIDTH="991"
                         VPOS="4174"
                         HPOS="3584">
                  <String ID="string_region_1644521293700_1327l45"
                          HEIGHT="156"
                          WIDTH="991"
                          VPOS="4174"
                          HPOS="3584"
                          CONTENT="no ef groet loot 26 malle"/>
               </TextLine>
               <TextLine ID="region_1644521293700_1327l46"
                         BASELINE="4180,4364 4212,4367 4245,4368 4278,4370 4310,4370 4343,4370 4376,4370 4408,4370 4441,4368 4474,4367 4507,4366 4539,4363 4572,4360 4605,4359 4637,4357 4670,4354 4703,4351 4735,4350 4768,4347 4801,4346 4834,4342"
                         HEIGHT="166"
                         WIDTH="687"
                         VPOS="4241"
                         HPOS="4162">
                  <String ID="string_region_1644521293700_1327l46"
                          HEIGHT="166"
                          WIDTH="687"
                          VPOS="4241"
                          HPOS="4162"
                          CONTENT="o small 1o breede "/>
               </TextLine>
               <TextLine ID="region_1644521293700_1327l47"
                         BASELINE="3612,4368 3637,4365 3662,4363 3688,4361 3713,4360 3739,4360 3764,4360 3790,4360 3815,4362 3841,4362 3866,4363 3892,4364 3917,4364 3943,4364 3968,4364 3994,4362"
                         HEIGHT="116"
                         WIDTH="413"
                         VPOS="4297"
                         HPOS="3596">
                  <String ID="string_region_1644521293700_1327l47"
                          HEIGHT="116"
                          WIDTH="413"
                          VPOS="4297"
                          HPOS="3596"
                          CONTENT="130 3 segals"/>
               </TextLine>
               <TextLine ID="region_1644521293700_1327l48"
                         BASELINE="3594,4446 3656,4444 3718,4444 3780,4444 3842,4444 3904,4444 3966,4446 4028,4448 4090,4450 4152,4452 4214,4453 4276,4454 4338,4456 4400,4456 4462,4458 4524,4458 4586,4456 4648,4455 4710,4452 4772,4448 4834,4444"
                         HEIGHT="148"
                         WIDTH="1269"
                         VPOS="4354"
                         HPOS="3579">
                  <String ID="string_region_1644521293700_1327l48"
                          HEIGHT="148"
                          WIDTH="1269"
                          VPOS="4354"
                          HPOS="3579"
                          CONTENT="130 &amp; segels 20 small to breede"/>
               </TextLine>
               <TextLine ID="region_1644521293700_1327l49"
                         BASELINE="3598,4524 3623,4524 3649,4525 3675,4526 3701,4527 3727,4528 3752,4530 3778,4530 3804,4531 3830,4532 3856,4532 3882,4532"
                         HEIGHT="93"
                         WIDTH="318"
                         VPOS="4453"
                         HPOS="3583">
                  <String ID="string_region_1644521293700_1327l49"
                          HEIGHT="93"
                          WIDTH="318"
                          VPOS="4453"
                          HPOS="3583"
                          CONTENT="120 pp"/>
               </TextLine>
            </TextBlock>
         </PrintSpace>
      </Page>
   </Layout>
</alto>
