8269 4692
2654 231 644 145 Adij 17 July 1720

794 247 1160 152 London rebecea hamitton & cooke

952 373 2347 116 op 19 pass was aen ue mijnen laesten waer aen mij gedrage sedert geeene

949 429 2365 151 van ue becomen, desen dan tot geleyde van dingeslotenene facture & cogns sement

951 514 2376 197 van een packie N.14. met 38 stucken tijten clijne strepies bedragende in wissel

949 602 2342 203 gelde ƒ 480:7. sijnde geladen int schip van pieterheye die met den eersten

945 713 1724 204 e london sal vertrecken, godt geleyde hen n salvon

957 779 2271 188 de andere gecouleurde tijken sullen int siert genneckt sijn, derhalven

960 887 2307 198 gelieve iul: ordre te geven, om met de selve op te packen om een pack

957 991 2338 162 te formeren twelck afwnghtende blijve maeer minsame groetenisse & diutt

2648 1073 418 164 Adij 17d

932 1126 461 171 presentatie

807 1233 814 163 Brussel frans: maras

904 1259 2317 198 in gevolge ue mondelinge ordre soo sende aen ue heden e berrschop de

971 1377 2307 194 negen pepet: sijnde gisteren avont maer eerst thuys gecomen, & hebbe de

976 1468 2281 188 beste voor ue uyt gesoght soodanigh dat ik t ten wijtersten sal satisfait

974 1634 1860 145 sijn, gelieve mij te crediteren volr volght ƒ419:

959 1661 2369 210 hebbe het pack gemerckt F.M.X. & op den naem van J martiuus

978 1761 2304 222 volhaet versonden, & ul op mijn boecken daer vooren gedebiteert

985 1864 2313 200 iets anders van ue dinst voorvallende gelieve te comanderen die naer

962 2031 923 152 Cordiale groetenisse blijve

949 2063 2306 183 dese perpet: sijn gisteren versch uyt de vef xperse gecomen sijn

2645 2152 449 192 Ady 20 d.

986 2244 461 124 seer Lchoon

823 2292 1142 178 London John Schoppens & Edwards

982 2361 2333 204 ul mij altijct seer aengename van 17 pass p.3. bij tijde wel ontfanghen

935 2428 2301 197 dien volgens verneme geene visserye comp. geetabliseert is, & dat

1006 2542 2316 205 het parlement voor  gescheyden was, soo sullen moeten afwaghte

1018 2578 2315 269 wat daer van comen sal, eghter soo a costij iets voorsomt een profijt

1014 2760 2320 183 te doen, & daer ue spiculatie in maect gelieve by tijde te laten weeten

1009 2857 1754 194 ingesloten remittere aen ue: soo £400:- als volght

1023 2938 1754 217 ean brief van ƒop £140:- ten latte juttus beele

1995 3042 1310 213 op John Herman & drique olmiur

1020 3076 981 148 een van „ 160:-

1034 3168 989 156 een d..„100:-

1266 3205 2032 193 danmo £400:- spnte maer cen aso mee versoclle

989 3320 2260 206 de waerde bij tijde te laten in voorderen, & soo de wissel naer de

1036 3407 2314 202 37p compt soude wel retouren begeiren, dogh remiteert niet sonder

1024 3501 2329 211 voorder advies, soo de penningen minder als een maendt onder ul

1025 3603 2310 225 berusten, ben te vreeden geen intrelt te genweten, maer soo langer

1040 3699 2333 207 blijvei den intrest a 5 e p annue a rato te allowiveren, soo

1034 3815 2308 186 als ul schrijft ben content soo wel ten regarde van de provisie

1036 3908 2256 201 als voor het instaen van de brieven. gelieft den ontfangh

1015 4008 2244 232 deser te adviseren, op dat genist magh bijn, dese ingeslotene

1040 4118 2249 209 wissel brieven, ue wel sullen sijn geworden, waer mede naer

1045 4273 1131 183 vrindelijcke groetenisse blijven

5237 186 730 139 Adij 20 July 1720

3379 216 803 132 Lvrton Lanwel Boridge

3528 298 2416 145 ue aengename van 18 pass 8.5. wel ontfanghen, waer bij adviseert

3460 409 2415 135 dat mijne ordre voorr 60 stucken perpet: van verscheyde prijsen seb

3511 482 2461 152 voltrecken om met sohn Ewings te versenden, dat geloove noch lancke

3514 561 2475 163 sal tarderen, & ben bij die van N. 80 seer verlegen, & in plaet van 10 ps

3503 646 2443 146 gelieve 20 ps. te besorgen, & de 20 ps. van N.30 met die van N.80

3478 796 2350 123 bij een te packen, soo haest mogelijckx & sult de selve op london

3531 866 2367 149 versenden, & addvesseren aen Dheer charles bolleuyrer, & aen ditto heer

3505 950 2375 146 daer van advies geven, met bij voeginge, dat hij dat pack p eerste

3512 1049 2412 157 verstreckende schip op ostende sal laden, & aen mij addresseren ul moet

3522 1133 2429 162 alle de stucken met inck op de lict teckenen N.° 70. N.80 als vooren

3513 1219 2438 179 de bale N. 26 hebbe geopent, & bevinde die stucken niet geteekent sijn

3531 1326 2452 169 oock vallen wederom soo scort van mate dat die tot de voorige prijse

3514 1428 2438 146 niet verloopen cang daer sijnder die maer a 28 meten, moeten 32

3484 1526 2463 165 ten aldermintten 30 ellen sijn blijven, als die geverft sijn, dan

3525 1630 2450 161 recomandere nochmael de versoghte 30 ps. te senden die hune

3521 1705 2482 161 volle lenyde & breede hebben, oft kent geae den liest van N. 80 wel

3522 1811 2454 165 t'observeren & van geen ander fabriqueur te senden, waer mede blijve

3527 1900 2423 180 in af waghtinge van ue antwoords ontrent het versenden van

3506 1994 2436 202 N. 70& N. 80, samen 1o ps op london & groote ul van herten

3478 2138 1193 162 de 30 ps. a 50:6 p ceninge

5381 2111 483 213 Ady 20 d

3394 2238 1195 182 London Rebecca hamitton I Cooke

3532 2299 2472 211 op 13 deser was aen ue mijnen laesten met facture & cognessement vande

3517 2428 2382 194 38 ps. tijien clijn srrepres, in N.14 opgepackt bedragende ƒ 420:17

3527 2549 2490 139 voorders referrere mij aen den selven sedert become ue aengename van

3530 2619 2406 163 4 deser. G.3. waer op tot antwoordt segge, dat ue oft mij abwijs heeft

3534 2720 2435 170 ontrent de wissel van £100:- op de Clous & vinden berg, ditto, brief

3514 2809 2395 180 is betaelt soo als ue op 19 pass. geadviseert hebbe niet tot 36:55

3506 2957 2447 136 maer a 36:8 et que is vervolgens daervooren gecrediteert in wissel

3515 3042 2398 199 gelde voor ƒ1100:- soo dat alles wel is, de cottune van onse

3528 3144 1245 166 borte geeft maer 6 dagen gratie

3538 3184 2470 199 wat ul gelieft te leggen, dat gedisapointeert tijdt dat de voors tijlen

3524 3296 2469 205 noch wet hebt ontfanghen ick cn dat niet helpen hebbe ul diemaels

3513 3399 2481 201 genoech geschreven, wat tijdt noodigh is, eer die gemaeckt sijn, hebbe

3534 3479 2465 199 meer moeyte voor wijnige van die stoeekens als voor houderde ps

3543 3601 2461 177 van de ordinaire bedt tijken, & daer bij de provisie val soo clijn

3543 3742 2477 171 gelijck ul: wel siet dat het de moeyte noet weirdt is soude mij van

3510 3787 2486 238 dese comissien excuseren dat het niet ware om dhope van groote

3544 3951 899 190 partijen in bedt tijken

3532 4011 2487 192 sien dat m hamulton naer vlaenderen & vranckerijck gereyst it & dat

3546 4105 2435 171 het geluck sal hebben van ditto hier hier te sien, sal hm met groote

3550 4218 2446 178 impatientie afwaghten, & sal ooc niet manqueren van hem mijn

3494 4275 2531 177 dinst te betoonen waer in mogelijck sal sijn, groete ue van herten &blijve
