8413 4706
875 272 1097 183 Bruxelles d'heer Henrico Tiornans

2160 264 971 180 Ady 29 meert 1722

1080 406 2306 141 ue mij secr aengenaeme van 27 deser wel ontfangen waer op tot

1077 498 2131 199 antwoordt segge als dat maer 2 ps twerte perpeb. van N. 80

1042 602 2253 223 opps van N1 van den perset tegens tocomende voorsiagh sal

1043 735 2221 212 connen gereedt hebben die aen ue provisionelijck sal toesenden

1056 857 2315 190 daer solder oock s pen van N. 70 g5 nt a 5ps van N. 66 oock eenige

1077 990 2296 191 van N.56 bij aldien ue eenige van de laeste N gelieft bigedaen

1072 1100 2196 179 te hebben versoecke op ontfangh deses ue antwoordt daer synder

1074 1203 2309 182 partyen bij den verved dogh dat sal noch wat aenloopen eer de

1081 1311 2202 199 gereedt sijn dit tot ue naenght g blijve naer ue geweenst te

1089 1429 2277 179 hebben inschelijckx eenen aentaenden saligen paschen ggroete

1095 1561 555 108 ue van hertent

1051 1641 2125 179 P. sende desen p post alsoo het swaer weder maeht

1073 1768 1364 180 qien vreest de hele niet afveeren sck

2194 1873 889 172 Adij 30 mais 1722

896 1877 929 187 Mons Jacques Masson

1090 2001 2235 196 le mesagied ballasse m' a fais vois une lettre de vre main

1073 2122 2280 200 p vie vous meande  perpet: blauchie de ƒ35:- ouƒ 40:-

1105 2237 2151 207 la piece ce que ie vous ay envoyez p le dit ballot ne

1080 2364 2141 194 doutant pas que vous ne l'avez reccu il vous plaira me

1101 2480 951 139 crediter dane en saite

1100 2555 2293 224 ie 28 mars mills sept cent viagt deux une perpet. blanses

1082 2702 2180 204 N.1. ƒ35:- vores la trouveray belle q bonne bien

1100 2836 2251 125 blanckie ou ie vous puis vendre d'autre service cmmande

1119 2931 929 188 qui a l'honneur d'essue

898 3012 957 219 Turnhout de wert Robe

2061 2984 890 247 9 dir d 10

1114 3092 2248 245 ul brief van 25 deser ie door ue soon met het stael van het

1105 3262 2292 192 gesoden geren wel behandight se heeft sijn boodt schap wel gedaen

1107 3366 2289 189 met twjfelende oft sal uul oock wel de monselinge antwoord

1121 3476 2225 205 naer behoeren gegeven ick sal dan een ¼ ap macken gt

3009 3582 119 92 ƒo

1116 3602 2248 207 hebbe gisteren ordre becomen van den resen voor 120 sijken

1124 3720 2202 197 die hier aen den voedt aend stelle gelieve de selve mijtoe te

1123 3844 2228 197 senden & can ue  groot loot met geneeft hebben sendt

1139 3952 2196 191 even wel de ressenende want mijn vrindt schrijft daer

1116 4102 2276 173 naer niet te waghten date met het naese pack cou

1112 4179 2287 215 comen hij laght wederom sterck van de laeste  5 segelen

1130 4307 2147 223 breede stoepen eght van geen goedt garen noch te wel

1133 4445 577 125 gemaekt syn

3571 238 2454 187 daerom moet ue nu beter senden oft moet int soecomende bij ande

3559 396 2434 168 gaen tot ue naeright sal de tijken tegens donderdagh verwaghten

3531 477 1340 194 waer mede e groetenise blijve

3711 612 1651 238 16¼ groot loot, 30 smalle 16 breede frepen

3702 766 1325 162 20¼3 segels, 10 smalle nno breede

3707 872 1055 196 10 g groet loet & 10 smallen

3682 980 1362 243 to 3 segels a 30 smalley 10 brueede

3742 1144 1031 217 4½ gvolloot, 4 sinalln

3633 1298 364 233 120dd

3637 1474 228 182 D

3473 1484 2257 261 Bruxelles d'heed Hennes TBornans Ady 2 april 17212

3592 1665 2254 231 ingevolge ue mij seer aengenaem van 30 pas soo hebbe

3569 1817 2444 214 alleenelijck maer toegesonden de dy perpet p beurtschip en een

3570 1941 2395 204 packe  waer vooren mij gelieve mij te crediteren als volght

3596 2082 225 117 2me

3552 2065 2361 224 D april 1722- n 2 swerte perpet. N80 .. aƒ 57:- ƒ114

4926 2195 977 171 „ 2„ 36:—„ 36

4185 2199 454 174 1 ditto

5235 2317 670 214 samen ƒƒ150

4278 2352 260 151 2 p8

3573 2415 2167 183 in wissel geede niet twijtelende oft ue sal daer van

3398 2580 2614 186 vergenoeght sijn sijnde scherlijck geen rebaten q ui sal de selve

3572 2660 2444 224 bevinden als de voiige soo haet de andere gereedt sullen wesen

3554 2824 2387 192 sal ue daer van advis geven waer mede naer eer vrindelycke

3539 2915 707 161 groetenise blijve

3492 2995 2238 268 Bruugge dheer aauvence van Rontergen Ady 5  172127

3567 3184 2402 212 ue aengenaeme van 28 gebe lest op syn tijdt wel ontfangen

3401 3246 2571 261 daet bij gesien dat het pack,  M5 te laet sal geenen syn

3586 3467 2374 179 om niet wortelle te vertrecken dat niet helpen conde echte wil

3593 3605 2289 156 niet twijfelen oft sedert occasie voor gesomene gdat voor nu tot

3578 3668 2434 224 londen in salvo sal sijn gearriveert dee tot advis als dat heden

3573 3813 2403 184 p wagens van gendt die morgen vroegh vertaecken ul toe gesonden

3584 3920 2450 218 hebbe een pack B.N°55 intendende hondert gtrintigh tacke

3400 4045 2515 213 tyken dat gelieve e eetste vertreckende schip geliet op londen te

3582 4189 2477 164 verenden & t addresseren aen d'heer John tatuall g aen mij eonpost

3582 4333 2499 112 rek op ontfangh van ditte pack te laten toecomen c cognseme

3588 4409 2463 107 als doenelijck is wescke ue eenen saleyen paschen g blijve naer vrinde groete
