8317 4740
914 284 2403 150 frere m'avoit dit peu de temps avant la mort de nre dit beau pere

924 383 2448 142 de vous adviser quil avoit mis la lettre, ou responce des conselliers

918 466 2330 167 fiscaux du consell en flandre, en mains de mons: le consellier

908 625 2450 154 fraula de bouxelles pour vous estre delivre, & quil avoit eu la

938 696 2465 151 bonte de l'en charger, ce pour quoy ie vous prie de solle cette

930 793 2487 184 lettre de luy en bassurant de nos tres huibles jespects, & de poursuiire

939 934 2467 120 cette cause pour que nous proissions obtenir bientoit in fins vous

954 1042 2364 122 en saisfaire, l'embaras & les affaires cnevitables de la maison

955 1103 2373 167 mortuaire ont este cause, que ie ne vous luy mande plustoit si

966 1209 2442 175 cependant vous suppeseries, que cette fante poursuite monteroit

943 1327 2345 175 fort haut vous me feriez plaisir de me ladviser, pour que

970 1439 2343 186 J'en donnerois part au dit si Coppens, comme cette affaire

984 1542 2395 212 ne me regarde seul entre temps ie suis tres parfhittement

2667 1637 679 157 Ady 2 xbe 1728

792 1678 851 206 Lille Madam Van Zeller

988 1741 2396 184 J'ay receurez sen tems l'honnur de la vre du 5 du passé p la quelle j'ay

984 1840 2423 204 ette marce d'apprendre comme aussj mon espouze vre indis position mais

976 1912 2402 243 en mesme tems, ravie de voir p oicelle vre retublissement entiere, coonme

962 2018 2455 188 aussij l'heureux accouchement de madame van Zeller vre belle fille, dont

961 2110 2438 223 nou vous telicitons, comme aussij toute vre chere familez esperant que la

964 2233 2432 251 mire & lentant continuent en parfaite sante, & que le bon dieu le leurs

967 2315 2485 241 laissera eslever a la plus grande gloire, & leurs satisfactions. ie vous demante

984 2415 2326 237 escente de navoir respondu plustost a vre ditte chere lettre a quoy les

985 2513 2464 244 requelites affaires de la maison mortuaire ont contribere beaucoup puis

895 2609 2555 243 que pecluis saul icy, & que mons: Coppens n'en fait vien, pendant son syour

975 2695 2453 249 que de nous fger tellement que nous de vons tenir quelque fois

985 2782 2447 272 le bit, sur tout mon esponze a cause de la grossesse. il est bien qui vous

999 2894 2450 233 ne remetteray point pour comte de la maison hortuaire, avant qne ie vous

988 2989 2441 245 l'eut mande, vous priant de ne le pas faire jaussy a mons.: Coppens, pour

942 3073 2529 272 des raisons. ie vois que vous avez receu de piere boussemart le 25 sbre12s

960 3180 2429 280 ƒ700:- pour le parfait depouille 1727 & du s pour bille le 7 sbre 1728

970 3259 2490 364 ƒ82:10 y deminue 6 sols, donne a la servante rette ƒ82:4 & cela pour

956 3428 2446 232 la moitie de sx mois de loyer eschue au mois mars 1728 de la maison,

968 3456 2515 326 quil occupe ce qui est bien, vous priant d'en crediter le compte de feu nre

966 3577 2524 334 beau pere en la debtant a len contre des parties que vous marquez d'avoi

979 3701 2500 299 paye pour luy scavoir ƒ5:- pour la moite de vefection de la ditte maison,

947 3793 2550 317 9: 12 caux 2 priseuts dicelle & pour les priseurs des biens de la Campaque

954 3915 2522 325 ƒ 46:- ie vois que la maison du S pour ville est prise a ƒ12650 en eatiern

979 4014 2505 287 i'ay trouve le meinoire, que vous m'avez envoye de celle de la campanne

966 4150 2518 237 dont vous avez envoyez la prisene a monss Coppens comme ie ma

977 4260 2511 242 marque, quil y at deux petite pieces de terres, de deux cent & tout

994 4373 2505 212 cart vous de la lig de le viyne, qui ne le trouve pas, & que boussent

3466 230 1821 183 55 verges de terres rapportes de lautre loode

3468 316 2536 191 tem Disa lens de ferres a fabeur prise en wengt

3470 421 2581 235 14 deuxx liens o environs dituces ou dit il ambrechie

3643 481 2350 185 haboutans de tous coostes aux heritage de bieur

3656 577 2335 189 de lannoy a prendre allencontre du jpit lieur de

3672 714 2345 160 lannoiy et mechel d'illies achetes le 17 aourt 1712

3691 761 2333 196 pour lle bieur Jacques de fannoge par seopoled

3691 864 2162 191 o desbonnet de ferre die mont leuvae de

3734 1005 901 180 Gerome d'halleuris

3480 1105 2452 282 300 Jtern trois ers de ferves en fardin dituces

3719 1238 2264 214 a tambrechies reprise, dans le fardin occupe par

3764 1381 2226 165 Pierre Boussenant a Wambrechies achetes le

3738 1429 2302 211 16 fevrier 1515 pour le fieur lacques de lannoy

3753 1522 2310 217 part le fieur Robert francois de flannoij fieutenens

3740 1617 2264 207 de la gouveriance de Lille bon srere oo davie

3737 1734 2190 218 fenant  Jnque eguen et des jeano I Bapte

3475 1807 76 83 t

3489 1788 2572 267 Baron, di quels terres om mest poun anforme

3704 1901 2340 172 dutrement deshaboiets daectant gillt mij lalf poin

3476 1968 83 116 12ed

3745 1976 2349 210 d'autre le tre d'achap te que la quettance o jcelles

3547 2161 2492 255 80 tem. S. Berges de terres dituees a  aibrechies

3780 2295 2179 189 achetes en fau 1713 pour le bieur Jacques de

3766 2361 2295 182 lannoij van seopal desbonnet anaen stermier de

3794 2525 2154 124 la bete ve les Bouveries a lambrechies de

3816 2498 2267 229 benart desprete et onoors pour estre incorpon

3816 2677 2284 138 dans l dittes ence quil occupont que est presenteme

3800 2741 2193 176 occupe par Rerme  Boussemant dont il hy at

3815 2825 2156 181 poinn des lettres d'achapt ce pour quoi on ne

3819 2911 2180 197 scait poin les habouty la ditt desbonnet en en

3820 2963 2294 209 aian sprise qu'une imple quittance quele a dit

3806 3091 2301 150 en disyes avoir esgare ce qui at fait quil a prise

3809 3163 2142 162 en satter die 12 suillet 1:28 un certificat de

3833 3194 2208 224 erfin des Riemause cemeurant a marquette

3817 3337 2265 198 efde feans deprez demeinant an illambrechies

3825 3436 2250 160 pritiers de sentenant deppcy et procureur specuaun

3828 3540 2220 153 a leurs bongors par on ls cerstifient que le

3819 3604 2268 164 it lsenant depreze a estes enterement Patisfact

3825 3676 2256 154 des fus dit & to berges de erres par le dit sebpol

3722 3772 2390 207 des bonnet comme il de pisse voir plus amplement

3812 3851 2275 155 par loriginelle d'jcelle sen mains, de Madame

4902 3966 152 84 & lof

3791 3962 757 158 rans exeeller

3690 3972 2234 247 25  therges deterres montent le nibre des terres

3874 4079 2181 174 achetes parale lieur lacques d lannoy pour cstre

3859 4174 2145 165 Incorpoye dans la bence de Be verce Jocluipe par

3896 4259 2214 135 pierre Boussemant et Madan an celler marques

3888 4330 2221 107 par un petit memoire quellee at voe comme si ces

3890 4417 2205 93 acquise ne monferoit en tostal que 14 serges ce qui

4037 4423 1916 126 quil ene  580 lerges quelle ½ aries de Moulo

3888 4465 93 91 6d
