8234 4692
5038 176 885 163 Adij 25 Janu 1720

3419 205 870 187 Edremen John terhell

3506 287 2426 162 ul mij seer aengename Jan 5 deser, wel ontfanghen, waer bij

3502 370 2488 201 versoecht te vreeten, hoe veel sacken Jan heer in een last tot

3500 439 2515 233 amst. sijn, seggende tot antwoort, dat onse maete vangranend

3486 541 2501 279 seer rijnigh monder is, als tot amst. met verloopt hier de

3498 662 2508 254 grancn met de diertes, 2 viertelen maken een sack 31½ vierte

3464 750 2543 263 door eene last, hier, & tot ams 38 van die maese voor een lalt

3521 845 2362 207 dat is ontrent het selve & het verscie dat ons maeke tot

3495 925 2432 226 am een vrijnig minderie, compt door de laccasie dan

3514 1034 2497 257 scheip doen, tote ontladen, soo ons mate is seer rijnigh

3523 1138 2379 271 minder als die van amsp ingeslote eene nitto notine

3538 1226 2472 236 soo van de maete der stede, als vande reghten hier uytgaent

3495 1331 2300 277 & incomende hollantse Jan detarwe Rogge & oockwej

3516 1457 2502 213 men can van hier naet afladen di reet op costij, alle waren

3475 1555 2514 224 die door hollant pasteren, moeten daer gelost & verscheept

3534 1633 2495 231 worden, & dan bedient men segh met het reght van trantiso

3478 1746 2411 216 dat vrijnigh betaelt, de vraghten van hier op ams sijn

3537 1846 2497 242 present seer seviel, om de wijnige negone met can die becomen

3514 1938 2512 279 voer 5 a 6 guldens p last, dit is de 31½ viertel naer advinand

3508 2050 2473 217 men die bedingen car den brabantsen rogge trecht sterck

3541 2151 2502 242 op hollant & af: gewesten de granen sijn goeden coop prinepael

3532 2234 2474 278 de tarwe, hier aenden voedt deser, den prijs courant hebbe

3526 2338 2516 290 goede occasie, om ue te bedunen, soude met, 1ed last, oft meet

3539 2450 2453 211 connen bedienen ick rille mits dande provisie daer bj

3530 2586 2446 214 profiteren, derhalve by aduu f eenige sende beguren

3531 2628 2466 287 versoecke us spoedige ordre soude een prindt tot antst

3549 2760 2481 242 moete stellen aen wie addressen die de selve seude moete

3528 2853 2519 238 ontfanghn & vandien schip in dander laden, & vant reght

3548 2930 2467 298 van fransits bedienen, gelijck idereen doet, die a costij in

3525 3060 2502 284 grance negbtieren, dit tot ue narighe & sal ue antr. verwaghten

3555 3142 2475 230 auy: 2 ingesloten brieven hebbe doen behandige, dheer janb. van de Jaude

3547 3246 2493 273 janier is gestorven, dog is aen sijn vader behandep, die oock ie wolle

3540 3342 2514 233 goederen negoneert & daer  geriust mag mede handelen dh gidis

3536 3399 2502 266 van laer, is een mans Jan groot capstack, & die doet noch wel

3561 3522 2450 210 het meeste en paye lakens &  Cornilie van ringen, is een

3562 3588 2480 276 eerlijk & traij coopman dogeen engels man, derhalven can men

3525 3667 2493 306 men niet vreeten, wat sapitael, oft maghe heeft, evenwel

3534 3798 2422 220 daer is geen ongerustigyt in te makens s defer soo het

3545 3872 2466 292 schijndt, quittert de negosie, iets voorders van u d

3559 4011 2399 229 voor vallende gelieve te commanderen ue mes twe te gemoet

3561 4098 2479 227 sende blijve naer cy mogelijck gewenst te hebbe alle bedenckerijdte

3570 4235 2453 187 benderien des kemels moet koopende nune jaer & groete

3569 4403 556 91 ue van hute
