8193 4685
2476 190 661 130 Adij 11 gber 1719

687 220 673 145 London Geerge Birgoe

812 275 2466 158 beyde ue. aengename van 16 & 19 pass te gelijck wel ontfanghen, met den eertten

818 373 2403 144 den se conde brief van  £130:- aen mijn ordre geindors lest als mede ordre

829 485 2323 145 voor 120 ns tijken, waer toe de notitie met den tweeden hebt versonden

836 555 2438 158 welke ordre wel is naergecomen, & hebbe die tijken tsamen opgepacke in N.10

835 627 2443 222 & is gisteren naer brugge versonden, met addres aen dheer laurence van rentergen

825 724 2430 192 hier ingesloten de facture bedragende in wisselgelde ƒ 1194:14 ½ syn alle

837 835 2398 163 van den maker t die ue: voor het beste houdt, & ick mede want geeft aen

835 913 2390 214 sijne wevers meer als andere, om dat sij de tijlen valter souden aenslaet

829 994 2407 212 & daer wordender geene betere gemaeckt, als de syne & om dat van ue ordres

844 1092 2385 220 verwaghte hadde al een partije doen gereedt maken, want sijn altijdt soo

846 1182 2399 219 wel niet voorsien, hebbe moeyte gehadt, om 1 p te becomen, seggende, dat

857 1307 2348 174 dan soo uyt geseurt goedt niet geven can, even wel hebbe dat voor dese

859 1375 2402 227 reyse becomen, & hebbe hem die tijken, ten dage van de leveringe betaelt

845 1505 2332 147 sal int toecomende ue: allijet van desen maker senden, maer gelieft soo

844 1599 2436 214 goedt te sijn, van mij een wesee oft twee tijdt te geven, om van sijne curieusse

855 1666 2393 228 goedt te hebben, gaen dan wel eens selver, om die wyt te soecken, gelieft mij te

845 1792 2351 135 laten weten, oft ue in dit jaer noch eene bale gelieft te hebben, om

865 1881 2335 167 volgens te reguleren, daer is tot brugge een schip gereedt om alle dagen

857 1949 2341 181 weder & wint dienende te vertrecken naer coscij, hope dese bale noch in

830 2053 2409 189 tijdts sal comen, godt laet de selve ue wel geconditioneert ontfangen

845 2147 2410 183 & waer in ue eenigen aengenamen dieust can doen gelieve te comanderen

2635 2249 598 185 Ady 11 d. 1719

862 2292 1409 163 die met de wijfertt genegent ijot blijve

665 2391 816 178 Brugge Gentergen

874 2396 2437 223 ick: aengename van 4 deser wel ontfanghen, daer bij sien, mijne twee packen

868 2523 2435 182 N20 23 geladen sullen sijn in donuue de groote, & sal de selve vervolgons

878 2682 582 133 te gemoet sien

891 2648 2372 240 us: hatdde het pack tijken ƒ:10 becomen, & wirt op 4 deser geladen in

881 2766 2336 205 den schepe van lucas trobant ben verwondet dat ue de choort rekk

893 2867 2358 191 niet en sendt daer ue: genochsam weedt dat de facture niet senden

880 2982 2263 216 can, ten sij die oncort re hebbe, derhalven come met desen ul

899 3041 2384 211 andermael aenmoedighen, om die mij te laten teecomen sonder voorder

900 3145 2409 172 diley heden hebben ul noch een andere bale tijken NN10 toegesonden

909 3245 2344 169 inhoudende 120 ps tijken, sijnde voor rek: van dheer george vergoe

881 3358 2420 168 de oncosten op de selve, sal ul op sijne rek. brengen, & hem heb coguosjesu

914 3465 2358 162 toesenden, verhope noch in tijdis sal comen om int schop van trobant

902 3555 2358 171 geladen te worden, connende die schipper niet vertrecken door den

904 3658 1981 179 contrarie windt ue missive te gemoedt siende blijve

878 3708 2431 199 naer het stuijten deses ingeslotn verneme de bale tijken niet vertrocken is

917 3781 2391 218 ben veraccordeert met den voerman adroiture op bougge, de selve te lewern

915 3904 2390 190 aen ue op woensdagh toecomende voor ƒ10:10 sonr gelt, & by faute van

918 4070 1438 114 langer niets te betalen tot ul naeright

932 4089 2363 162 ingesloten een wissel briefie van sff£116:- a 36:4 tot u laste

932 4230 1795 166 wellie gelieve te accepteren & mij weder te senden

5909 157 96 121 5d

5174 160 582 133 Ady 13 d: 1719

3333 193 920 154 Lironhoudt ven Manghen

3502 245 2409 181 fatuall schrijft mij om 60 ps tijken & alsoo noch 5 ¼ groot lost bij hebbe

3486 338 2416 200 soo moet maer besorghen, 53 us. als hier onder geneteert, & maeckt dat die

3477 458 2421 172 toecomenden d'onderdagh sonder faute afcomen, itt dat uk: geen cans leedt

3489 564 1926 186 gaedt bij sanen, die heeft sijne tijken altijdt geppapoeert

3702 666 1128 158 20 ¼ groet loot breede strepen

3730 757 823 156 5 u groot lost ditto

3679 830 1334 207 20 ¾ 3 segels 12 breede 8 smalle

3711 934 899 191 10 ¼ 3 sigels to breede

5161 937 635 199 Ady 13d: 1729

3339 1069 837 172 Brussel wed: Boremans

3529 1110 2440 184 ue: aengename 22 sber lest hebbe by tijde wel ontfanghen was verwondert

3535 1212 2421 174 us: noteerde, dat de vaert wel 6 a 8 dagen ingeloopen was sjdt verseleert

3510 1283 2457 204 dat de goderen met het eerste schip dat hier in ladinge lagh sijn vertrock en

3533 1464 2408 117 niet twijfelende oft sijn ul bij tijde wel ter hant gecoman ne hebbe in

3520 1497 2313 174 langea tijdt van ul: niets vercomen verhope eghter ul in volle

3527 1625 2040 161 gesontiet is, & dat wensche voor lange jaren nogh deren

3482 1660 2519 189 nme de ordinaire libert ijdt van ue toe te senden, de 3 quitant ien te laste de

3509 1752 2506 177 staet brussel, als aen den voedt deser bedragende te samen court ƒ 142:0 ½

3517 1870 2496 158 & alsoo dat mijne tanten ujapabel sijn hunne goederen te regeren, de eene

3520 1966 2361 183 door hane blintijdt, & ne corts door en vallinge, oock stoen geworden is

3521 2042 2440 216 de andere door de overhooge jaren niet meer teekenenen asoo ben

3536 2117 2466 189 bij requeste aen onte magistraet geautrriseert, om voor hjn alles te

3523 2205 2356 216 beckenen, & te regeren, waer van een copye antentique mede sende

3531 2300 2482 195 versoecken den rentmeetter op sijne boeken te doen aenteckkenn, mijn persoon,

3533 2433 2392 204 bij procuratie & iets waer in ul. eenighen aengenamen dienst can doen

3541 2466 2411 238 gelieve mede te comanderen, hett nune engels convoij is, goit dancke

3545 2583 2374 227 behouden gearriveert war mede een schoone partije perpet: van alle

3539 2729 2236 205 prijse hebbe becomen,tt ul dienste, & groete tli vee herten

3998 2821 1153 167 eene quitantie va ƒ52:10

4758 2907 393 119 „ 43:15

3999 2955 413 118 eene va

4734 2959 494 139 ƒ 45:15½

3998 3014 380 149 een d

4702 3009 1310 244 ƒ 122:0- ady 14 gber 179

3375 3137 923 200 Brussel Steph: Rousseau

3516 3186 2496 240 J'ay bien receps les cheres vres du 6 & 11 court. celon la premiere vous este

3510 3315 2505 153 debite pour ƒ200:- de change receu du S van den duelche p vre dernier

3552 3413 2451 171 une modelle de la grandeur des laladieres en papier, & aussij ene ps

3556 3527 2463 155 d'argenterie ce n'ost pas cela que ie souhaiterois, cependant ie trouve

3548 3643 2470 165 que cele fait asse bon figure pour servir a petit couvert, & ie veu

3550 3707 2419 170 bien ces uit ps. mais ie veu bien vous dire, que la petitte mosure

3561 3797 2446 190 ne conient point a la molure du bassin, qui est avec un cordon

3554 3903 2393 222 p cxemple  & pour bien estre, la imolure des saladieres, doit

3565 4012 2403 150 avoir la mesme molure du bassin, ie crois que cest la mesme hose

3576 4104 2390 182 a louvrier, de faire lune, ou laautre, ainsij il vous plaira luy dire

3565 4153 2444 268 qui fasse huir periter saladieres, comme la modelle qu'avez envoyez
