8365 4726
844 242 851 191 Ahen rotf. Hegendall

2832 269 571 144 Ady 10 mey 1724

1069 347 2234 124 ul: seer aenge van 29 passto aen saltes helena rouvels swart

1064 471 2310 141 sulter geschreven is door de selve aen mij behandight daer uyt

1064 553 2342 136 met plaisier verstaen als dat ul: de versoghte lamers soude open

1074 629 2355 187 houden darom com ul p desen te laten weeten als mijn hertte

1081 757 2339 141 met het geselschap morgen vroegh van hier versreckt en hope

1063 820 2356 159 op saturdagh toecomende tot alen sullen arriveren darom geliev

1046 960 2289 122 de paiers voor aen straett gereedt te maken te weten

1068 1022 2237 167 d'eene voor vron & man & dandere voor mij herste met de

1069 1158 2333 115 swart suster oock stallinge voor twee peerden & scapen voor

1062 1232 2327 114 den loether gachter saeght op dat alles thannen errivement

1066 1295 2021 138 veirdigh magh wesen mij hier op teenemael verlatende

2910 1406 422 144 Adij 17 mey

1051 1412 1169 146 blijve naer seer vrine 7 groet

889 1523 662 145 London John Patnall

1067 1602 2331 175 op 6 deser was aen ue mijnen laesten, waer aen mij gedrage, sedert geene

1056 1713 2354 127 van ue ontfanghen, desen om ue te adviseren dat de 20 ½ 3 segel schoe

1043 1797 2370 127 strip haest sullen gemaeckt sijn, derhalven verlange naer ue voordere

1043 1854 2380 176 ordre, & ul remises van £180:- tsamen, sullen over morgen betaelt

1043 1941 2340 203 worden, hope de twee versoghte orologien int cort sullen gereedt wesen

1052 2023 2327 238 om mij toe te senden, bidde de selve wel te grroberen, oft die corect gaen

1035 2131 2304 215 & dan door den orologie maker te laten packen, alle beyde in een

1056 2223 2356 216 lasken, dogh moet wel sorge dragen, dat dat cassien sterck is, om dat

1039 2310 2351 222 niet in stacken, soude connen gebonden worden, & wel valt toe maken,

1041 2427 2312 177 oock dat de orologien malhanderen niet connen raken, daerom int

1038 2515 2369 160 midden van het salken, een separatie te moken, op dat iser orologie

1034 2592 2358 210 separact light, & wel in fijne wolle gepaght de voologien moeten

1047 2717 2307 152 ider ben leere over casse sijn naer gewoonte re comandere herteleijck

1041 2805 2375 178 de goede sorge, & gelieft de selve te adresseren aen dheer colens directenr

1037 2897 2350 208 de la poste d'anvers a anvers die de selve mij wel sal behandigen,

1046 2985 2377 191 ul: moet s p post versenden, waermede deere van ul antwooret

1037 3153 1201 144 afwaghtens blijve naer groetenisse

1038 3251 965 145 het adres voorde orologien is

1042 3353 346 145 Monsieur

1039 3446 459 126 Mons. Colins

1034 3522 912 159 directeur de la poste d'amers

2843 3612 578 168 Adij 18 meij o14

1302 3656 425 133 a Anvers

2967 3788 167 108 me

901 3756 901 184 Brussel Stephano Rousseau

1028 3844 2325 192 J'ay rececu en son temp l'honneur de la tres agreable vre du 9. courant

1024 3917 2352 214 p la quelle ie vois que le S Jean de Broe a rabattue 10ƒ sols de

1046 4048 2327 154 change sur ma derniere remise pour les quelles ie vous ay credite

1032 4150 2361 172 vous estant tres oblige pour l honneur fait a ma traitte de ƒ900:-

1028 4259 1733 142 de change a lordre de mons. rumodus Bach

1029 4371 2379 165 ie prend la liberte de vous envoyer cy joint trois quitlances

3560 245 2445 146 a la charge de la ville de bouxelles vous priant de procuerer le payement

5931 311 126 116 241

3565 320 1837 178 & me croire que ie suis en tous occasions sans reserve

3560 433 1087 151 une quitance de ƒ98:

4352 522 466 139 „ 45:15½

3577 538 382 129 une ditto

4378 625 324 151 „ 28:-

3562 621 329 136 nn d

4223 647 111 168 f

4344 630 1432 260 ƒ 173:13½ bn argent de change. ƒ

4002 704 273 186 Condt

5414 789 635 166 Adij 19 mey 1724

3472 853 884 181 Liverton Samurel Burridge

3556 944 2431 159 twijfele niet, oft het is aen ue genoeehsaem bekent dat de uyelsche wolle

3576 1079 2363 125 negotitie over genigen tijdt gequitteert hebbe, & lieur advianus uyt hoven

3569 1118 2444 218 mijn goede voint daer inne gestelt is een seer braef man, waer mede

3567 1227 2450 205 groote partijen gedaen hebbe hij heeft over langh de engelsche wolle

3567 1327 2497 174 negotie geesterceert, soo in sacges perpet: als drogetten  & is ten

3558 1463 2484 164 hooghtten daer inne groaven & vermits hij aen ue geene kennisse

3561 1576 2407 160 gehadt heeft hebben andere voinden hem bedient & om onse onde

3550 1638 2511 214 & langhdunge correspondentie, hebbe ue aen hem wel willen recomanderen

3563 1783 2509 129 & op mijn versoecke, soo sal hij aen ul: wel eene ordre senden, voor eenige

3564 1880 2461 118 perpet: bidde ue beste te doen, van hem wel te bedrenen, soo in den

3569 1931 2461 191 goeden puijs, als in de goede qualitijet hij debiteert veel goedt soo dat

3570 2025 2494 186 hij metter tijdt voor ue een goude correspondent soude connen wesen

3582 2100 2496 198 uk: hen dan hertelijck recomanderende blijve naer vrindelycke groetenisse

5390 2224 587 172 Ady 20 mej 1722

3470 2272 818 168 London Schoppens & EDwards

3571 2392 2432 109 ue seer aengename van 17 pass 8.5. wel ontfanghen, daer benevens de notstie

3549 2444 2473 173 van overleveringe van mijne  £500:- india compactien, door dh: francisio

3578 2567 2342 162 rousseau tot amsterdam, voor mijne rekeninge verkoght bedragende alle

3579 2688 2352 130 oncosten afgetrocken, nitto seven hondert bijf &viertigh ponden derthier

3569 2746 2489 145 schellingen waer vooren ue: gedebiteert hebbe, & vermits alle fontsen soo hoogh

3561 2860 2489 159 sijn, sal van die gpenningen niet disponeren, derhalven sal notttie houden van

3587 2950 2237 119 den dato 17 april lest om den intrest a rato van 3 te van mijne

3602 3040 2421 167 pesningen onder ue berustende, te genieten tot den dagh, dat daer van

3587 3157 907 147 sal comen te disponeren.

3578 3211 2445 174 matie wel de grootste spiculatie op de banck aetien, dat die onder de

3577 3322 2436 192 twintigh p cento quamen te vallen, wel te verstaen, dat ue die tot

3579 3468 2498 126 hondert & twintigh p cents sonde becomen, gelieve seven hondert ponden

3577 3526 2518 158 sterlint banck aetien dan in te coopen, & het gene ue soude by rekeninge

3596 3611 2427 189 te cort comen, op mij te trecken, ten besten mogelijck op dat ue in

3584 3757 880 157 geen debours soude wesen

3583 3866 2491 143 voordert om 1000 fteschen, oft engelsche bottels geordonneert te laten

3596 3967 329 143 masien
