8248 4692
863 223 2280 143 comen sijn, ten ware de geverfde coffees ue: weedt wel benevens mij

837 244 2351 194 dat die coffees daer aen subjeet sijn, niet van plecken, maer dat te

864 394 2317 127 aen een, & het selfde stuck van twee besondere couleuren sijn, & dat

857 478 2369 126 rekent men voor geen plecken, tis nu (godtt danck d ontrent 2 jaren

876 580 2358 158 een half geleden, de laeste partije ick wil niet denckn dat ue opt

854 625 2345 195 laest sihanen soude trachten in te brenghen, ick verlange seer om

859 711 2373 221 onse oude reki te connen sluyten sal ue antwooort ontrent het servet

859 851 2362 200 goedt afwaghteen, & ue dan daer vooren crediteren soo sal uet eene

877 935 2341 175 rek: coutant toe senden alle de partijen sijn daccoordt het lieght

877 1011 2308 200 maer aen de res. vant servet waer mede naer dienst presentatie

2575 1127 561 182 Adij 28 febru

867 1181 472 148 blijve

2465 1253 128 140 ge

714 1253 765 195 sivertor Geerge Thorne

866 1231 2321 319 op 21 deser was aen ue mijnen laetten met advies dat het pack N. 221

875 1423 2281 175 in gevaer is geweest van te vergaen & wat schade aen het schop is

886 1518 2304 185 voorders referrere mij aen den selven gisteren become advies als dat

877 1617 2304 196 het pack in het minste niet beschadight is, daer den heere voor sy

863 1702 2385 236 gedanckt & sende daerom hier ingesloten remise voor s £110:3:6 en

2011 1831 1230 166 in london het notto import van

874 1896 379 118 ten laste

853 1913 2313 223 die bale dogh daer sal eene avane op vellen, dat uk bij tijde

881 2039 2368 172 sal adviseren sommige mijnn, dat het niet veel sal sijn tis beter

878 2134 2343 222 den toom, als het peirdt verlooren waer mede naer vrindely

2582 2232 505 171 Adij 29 d

881 2294 682 163 groetenisse blijve

698 2401 911 182 Brussel  wed: Borremans

915 2437 2356 208 ingevolge ue aengename van gisteren, soo sende aen ue hier benevers

894 2549 2305 193 2 stael boeckies van dropie die bij hebbe de sacges drapees, comen

911 2657 2229 206 ont soo hoogh te cotten, datter sijn gelt wet uyt te massen is

907 2656 2309 329 losten aen mij selfs sonder assurantie van de sa ƒ22:10. soo dat

911 2827 2292 242 niet ninder als ƒ23:5 het alderminste laten can  ordre

897 2947 2357 201 benevars de staeltoechier te rugge, afwaghtende blijve naer offres

2593 3062 686 199 Adij 2 meert 17000

900 3099 1390 190 van dinst, & seer minsame groetenisse

713 3225 916 187 London Cherles Bollengier

917 3224 2270 249 op 3 pass was aen ul mijnen laetten op 26 ditto hebbe ick benevens

932 3377 2322 213 mijne twee broeders qpedro, & ja prichiel melijn ue ordre gegeven om onse

920 3449 2348 205 actien in de 2 uyt ae comp. te vercoopen, soo die tet hondert vijf en

924 3600 2340 151 negentigh, oft iets minder quamen te monteren dat wij alle heden comen

923 3657 2346 171 te confirmeren, versoekende onse meeste avantayen te behertige, ider een is

922 3765 2329 153 van gevoelen tot 200 comen sullen, ue: sal de mijne met die van mijn

922 3836 2290 211 voors broeders te sama vercoopen volgens de gegevene ordre op 25

923 3952 2314 204 pass ditto, hier ingesloten mijne procuratie soo die gereedt can

918 4044 2347 182 sijn, soo niet worrt overmorgen over hollant ul gesonden sonder

927 4201 2344 128 faute ins: aengename van 18 pass. wil ontfanghen dar benevens

942 4228 2332 223 mijne rek. courant die d'accoordt es bevondan & in conformityot

937 4348 2250 188 gesloten, & ul op niun rek. gedebieert voor £37:12 ƒ sterlin

3452 183 2487 139 voorders wat aengaet de intresten van de lotterye anneitres, hebbe den

3470 261 2475 142 ver vol dage 29 sber genoteert volgens ue schrijven, hoe dat het met dese

3471 342 2461 171 annuities sal ofloopen, sal gaerne vernemen vermits de veranderinge

3448 458 2458 167 gecomen is, dat die vn de luytsee comp. de selve hebben naer hun

3446 519 2285 155 genomen, op wat conditie te regarde van de geintresseerde ban seer

3431 662 1631 103 begeirigh te weeten, on volgens te reguleren

3461 660 2434 206 hope dat het divident van ditto la comp. veroalle 29 xber 1719 suls

3455 790 1870 160 hebben ontfanghen waer af advies gelieve te geven

3460 853 2438 191 d. de procuratie heeft ue hier ingesloten mijn booedert senden die

3475 950 2448 183 mede ider in het besonden waer mede blijve naer cordiale groetenisse

3438 1038 2482 231 & versoecke den ontfangh t'adviseren, als mede watter ontrent de

3479 1181 539 176 aetien passert

4090 1228 1106 189 Copye van de procuratie

3471 1340 2440 178 know all men by these presents that I Daniel Gerardo Melijn, oft the

3458 1422 2484 194 City of antwerp merchant do make consitute and apoint mr. Charles

3453 1530 2524 153 bollengier of London merchant my lawfull attorney for me in my name

3460 1651 2521 128 and on my behalfe to sell assigne and transfer five hundred pounds share

3481 1708 2479 169 or I intrest in the Capital stock and funds of the south sea Company

3468 1829 2490 162 in england to any person or persons and to Recive and give receipts

3448 1913 2503 191 for the consideration monys payable for the same and to do all

3465 2001 2394 171 Lawfull acts requisite for effecting of the premisses ratifieng and

3462 2121 2369 179 Confirming all that he shall do therein by virtue here of

3472 2195 2482 227 wittness where of S. have here unto set my hand and seal, dated

3469 2291 2466 194 at antwerp aforesaid the second day of march seventien hundred and

5028 2473 319 116 name

3469 2443 680 141 tuintie new stile

5754 2446 94 174 3

3494 2542 645 131 sealed and delivred

3488 2639 634 130 in the presence of

3500 2726 705 150 Jan B. Cogels Junver

3495 2814 700 154 henrieus Trappehiers

3482 2906 2459 178 Eg0 in fra seetut notarius requs, mimeri & destroctus  cevitatis

3493 2988 2318 186 antrerpie in du catu brabantie et tabellio pliblieus de claro et

3472 3082 2519 197 affirmo, quod daniel gerardus melijn, qui hoe inttmet me presente

3492 3186 2438 184 manu proprice subsignavit et sigillo confirmarit mili optime notus

3511 3265 2472 195 sit diti sont etiam soannes bad: Cogels junier et henrieus trappeliiers

3492 3379 2535 237 qui ibidem pront tettes subscripsere un quorroe fidem ac cobur has mani

3490 3513 2504 200 propria signo et sigillo uno antverque hae seconda marty 1720

3491 3613 1935 163 stle novs, dico millesimo septingente timo vigesimo

4600 3710 702 171 wat geteekent

4877 3759 672 240 good attester

4903 3937 714 182 ferd: snoegens

4917 4150 452 207 verte
