8372 4740
1049 270 2382 103 voorders soo gelieft ck al noch te ordonneren 115 ps tyken, die op ae

1052 374 2379 127 spoedighste sal provideren, & oppacken, in N.46 & naer ostende versende

1055 422 2376 141 versenden, soo haest mogelijck ue remise van  ƒ100:8  a 35:4

1044 539 2402 161 op hemy bevers tot brussel, sal om acceptatie versenden, & op sijn tijdt

1045 624 2396 118 de penningen in voorderen hebbe de 2 horologien noch niet becomen

1057 753 2329 123 geloove  naette post sullen oversomen, evenwel hebbe ue ten

1016 821 2386 145 dancke gecreediteert voor £14:12 p a 35:4 en voor het iemport

1042 951 2196 148 der selve, blijvende ul tien hooghtten verplight voor alle de

1044 1023 2415 197 genomene moeyte & waer inne ick in dese quartieren oock dien y

1049 1159 2405 168 magh wesen, bidde liber te comanderen die altijdt met de nyterste

1042 1268 1146 180 genegantijdt sal sijn &blijve

2511 1330 807 195 Adij 26 Juny 1722

911 1371 904 163 Turnhout Paedus Saven

1754 1456 100 118 6

1654 1491 69 94 62

1061 1459 2345 155 ue: brief van 5 deser hebbe op sijn sijdt wel ontfanghen & de

1056 1570 2311 210 assignatie aen ul sulter betaelt tot voldoeninge van de partije

1036 1671 2324 190 tijlden van 28 meij pass nu hebbe schrijven van mijn vrindt

1027 1791 2384 174 die seer claeght over de goederen de 8ops. van 15 april lest

1036 1871 2321 169 seght seer sleght sijn ben wel verwonders dat ul: mij soo

1054 2005 2248 185 sleghten goedt sendt dat can mijne calandisien doen

1049 2093 2366 195 verliesen wil hopen dat hij de partije van 26 meij bestaende

1058 2215 2276 196 in soops. beeter sal beinden hier aen den voedt deser

1053 2319 2312 210 hebt ue notitie voor 140 stucken voor den selven vrint

1029 2454 2354 148 gelieve de selve uyt te soeken & wel waghten van eenige

1052 2528 2302 197 sleghte oft gemeyn goedt daer bij te doen want soude

1047 2615 2308 221 tot mijn groote preseditie sijn oock voor ue dat wel

1053 2765 2346 203 cont considereren darom doeet ue uyterste best om mijn

1065 2844 2354 209 vrindt weder te anmmeren & ue can dan mede van het

1058 2979 2337 202 van het import disponneren gelieve tegens de naeste

1053 3125 2264 118 ofte toecomende ordre 20ƒ 3 segels moorkens blouw & wit

1046 3206 2302 147 te laten maken op dat die als dan sonder manquement

1073 3338 2251 117 mogen gereeet wesen & gelieve de onders ordre segens

1073 3420 2258 92 toecomende donderdagh gereedt maken & mij te laten toe

1063 3493 1533 184 comen waer mede n groet blijve

1107 3617 1629 169 „ 10¾ groot lost „ 30 sualle „ 10 breede

1099 3713 1590 157 „ 203 segels .„ 14 sual  „ 6 breed

1098 3816 1520 182 „66¼ 3 segels  „ 50 snal  „10 d

1099 3877 1518 226 430 ¾ groot loot „14 smal„6d

1124 4061 1482 194 330 p. van het alderbeste goedt

5319 234 710 168 Ady 26 juin 1722

3465 278 762 181 Brussel Steph: rousseau

3569 319 2498 211 J'ay receu l'honneur de la tres chere vre du 24 court p la quelle vous me

3565 452 2429 169 mande, de tirer sur amsp. pour vre compte, sur mons: fran. rousseau

3561 550 2476 183 en bancque ce qui me revienne, d'autant plus a cause que vous ne

3547 642 2508 177 trouve point des lettres de change sur anvers, pour me remettre j'aurois

3577 733 2480 167 execute vos ordres aujourdhay, mais comm le change n'estoit qu a

3600 835 2312 219 de d'avance, ie n'aj peu me resondre en cela, puisque j'ay

3556 945 2481 177 suppose, que vre intention n'estoit pas pour tirer au prix courant

3577 1043 2406 159 cependant si vous voulez m'ordonner ie s'acheray dessecuter vos

3562 1158 2503 170 ordres au mieu possible. sil ne faut pas vous embarasser pour l'argent

3579 1297 2488 148 que vous avez vre mains, pour mon compte, ce la si trouvera bien

3562 1394 2508 159 p occasion ie prend la liberte de vous envoyer cy joint une remise

3558 1492 2521 170 de  £100:- a 35:4 e sur mons. henry bevers vous priant de procmerer

3577 1575 2436 198 l'acceptationre quise, & de me la renvoyer, mon espouse vous fait

3568 1699 2508 187 mille compliments, comme moy qui e l'honneur d'este tres parfaitement

5430 1796 429 177 Adij 30 d

3481 1827 745 181 taebooeck Joseph Creniers

3555 1958 2412 181 twijfele niet oft u is genoechsaem verschert dat de vente van ƒ 1500:-

3558 2042 2430 188 capitael wissel gelde, die tot ue laste ben heffende, verschenen is sedert

3577 2137 2442 211 q ianu. beest ni ontrent de ies maenden geleden hadde niet getwijfelt, oft

3578 2228 2464 219 ue soude lang voor nu den intrest gesonden hebben dit niet sijnde soo

3595 2337 2480 187 come ue bij desen versoecken, van niet langer te delayeren sijnde selfs

3578 2434 2414 177 tegen inden ick sigh laet vermanen de halven hope dat ue, de

3578 2556 2479 172 toecomende weke het jaer crois sal senden om voordere brieven te

3580 2612 2499 207 voo comen, dit dan verwaghtende blijve naer vrindelyke groetensse

5417 2724 657 171 Ady  july 1724

3497 2765 1163 193 brugge lauvence van Rentergen

3539 2829 2530 164 Eue aengeneme van 12 &2o pass. wel ontfanghee, met den laesten de oncost rck

3572 2974 2508 136 van het pack tijken N45 monterende in corant gelt £3:12:4 waer vooren

3584 3026 2505 202 ul hebbe gecrediteert in wissel gelde ƒ 19:13:6. oock hebbe daer bij bevonden

3594 3158 1890 191 het cognossement soo dat dien aengaende alles wel is.

3548 3254 2434 151 desen principael, on ue te adviseren, als dat op gisteren e wagens

3584 3292 2502 209 adroiture aen ue toegesonden hebbe een pack tijken gemerckt  46

3603 3436 2477 195 inhaudende een hondert & oiertigh stucken tijken, dat gelijck het voorige

3600 3538 2455 140 op oftende gelieve te versenden, on aldaer geladen te worden in het eerste

3587 3625 2506 183 vertreckende schip op london, versoecke de verclaginge vervolgens te doen

3576 3733 2461 154 dtte addvesseren aen dh John tarnall in london, & de oncost rekeninge

3602 3828 2456 177 benevens het cognossement te laten toecomen, crto mogelijck aen die

3618 3952 1160 178 naer cordiale groetenisse blijve
