8091 4774
2399 194 654 149 Adij 22 sber 1729

647 199 1150 152 turnhoudt de wed: Jan Ba. Robet

799 292 2221 161 ue aengename van gisteren ontfanghen benevens de tret teenen

781 382 2438 133 genekelde vlal versoecke het werck voor mij te houden & te doen op doen, gelijck

712 486 2511 141 dat sijn moet & betaelt de hekelersen de oft: den vlasman is bij his geweest

788 568 2418 143 onm den sack van de tijlen, dogh alsoo de selve noch stae gelijck gecomn

793 669 2391 144 sijn, hebbe die niet connen geven hij is een braef man, & op sijn vooorde

787 801 2414 111 hebbe twee steenen vlas voor hen den van hen genomel tot eene preuve

775 847 2434 166 a eenen pattacen in spetie dat val gelt it, dogh alsoo seer curieu wil

797 930 2396 168 hebben, wille daer niet nae sien hij bewaerde voor mij van dee soorte ot

762 1001 2459 184 stenen, soo sonde dese toee steenen aen u om de selve op het spoedighste

778 1122 2368 201 & het fijntte te laten hehelen, den hujst, ofte werck te bewaren, als

771 1229 2359 176 hier boven vermelt & betaelt de hekelersen, voor hunnen arebijdt alles

791 1324 2409 140 sal uls ten dancke, weder gegeven worden, sendt dogh op het spoedichste

782 1388 2361 228 dit vlas wederom, gehehelt, & seght u sontiment hoe het valt op dat

790 1507 2061 218 soo ue dat approbeert voor sijn prijs de rest late comen

790 1580 2288 193 den sack met £200:- wijsel gelde hebbe geeachetteert, & aen dirck

807 1741 1192 158 behandight is wel overtelt & oversic

812 1816 2347 159 tot naich toe hebbe geene ordre voor tijken, soo gett compt salux

805 1941 476 128 laten weeten

816 1951 2357 221 wij hebben een crreur ontrent de lijn waten in mijne prejudtie de 2 ps

792 2095 2433 195 N. 42 staen ƒ 215116 vinde int naer seyferen, dat het moet sjn ƒ 220:16:

808 2178 2335 180 soo dat s ƒ5:- court: dat te val betaelt hebbe, is wissel gede ƒ 2:5-

812 2325 1996 174 dat sigh wel vinden sal, int toecomende, waer medel blijve

2461 2415 747 192 Adij 25 gber 1719

619 2436 1166 183 Tarnhaut de wed: Robert

816 2558 2398 129 op 22 deser was aen ul mijnen laesten waer aen mij referrere

742 2638 2444 188 desen om ue te laten weeten als dat landen ssusen een ordre

804 2745 2370 173 become hebbe dog alle smalle streepere, soo dat mij Lande 100

828 2857 2311 160 ps maer 80 bedienen can & moete 120ps  hebben soo

816 2867 2395 253 comender tops smalle strepen te cort, die de toesomende

829 3006 2314 228 donderdag sonder faute gelieve te senden hier aen den

841 3108 2333 214 voet deser die notitie, mijne boden clagen, dat ue nde

821 3239 2352 180 twee gesondene steenen elae gehekelt, te veel muyt hebt

822 3318 2401 208 ingelaten, & versoecken mij dat ue scryve souden ren

733 3463 2491 196 die tewee steenen vlus, die ue toegesonden hebbe, op het alder

797 3540 2419 256 fijnste te doen hehelen datter niet een pirs werck en blijfe

826 3676 2381 225 sij willen thoonen datte het supr fijn spinnue wel verstaen

824 3777 2354 175 soo de stoffe goedt at, dit jan: verwaghtende toesomende

786 3879 2086 178 donderdag de tijken groete ul van heeten blijve

963 3998 1282 214 10 & grootloet smalle strepa

973 4129 1044 158 5 Ap 3 segels smalle d

981 4223 779 129 5 is groet loet d

898 4267 1129 181 2818 3 segels de smalle

882 4395 280 118 40 nt

5132 172 860 134 Ady 23 gber 7119

3310 188 1089 200 Bergen Lacques masson

3473 225 2422 232 pour responce a lhonneur de la vre du 23 court ie vous derez

3453 352 2452 224 que ie suis encor degarnce de drogetts d'engleterre & mesme

3462 439 2467 200 ie n'attond point p le premier convoy, a cause que ie n'y

3466 505 2525 264 trouve point pion compte, ils sont trop cher en angleterre

3438 647 2491 217 &les autres chalants, ny vre grace voudroint y mestre

3457 745 2460 272 le prix auisy, ie suis fachez que ie ne peu satisfaire

3468 850 2475 255 a vre demande, pour des surpett noires & blanchies, j'en

3475 962 2355 226 ay a vre service, ie vous salue & suis de cooeue

5213 1116 651 169 Adj 27 d. 1719

3276 1165 801 233 London J.birgee

3459 1231 2523 198 ul: mij seer aeng. van 31 pasto 03. op sijn tijdtt wel ontfanghe

3490 1344 2508 215 daer uyt met genoegen verstaen, het pack tjken N.9. ul: wel

3467 1445 2533 197 is toegecomen ue remise van £ 130„- ten lasse so Pedre

3467 1524 2491 248 E1: dux tot Brussel, is geaccepteert met behoortijk addres

3445 1656 2562 204 sal de selve biy handen, & ul ordres daer ontrent afwaghten

3465 1739 2548 247 daer liggend present tot Brugge terree scheepen, op London

3477 1895 2446 208 in ladinge, die staet ma sien onthier & 14 dagen, meden

3476 1940 2514 293 & vrindt dienende, te vertrecken bij aldien us: eenige tijte

3468 2031 2481 327 gelieft, versoecke bij tijde ul ordre om kan dese occasie

3471 2158 2513 274 besonnen bedienen, laet mij weeten welken maker ul

3470 2291 2517 253 het beste aggreeent, sal ue traghten, in alles te connen

3464 2365 2484 257 voldoen, maecht ul geene speculatie in turnhautse

3489 2475 2342 309 vritte sijn saerten hebbe al eene partije naer costy

3492 2566 2491 299 versonden Jan differente prijsen van Laeg tot hoogh

3481 2698 2443 249 sijn breedt, seer bequaem om hemden te maece

3497 2786 2498 326 de prijsen & p sijn, als hier onder in cours gelt, dat 16

3480 2918 2517 317 aent wissel gelt surt, de ƒ7:- court maken maen ƒ3:W1:5

3498 3049 2486 287 get, aers waer n ue aengenaem can wesen, geleve te

3505 3188 2363 255 commanderen, die met dujterste genegentyt we

3547 3311 1930 227 N. 36 ider a62 lanckƒ 1:1½ delles

4835 3408 283 111 „1:5-

4049 3439 266 122 „62

4831 3487 347 113 „1:10 ½

3538 3472 355 164 „ 38:

4067 3525 245 140 „62

4842 3555 287 146 „ 1:18:

3556 3591 285 113 „40:

4072 3619 281 135 „62

3537 3676 288 123 „42

4826 3660 301 182 „2:6:

3547 3720 801 198 144„ 92

3484 3785 2473 227 daer sijn noch 3 p hooger te weeten N. 46. 48:50. N. 50

3490 3918 2465 227 is den hooghten compt wel ƒo4:- delle, dit tot ve

3476 4035 2523 248 governo. hebbe geend andere soorten tot nu toe versonde

3486 4178 1194 206 als hur boven genotteant
