8049 4699
1490 383 1455 230 Know all men by these presents, That I

1539 520 1872 225 of the Citty of Antwerp &. merchant, doe make, contitute

1545 651 1811 199 and Appoint . G .B of London menchant my

1518 789 1847 220 Lawfull Attorney, for me, and in my name and behalf to

1532 930 1887 203 Receive & Accept any Assignments or Transfers of any Intrest

1546 1057 1880 196 or share in the Capital or Joint Stock (Called Lotterie Annuities

1542 1213 1844 223 exected by an Act of Parliament passed in the 3d year of his

1561 1340 1868 211 Majesty King George, for redeeming sundry Duties & Revenues

1552 1491 1875 168 ac. and attended with Annuities at 5p c p annum, as he

1566 1609 1856 206 shall punchase & buy for my accompt; and from time to time

1262 1710 74 122 ij

1573 1746 1815 214 to Receive & give Receipts in my Name for all Dividents

1578 1898 1813 171 due, or hereafter to become due & payable to me for any such

1268 2051 58 60 t

1548 2013 1893 219 Stock therein subscribed for my Accompt, or punchased by the

1265 2104 91 145 12

1568 2147 1815 226 said  ..B.., on any Body else, and to do all

1280 2234 73 86 2„

1276 2315 91 145 d

1557 2291 1902 226 Lawfull Acts & things requisit fon Effecting of the premisses

1272 2380 81 124 d

1576 2423 1884 235 Ratifying & Confirming all that my Attorney shall Lawfully

1268 2592 91 165 9

1594 2549 1879 245 doe therein by virtue hereof: in Wittnesse I have hereunto

1297 2721 81 94 6

1608 2675 1857 251 sett my hand and seal at Antwerp a foresaid the .. der

1275 2803 96 90 2

2076 2808 1354 164 Anno Dni One Thousand Seven Hundred and

1597 2864 168 185 of

1267 2888 122 130 eij

3199 2920 167 144 red

1611 2959 731 175 Rineteen New Stile

3219 3019 167 120 Juliy

1264 3040 101 74 en

1282 3105 842 187 iyned, Sealed & delivered

1285 3220 814 145 et in the presence of us as

1262 3298 730 169 me Requested Wittnesses

1287 3679 113 116 29

1616 3539 1843 277 Ego insrascipus Rorrius Regius ac. Declaro & affrmode

1266 3782 144 78 m

5933 145 67 98 4

3452 161 1768 149 derwaghten, om ul daer vooren te debiteren

3481 211 2510 194 hadde verwaght it onformatie ontrent den persion in queste

3485 310 2503 246 dog us: maeckt daer geene mentie van bidde soo goedt te sijn van

3475 382 2533 227 & uk eersten, te laeten toecomen sijnde mij daer aengelegen in soo

3483 461 2534 266 danige, oft andere occasien, soude ue met plaisir trachten te

3476 677 359 179 voldoen

3481 693 2516 259 Mijn Broeder Pedro mesijn versoeckt mjdise te notteren dat hij

3494 831 2485 205 over lannck in afssagtinge is geweest, dan ue eene messire de

3483 919 2501 207 becomen, oock remise doort gene hem compt volgens acne

3471 985 2516 301 gesireven heefft, & dat hij selfs scrijft, is om de brief poorten

3486 1134 2534 245 menageren, ecommandere, nochnack het soors blijve

3488 1286 1427 172 naer seer minsaeme groetenesten

3471 1365 2563 221 es messr John Therman son Van cottij hebben mij gescreven, om tijten

3474 1488 2562 216 & ded sijn mij gans niet toekent versoecke mede te laeten weten, oft men

3473 1589 2438 187 du luyden Betrouwen mag, excuseert dese mijne importunitijdt, het is

3476 1675 2541 192 hedendaeghs soo vremt, te negoieren & geraedt saem, sig wel tinformen

3488 1735 2440 231 met wis men handelt, men is vervaert met on te hende eenige

3477 1862 2534 264 affaires te Be ginnen, daerom sal ue mij groot plaisie doen, van

3491 1934 2521 275 mij hiur ontrent tunformeren, alles sal gesecreteert blijven dat

3473 2095 1078 202 asi mede Recommandere

5219 2152 753 214 Adij 13 meij 1719

3486 2205 820 212 don John Hatuall

3488 2310 2514 176 ul: aeng. Jan 30meert 324 pasto wel ontfangen met den laesten

3479 2384 2547 208 ordre Voor 160 ps tijken, de welcke sal besorgen, & op het spoedighste

3506 2494 2537 216 trachten te versenden & rjaer van p mijn naeste de facture ognoste

3498 2598 2532 196 neut hebt te verwagten voor beter coop sijn net te becomen onder

3487 2683 2461 274 dese ordre ordonneert ue geen ¼ groot loot breede strepen, mijn

3494 2782 2397 240 maker, is om dul te worden, omdat hij die espres voor ue heert

3490 2912 2526 225 gemaeckt, & nu soo lanck bij gehadt blijven, het sijn leeyden

3482 3020 2434 207 die liever geldt voor hem goedt hebben, om hunne kneghe

3492 3056 2549 301 schelijckx te betaelen, & dermies het niet redelijck is dat die

3501 3176 2547 287 man soo groote preneditie leydt versoecke de selve te ordonneren

3488 3320 2563 219 soo haest ul die souden connen noodig hebben sijnde die ex pres

3479 3449 2524 213 voor ul: gemaeckt, & us moet weten, dat den besten weven

3487 3555 2569 250 geen ttijck op een siick can make, dat gelieve te conserdereren

3511 3642 2539 275 ul remise van   100„- a 35:11et op pedro reneditt a dus in

3490 3757 2566 250 antwerpen te betaelen is geaccepteert voldaen sijnde wet

3501 3863 2475 241 ul: gecrediteert & daer mede slaer seer v rindelijcke groetenisse

3452 4069 559 236 Blijven
