<?xml version="1.0" encoding="UTF-8"?>
<alto xmlns:xsi="http://www.w3.org/2001/XMLSchema-instance"
      xmlns="http://www.loc.gov/standards/alto/ns-v4#"
      xmlns:page="http://schema.primaresearch.org/PAGE/gts/pagecontent/2013-07-15"
      xsi:schemaLocation="http://www.loc.gov/standards/alto/ns-v4# https://www.loc.gov/standards/alto/v4/alto.xsd">
   <Description>
      <MeasurementUnit>pixel</MeasurementUnit>
      <OCRProcessing ID="IdOcr">
         <ocrProcessingStep>
            <processingDateTime>2022-02-11T21:40:24.948+01:00</processingDateTime>
            <processingSoftware>
               <softwareCreator>READ COOP</softwareCreator>
               <softwareName>Transkribus</softwareName>
            </processingSoftware>
         </ocrProcessingStep>
      </OCRProcessing>
   </Description>
   <Layout>
      <Page ID="Page1" PHYSICAL_IMG_NR="1" HEIGHT="4685" WIDTH="8173">
         <TopMargin HEIGHT="0" WIDTH="8173" VPOS="0" HPOS="0"/>
         <LeftMargin HEIGHT="4685" WIDTH="0" VPOS="0" HPOS="0"/>
         <RightMargin HEIGHT="4685" WIDTH="0" VPOS="0" HPOS="8173"/>
         <BottomMargin HEIGHT="0" WIDTH="8173" VPOS="4685" HPOS="0"/>
         <PrintSpace HEIGHT="4685" WIDTH="8173" VPOS="0" HPOS="0">
            <TextBlock ID="region_1644473390559_891"
                       HEIGHT="4329"
                       WIDTH="2777"
                       VPOS="169"
                       HPOS="508">
               <Shape>
                  <Polygon POINTS="508,169 3285,169 3285,4498 508,4498"/>
               </Shape>
               <TextLine ID="region_1644473390559_891l1"
                         BASELINE="610,300 661,298 712,296 763,294 814,292 865,290 916,290 967,288 1018,288 1069,286 1120,286 1171,285 1222,284 1273,283 1324,282 1375,280 1426,279 1477,276 1528,274 1579,272 1630,268"
                         HEIGHT="124"
                         WIDTH="1053"
                         VPOS="206"
                         HPOS="594">
                  <String ID="string_region_1644473390559_891l1"
                          HEIGHT="124"
                          WIDTH="1053"
                          VPOS="206"
                          HPOS="594"
                          CONTENT="turnhaut de weds Robert"/>
               </TextLine>
               <TextLine ID="region_1644473390559_891l2"
                         BASELINE="2378,298 2411,297 2445,296 2479,293 2513,292 2547,292 2580,291 2614,290 2648,290 2682,290 2716,290 2749,290 2783,290 2817,291 2851,292 2884,292 2918,290 2952,290 2986,290 3020,290 3054,288"
                         HEIGHT="145"
                         WIDTH="707"
                         VPOS="188"
                         HPOS="2363">
                  <String ID="string_region_1644473390559_891l2"
                          HEIGHT="145"
                          WIDTH="707"
                          VPOS="188"
                          HPOS="2363"
                          CONTENT="Adij 3 gber. 17119"/>
               </TextLine>
               <TextLine ID="region_1644473390559_891l3"
                         BASELINE="1884,296 1908,300"
                         HEIGHT="86"
                         WIDTH="69"
                         VPOS="220"
                         HPOS="1868">
                  <String ID="string_region_1644473390559_891l3"
                          HEIGHT="86"
                          WIDTH="69"
                          VPOS="220"
                          HPOS="1868"
                          CONTENT=""/>
               </TextLine>
               <TextLine ID="region_1644473390559_891l4"
                         BASELINE="824,396 943,394 1062,392 1181,392 1300,390 1420,389 1539,388 1658,386 1777,386 1896,386 2016,384 2135,384 2254,384 2373,384 2492,384 2612,384 2731,384 2850,386 2969,386 3088,386 3208,388"
                         HEIGHT="158"
                         WIDTH="2418"
                         VPOS="259"
                         HPOS="807">
                  <String ID="string_region_1644473390559_891l4"
                          HEIGHT="158"
                          WIDTH="2418"
                          VPOS="259"
                          HPOS="807"
                          CONTENT="naer lanck waghtens become heden ordre poor 160 pd tjhen, doe"/>
               </TextLine>
               <TextLine ID="region_1644473390559_891l5"
                         BASELINE="794,506 913,502 1032,499 1151,496 1270,494 1389,492 1508,490 1627,488 1746,486 1865,486 1984,484 2103,484 2222,482 2341,482 2460,482 2579,480 2698,480 2817,478 2936,478 3055,476 3174,474"
                         HEIGHT="187"
                         WIDTH="2412"
                         VPOS="384"
                         HPOS="777">
                  <String ID="string_region_1644473390559_891l5"
                          HEIGHT="187"
                          WIDTH="2412"
                          VPOS="384"
                          HPOS="777"
                          CONTENT="alsoo de Breede strepen &amp;an voorige noch bij hebbe, daer onder 13"/>
               </TextLine>
               <TextLine ID="region_1644473390559_891l6"
                         BASELINE="798,612 917,605 1036,600 1155,596 1274,592 1393,590 1512,588 1631,588 1750,586 1869,586 1988,586 2107,586 2226,585 2345,584 2464,582 2583,582 2702,578 2821,576 2940,571 3059,566 3178,560"
                         HEIGHT="197"
                         WIDTH="2412"
                         VPOS="479"
                         HPOS="783">
                  <String ID="string_region_1644473390559_891l6"
                          HEIGHT="197"
                          WIDTH="2412"
                          VPOS="479"
                          HPOS="783"
                          CONTENT="ps die mij connen dienen, soo moete maet ta5 stucken hebben"/>
               </TextLine>
               <TextLine ID="region_1644473390559_891l7"
                         BASELINE="798,722 910,713 1023,704 1136,699 1249,693 1362,690 1474,686 1587,684 1700,682 1813,682 1926,680 2038,680 2151,680 2264,678 2377,678 2490,676 2602,674 2715,672 2828,668 2941,664 3054,658"
                         HEIGHT="166"
                         WIDTH="2285"
                         VPOS="575"
                         HPOS="782">
                  <String ID="string_region_1644473390559_891l7"
                          HEIGHT="166"
                          WIDTH="2285"
                          VPOS="575"
                          HPOS="782"
                          CONTENT="waer de notine hier aen den voet desenn derhalve gelieve"/>
               </TextLine>
               <TextLine ID="region_1644473390559_891l8"
                         BASELINE="808,816 928,809 1048,802 1168,798 1289,794 1409,792 1529,789 1650,787 1770,785 1890,784 2011,782 2131,780 2251,778 2371,776 2492,772 2612,768 2732,763 2853,756 2973,749 3093,741 3214,730"
                         HEIGHT="199"
                         WIDTH="2437"
                         VPOS="660"
                         HPOS="792">
                  <String ID="string_region_1644473390559_891l8"
                          HEIGHT="199"
                          WIDTH="2437"
                          VPOS="660"
                          HPOS="792"
                          CONTENT="die op het alderspoedighste te senden, &amp; sont met eenen, dan die"/>
               </TextLine>
               <TextLine ID="region_1644473390559_891l9"
                         BASELINE="816,924 934,915 1053,908 1172,900 1291,896 1410,892 1528,888 1647,886 1766,884 1885,882 2004,880 2122,879 2241,877 2360,874 2479,872 2598,868 2716,864 2835,858 2954,852 3073,844 3192,834"
                         HEIGHT="197"
                         WIDTH="2409"
                         VPOS="758"
                         HPOS="799">
                  <String ID="string_region_1644473390559_891l9"
                          HEIGHT="197"
                          WIDTH="2409"
                          VPOS="758"
                          HPOS="799"
                          CONTENT="gssaerde disponneren, als mede vande t getondene moorkens "/>
               </TextLine>
               <TextLine ID="region_1644473390559_891l10"
                         BASELINE="810,1018 929,1012 1048,1008 1167,1004 1286,1000 1405,996 1524,994 1643,992 1762,988 1881,986 2000,984 2119,982 2238,979 2357,976 2476,974 2595,969 2714,965 2833,961 2952,956 3071,949 3190,942"
                         HEIGHT="164"
                         WIDTH="2414"
                         VPOS="903"
                         HPOS="791">
                  <String ID="string_region_1644473390559_891l10"
                          HEIGHT="164"
                          WIDTH="2414"
                          VPOS="903"
                          HPOS="791"
                          CONTENT="dit is nu al dat verwaghte ten waere noch een groote bale"/>
               </TextLine>
               <TextLine ID="region_1644473390559_891l11"
                         BASELINE="828,1124 942,1115 1056,1109 1170,1104 1284,1099 1398,1095 1512,1092 1626,1088 1740,1086 1854,1083 1969,1080 2083,1078 2197,1075 2311,1072 2425,1069 2539,1065 2653,1060 2767,1055 2881,1049 2995,1042 3110,1034"
                         HEIGHT="187"
                         WIDTH="2316"
                         VPOS="963"
                         HPOS="809">
                  <String ID="string_region_1644473390559_891l11"
                          HEIGHT="187"
                          WIDTH="2316"
                          VPOS="963"
                          HPOS="809"
                          CONTENT="van gelijken inhant, soo het it de moiyse niet reert"/>
               </TextLine>
               <TextLine ID="region_1644473390559_891l12"
                         BASELINE="806,1230 925,1222 1044,1213 1163,1206 1282,1202 1402,1197 1521,1194 1640,1190 1759,1188 1878,1184 1998,1182 2117,1180 2236,1178 2355,1174 2474,1170 2594,1166 2713,1162 2832,1156 2951,1150 3070,1142 3190,1132"
                         HEIGHT="187"
                         WIDTH="2419"
                         VPOS="1073"
                         HPOS="788">
                  <String ID="string_region_1644473390559_891l12"
                          HEIGHT="187"
                          WIDTH="2419"
                          VPOS="1073"
                          HPOS="788"
                          CONTENT="&amp; an over tecomen, nochte het profijt an mijn vortiere"/>
               </TextLine>
               <TextLine ID="region_1644473390559_891l13"
                         BASELINE="814,1326 935,1320 1056,1314 1178,1310 1299,1306 1421,1302 1542,1298 1663,1295 1785,1292 1906,1288 2028,1286 2149,1282 2270,1279 2392,1276 2513,1271 2635,1266 2756,1260 2877,1254 2999,1247 3120,1238 3242,1228"
                         HEIGHT="226"
                         WIDTH="2461"
                         VPOS="1152"
                         HPOS="798">
                  <String ID="string_region_1644473390559_891l13"
                          HEIGHT="226"
                          WIDTH="2461"
                          VPOS="1152"
                          HPOS="798"
                          CONTENT="niet betaelen, ul behoorde soo gelijck danck 2  te laten"/>
               </TextLine>
               <TextLine ID="region_1644473390559_891l14"
                         BASELINE="822,1438 941,1430 1060,1422 1179,1418 1298,1412 1417,1406 1536,1402 1655,1400 1774,1396 1893,1393 2012,1389 2131,1386 2250,1382 2369,1379 2488,1375 2607,1370 2726,1364 2845,1358 2964,1352 3083,1343 3202,1334"
                         HEIGHT="239"
                         WIDTH="2415"
                         VPOS="1247"
                         HPOS="804">
                  <String ID="string_region_1644473390559_891l14"
                          HEIGHT="239"
                          WIDTH="2415"
                          VPOS="1247"
                          HPOS="804"
                          CONTENT="&amp; abatteren, ben gennformeert, eer minden als voor eden daer"/>
               </TextLine>
               <TextLine ID="region_1644473390559_891l15"
                         BASELINE="830,1546 945,1538 1061,1532 1177,1526 1292,1520 1408,1514 1524,1510 1639,1506 1755,1502 1871,1498 1987,1494 2102,1490 2218,1486 2334,1482 2449,1478 2565,1473 2681,1468 2796,1462 2912,1456 3028,1448 3144,1440"
                         HEIGHT="189"
                         WIDTH="2348"
                         VPOS="1372"
                         HPOS="812">
                  <String ID="string_region_1644473390559_891l15"
                          HEIGHT="189"
                          WIDTH="2348"
                          VPOS="1372"
                          HPOS="812"
                          CONTENT="in encoop sullen sijn, soo ick overcome sal om eens te"/>
               </TextLine>
               <TextLine ID="region_1644473390559_891l16"
                         BASELINE="790,1656 910,1648 1030,1641 1151,1634 1271,1628 1392,1622 1512,1617 1632,1612 1753,1606 1873,1601 1994,1596 2114,1591 2234,1586 2355,1582 2475,1576 2596,1571 2716,1566 2836,1562 2957,1555 3077,1550 3198,1544"
                         HEIGHT="217"
                         WIDTH="2443"
                         VPOS="1446"
                         HPOS="771">
                  <String ID="string_region_1644473390559_891l16"
                          HEIGHT="217"
                          WIDTH="2443"
                          VPOS="1446"
                          HPOS="771"
                          CONTENT="herweren sijn, &amp; om de vrinden te groetenste maer mede"/>
               </TextLine>
               <TextLine ID="region_1644473390559_891l17"
                         BASELINE="784,1762 905,1756 1027,1750 1149,1744 1271,1738 1393,1732 1515,1726 1637,1721 1759,1714 1881,1710 2003,1704 2124,1698 2246,1694 2368,1688 2490,1684 2612,1678 2734,1674 2856,1670 2978,1665 3100,1660 3222,1656"
                         HEIGHT="188"
                         WIDTH="2471"
                         VPOS="1597"
                         HPOS="764">
                  <String ID="string_region_1644473390559_891l17"
                          HEIGHT="188"
                          WIDTH="2471"
                          VPOS="1597"
                          HPOS="764"
                          CONTENT="de tijken afwaghtende blijve naer Cordiale groetenisse"/>
               </TextLine>
               <TextLine ID="region_1644473390559_891l18"
                         BASELINE="1040,1880 1144,1869 1248,1861 1352,1853 1456,1846 1560,1840 1664,1835 1768,1830 1872,1824 1976,1820 2081,1817 2185,1813 2289,1808 2393,1804 2497,1801 2601,1796 2705,1792 2809,1786 2913,1781 3017,1773 3122,1766"
                         HEIGHT="253"
                         WIDTH="2117"
                         VPOS="1670"
                         HPOS="1022">
                  <String ID="string_region_1644473390559_891l18"
                          HEIGHT="253"
                          WIDTH="2117"
                          VPOS="1670"
                          HPOS="1022"
                          CONTENT="50 4 goods loetn t4 smalle, 6 breede strepen"/>
               </TextLine>
               <TextLine ID="region_1644473390559_891l19"
                         BASELINE="1012,1996 1105,1986 1199,1976 1292,1968 1386,1960 1480,1952 1573,1945 1667,1939 1760,1935 1854,1929 1948,1924 2041,1920 2135,1917 2228,1913 2322,1910 2416,1907 2509,1904 2603,1900 2696,1897 2790,1893 2884,1890"
                         HEIGHT="221"
                         WIDTH="1907"
                         VPOS="1783"
                         HPOS="993">
                  <String ID="string_region_1644473390559_891l19"
                          HEIGHT="221"
                          WIDTH="1907"
                          VPOS="1783"
                          HPOS="993"
                          CONTENT="15  segels. „ 1H smalle t brecked"/>
               </TextLine>
               <TextLine ID="region_1644473390559_891l20"
                         BASELINE="1036,2102 1102,2096 1169,2089 1236,2085 1303,2080 1370,2074 1436,2070 1503,2066 1570,2063 1637,2059 1704,2055 1770,2052 1837,2048 1904,2044 1971,2041 2038,2038 2104,2034 2171,2030 2238,2026 2305,2023 2372,2018"
                         HEIGHT="224"
                         WIDTH="1372"
                         VPOS="1925"
                         HPOS="1017">
                  <String ID="string_region_1644473390559_891l20"
                          HEIGHT="224"
                          WIDTH="1372"
                          VPOS="1925"
                          HPOS="1017"
                          CONTENT="10 &amp; groet lootn to snalle"/>
               </TextLine>
               <TextLine ID="region_1644473390559_891l21"
                         BASELINE="1042,2218 1132,2211 1222,2204 1312,2198 1402,2192 1493,2185 1583,2180 1673,2175 1763,2170 1853,2165 1944,2159 2034,2154 2124,2149 2214,2145 2304,2140 2395,2134 2485,2128 2575,2122 2665,2115 2755,2106 2846,2100"
                         HEIGHT="252"
                         WIDTH="1843"
                         VPOS="1995"
                         HPOS="1020">
                  <String ID="string_region_1644473390559_891l21"
                          HEIGHT="252"
                          WIDTH="1843"
                          VPOS="1995"
                          HPOS="1020"
                          CONTENT="30 aaj 3 segels „ 20 smalle 16breede"/>
               </TextLine>
               <TextLine ID="region_1644473390559_891l22"
                         BASELINE="1754,2326 1809,2328 1864,2330 1920,2330 1975,2328 2031,2328 2086,2326 2141,2324 2197,2322 2252,2319 2308,2315 2363,2313 2418,2310 2474,2306 2529,2303 2585,2300 2640,2297 2695,2295 2751,2293 2806,2292 2862,2290"
                         HEIGHT="216"
                         WIDTH="1143"
                         VPOS="2185"
                         HPOS="1734">
                  <String ID="string_region_1644473390559_891l22"
                          HEIGHT="216"
                          WIDTH="1143"
                          VPOS="2185"
                          HPOS="1734"
                          CONTENT="„ 88 smalle 17 breedes"/>
               </TextLine>
               <TextLine ID="region_1644473390559_891l23"
                         BASELINE="974,2366 1000,2362 1026,2359 1053,2355 1079,2352 1106,2350 1132,2349 1158,2347 1185,2345 1211,2344 1238,2342 1264,2341 1290,2339 1317,2336 1343,2333 1370,2330"
                         HEIGHT="194"
                         WIDTH="444"
                         VPOS="2207"
                         HPOS="944">
                  <String ID="string_region_1644473390559_891l23"
                          HEIGHT="194"
                          WIDTH="444"
                          VPOS="2207"
                          HPOS="944"
                          CONTENT="105 p"/>
               </TextLine>
               <TextLine ID="region_1644473390559_891l24"
                         BASELINE="846,2468 967,2467 1088,2466 1209,2463 1330,2460 1451,2458 1572,2454 1693,2452 1814,2448 1935,2444 2056,2439 2177,2435 2298,2430 2419,2424 2540,2420 2661,2414 2782,2409 2903,2404 3024,2398 3145,2392 3266,2386"
                         HEIGHT="256"
                         WIDTH="2453"
                         VPOS="2243"
                         HPOS="828">
                  <String ID="string_region_1644473390559_891l24"
                          HEIGHT="256"
                          WIDTH="2453"
                          VPOS="2243"
                          HPOS="828"
                          CONTENT="moet wel letten op het aldersurreuste goedt, tis vooden"/>
               </TextLine>
               <TextLine ID="region_1644473390559_891l25"
                         BASELINE="842,2580 961,2576 1080,2574 1199,2570 1318,2567 1437,2564 1556,2561 1675,2558 1794,2554 1913,2550 2032,2546 2151,2542 2270,2540 2389,2534 2508,2530 2627,2526 2746,2521 2865,2516 2984,2510 3103,2505 3222,2498"
                         HEIGHT="179"
                         WIDTH="2410"
                         VPOS="2446"
                         HPOS="824">
                  <String ID="string_region_1644473390559_891l25"
                          HEIGHT="179"
                          WIDTH="2410"
                          VPOS="2446"
                          HPOS="824"
                          CONTENT="lisen die al veel doet, &amp; ue liet hoe dat ue genegen"/>
               </TextLine>
               <TextLine ID="region_1644473390559_891l26"
                         BASELINE="848,2694 891,2692 934,2689 977,2686 1020,2683 1064,2681 1107,2679 1150,2678 1193,2675 1236,2674 1280,2672 1323,2670 1366,2668 1409,2666 1452,2664 1496,2664 1539,2662 1582,2660 1625,2659 1668,2658 1712,2658"
                         HEIGHT="170"
                         WIDTH="900"
                         VPOS="2563"
                         HPOS="828">
                  <String ID="string_region_1644473390559_891l26"
                          HEIGHT="170"
                          WIDTH="900"
                          VPOS="2563"
                          HPOS="828"
                          CONTENT="ben voor anderen"/>
               </TextLine>
               <TextLine ID="region_1644473390559_891l27"
                         BASELINE="2600,2748 2628,2748 2657,2748 2685,2748 2714,2748 2742,2748 2771,2748 2799,2748 2828,2746 2856,2746 2885,2744 2913,2743 2942,2742 2970,2739 2999,2737 3027,2735 3056,2732 3084,2730 3113,2729 3141,2726 3170,2724"
                         HEIGHT="205"
                         WIDTH="609"
                         VPOS="2593"
                         HPOS="2577">
                  <String ID="string_region_1644473390559_891l27"
                          HEIGHT="205"
                          WIDTH="609"
                          VPOS="2593"
                          HPOS="2577"
                          CONTENT="Ady 3d. 1719"/>
               </TextLine>
               <TextLine ID="region_1644473390559_891l28"
                         BASELINE="668,2780 712,2778 756,2778 801,2776 845,2774 890,2772 934,2772 978,2770 1023,2768 1067,2768 1112,2766 1156,2764 1200,2764 1245,2763 1289,2762 1334,2762 1378,2762 1422,2762 1467,2762 1511,2764 1556,2764"
                         HEIGHT="166"
                         WIDTH="921"
                         VPOS="2651"
                         HPOS="651">
                  <String ID="string_region_1644473390559_891l28"
                          HEIGHT="166"
                          WIDTH="921"
                          VPOS="2651"
                          HPOS="651"
                          CONTENT="furnhaut h ruighs"/>
               </TextLine>
               <TextLine ID="region_1644473390559_891l29"
                         BASELINE="858,2860 975,2857 1092,2856 1210,2854 1327,2852 1445,2850 1562,2848 1679,2846 1797,2846 1914,2844 2032,2842 2149,2842 2266,2840 2384,2840 2501,2838 2619,2838 2736,2836 2853,2836 2971,2836 3088,2836 3206,2834"
                         HEIGHT="233"
                         WIDTH="2380"
                         VPOS="2683"
                         HPOS="842">
                  <String ID="string_region_1644473390559_891l29"
                          HEIGHT="233"
                          WIDTH="2380"
                          VPOS="2683"
                          HPOS="842"
                          CONTENT="tot antwoort op ue aenge van P. deser segge dat hier aen"/>
               </TextLine>
               <TextLine ID="region_1644473390559_891l30"
                         BASELINE="820,2950 941,2949 1063,2948 1185,2947 1306,2946 1428,2946 1550,2944 1671,2944 1793,2942 1915,2940 2037,2940 2158,2938 2280,2936 2402,2934 2523,2932 2645,2930 2767,2926 2888,2923 3010,2919 3132,2916 3254,2910"
                         HEIGHT="155"
                         WIDTH="2466"
                         VPOS="2834"
                         HPOS="804">
                  <String ID="string_region_1644473390559_891l30"
                          HEIGHT="155"
                          WIDTH="2466"
                          VPOS="2834"
                          HPOS="804"
                          CONTENT="ie wet well een reguest can gepresenteert worden sonder dat"/>
               </TextLine>
               <TextLine ID="region_1644473390559_891l31"
                         BASELINE="860,3052 976,3052 1092,3050 1208,3050 1324,3048 1440,3046 1556,3044 1672,3044 1788,3040 1904,3038 2020,3036 2136,3034 2252,3032 2368,3028 2484,3026 2600,3022 2716,3018 2832,3016 2948,3012 3064,3008 3180,3004"
                         HEIGHT="127"
                         WIDTH="2353"
                         VPOS="2967"
                         HPOS="843">
                  <String ID="string_region_1644473390559_891l31"
                          HEIGHT="127"
                          WIDTH="2353"
                          VPOS="2967"
                          HPOS="843"
                          CONTENT="uj schoore doghter daer by is maer laet dat te tarnht "/>
               </TextLine>
               <TextLine ID="region_1644473390559_891l32"
                         BASELINE="868,3160 985,3156 1102,3153 1219,3150 1337,3148 1454,3144 1571,3142 1689,3140 1806,3138 1923,3136 2041,3134 2158,3132 2275,3129 2392,3126 2510,3123 2627,3120 2744,3116 2862,3111 2979,3106 3096,3100 3214,3094"
                         HEIGHT="174"
                         WIDTH="2377"
                         VPOS="3017"
                         HPOS="852">
                  <String ID="string_region_1644473390559_891l32"
                          HEIGHT="174"
                          WIDTH="2377"
                          VPOS="3017"
                          HPOS="852"
                          CONTENT="ongestelt worden doot eaen habelen notaris, die goede"/>
               </TextLine>
               <TextLine ID="region_1644473390559_891l33"
                         BASELINE="864,3270 977,3266 1091,3260 1205,3256 1319,3252 1433,3250 1547,3248 1661,3245 1775,3243 1889,3242 2003,3239 2116,3236 2230,3234 2344,3232 2458,3228 2572,3224 2686,3220 2800,3215 2914,3208 3028,3201 3142,3194"
                         HEIGHT="213"
                         WIDTH="2313"
                         VPOS="3112"
                         HPOS="846">
                  <String ID="string_region_1644473390559_891l33"
                          HEIGHT="213"
                          WIDTH="2313"
                          VPOS="3112"
                          HPOS="846"
                          CONTENT="heden voor selt, om de peningen belighten  die de"/>
               </TextLine>
               <TextLine ID="region_1644473390559_891l34"
                         BASELINE="866,3358 986,3354 1106,3352 1226,3350 1346,3350 1466,3348 1586,3346 1706,3346 1826,3346 1946,3344 2066,3342 2186,3342 2306,3340 2426,3337 2546,3334 2666,3330 2786,3325 2906,3320 3026,3314 3146,3306 3266,3298"
                         HEIGHT="147"
                         WIDTH="2433"
                         VPOS="3265"
                         HPOS="849">
                  <String ID="string_region_1644473390559_891l34"
                          HEIGHT="147"
                          WIDTH="2433"
                          VPOS="3265"
                          HPOS="849"
                          CONTENT="mogen besetten op de rente ue bekent, de reden conmen"/>
               </TextLine>
               <TextLine ID="region_1644473390559_891l35"
                         BASELINE="872,3462 990,3458 1108,3456 1226,3452 1345,3451 1463,3450 1581,3448 1700,3446 1818,3446 1936,3444 2055,3442 2173,3442 2291,3440 2409,3438 2528,3436 2646,3432 2764,3429 2883,3424 3001,3419 3119,3414 3238,3406"
                         HEIGHT="179"
                         WIDTH="2396"
                         VPOS="3319"
                         HPOS="857">
                  <String ID="string_region_1644473390559_891l35"
                          HEIGHT="179"
                          WIDTH="2396"
                          VPOS="3319"
                          HPOS="857"
                          CONTENT="voorgeshelt worden tot avancement lande negotie ofte"/>
               </TextLine>
               <TextLine ID="region_1644473390559_891l36"
                         BASELINE="868,3580 983,3571 1099,3565 1215,3560 1331,3556 1447,3553 1563,3550 1679,3548 1795,3547 1911,3546 2027,3545 2142,3544 2258,3542 2374,3541 2490,3540 2606,3536 2722,3533 2838,3528 2954,3524 3070,3516 3186,3508"
                         HEIGHT="211"
                         WIDTH="2350"
                         VPOS="3431"
                         HPOS="852">
                  <String ID="string_region_1644473390559_891l36"
                          HEIGHT="211"
                          WIDTH="2350"
                          VPOS="3431"
                          HPOS="852"
                          CONTENT="ander sento gelijck het beste sal geraden worden &amp; laet"/>
               </TextLine>
               <TextLine ID="region_1644473390559_891l37"
                         BASELINE="824,3686 945,3680 1067,3674 1189,3670 1311,3666 1433,3661 1555,3658 1677,3654 1799,3652 1921,3648 2043,3645 2164,3642 2286,3639 2408,3636 2530,3632 2652,3629 2774,3626 2896,3622 3018,3616 3140,3612 3262,3606"
                         HEIGHT="174"
                         WIDTH="2473"
                         VPOS="3522"
                         HPOS="806">
                  <String ID="string_region_1644473390559_891l37"
                          HEIGHT="174"
                          WIDTH="2473"
                          VPOS="3522"
                          HPOS="806"
                          CONTENT="dit regeest voor man prongeseckene werden &amp; dat ul"/>
               </TextLine>
               <TextLine ID="region_1644473390559_891l38"
                         BASELINE="866,3798 986,3791 1106,3785 1227,3780 1347,3775 1468,3771 1588,3768 1708,3764 1829,3760 1949,3758 2070,3754 2190,3751 2310,3748 2431,3744 2551,3741 2672,3736 2792,3732 2912,3727 3033,3722 3153,3716 3274,3708"
                         HEIGHT="186"
                         WIDTH="2443"
                         VPOS="3628"
                         HPOS="848">
                  <String ID="string_region_1644473390559_891l38"
                          HEIGHT="186"
                          WIDTH="2443"
                          VPOS="3628"
                          HPOS="848"
                          CONTENT="soon daer mede overcompt ick sal maken dat mijn"/>
               </TextLine>
               <TextLine ID="region_1644473390559_891l39"
                         BASELINE="864,3900 983,3895 1102,3890 1221,3886 1340,3882 1459,3878 1578,3874 1697,3872 1816,3868 1935,3865 2055,3862 2174,3858 2293,3854 2412,3851 2531,3847 2650,3843 2769,3838 2888,3834 3007,3828 3126,3822 3246,3816"
                         HEIGHT="229"
                         WIDTH="2416"
                         VPOS="3715"
                         HPOS="846">
                  <String ID="string_region_1644473390559_891l39"
                          HEIGHT="229"
                          WIDTH="2416"
                          VPOS="3715"
                          HPOS="846"
                          CONTENT="broeder rapporten sal gesselt worden, &amp; dan sal"/>
               </TextLine>
               <TextLine ID="region_1644473390559_891l40"
                         BASELINE="844,4006 965,4001 1086,3996 1207,3991 1328,3988 1449,3984 1570,3982 1691,3978 1812,3976 1933,3974 2055,3970 2176,3968 2297,3966 2418,3964 2539,3960 2660,3958 2781,3954 2902,3950 3023,3946 3144,3941 3266,3936"
                         HEIGHT="166"
                         WIDTH="2457"
                         VPOS="3859"
                         HPOS="825">
                  <String ID="string_region_1644473390559_891l40"
                          HEIGHT="166"
                          WIDTH="2457"
                          VPOS="3859"
                          HPOS="825"
                          CONTENT="dat in slee a drij dagen alles gedaen &amp; gestelt sta"/>
               </TextLine>
               <TextLine ID="region_1644473390559_891l41"
                         BASELINE="876,4118 995,4112 1115,4108 1235,4102 1354,4098 1474,4094 1594,4092 1713,4088 1833,4084 1953,4081 2073,4078 2192,4076 2312,4074 2432,4072 2551,4069 2671,4067 2791,4066 2910,4064 3030,4062 3150,4060 3270,4058"
                         HEIGHT="209"
                         WIDTH="2426"
                         VPOS="3984"
                         HPOS="859">
                  <String ID="string_region_1644473390559_891l41"
                          HEIGHT="209"
                          WIDTH="2426"
                          VPOS="3984"
                          HPOS="859"
                          CONTENT="sijn, ick hul dheer gescurten heden daer over gesproken"/>
               </TextLine>
               <TextLine ID="region_1644473390559_891l42"
                         BASELINE="882,4228 1001,4224 1120,4218 1239,4214 1358,4209 1477,4205 1596,4202 1715,4199 1834,4196 1953,4194 2072,4190 2191,4188 2310,4186 2429,4184 2548,4182 2667,4180 2786,4178 2905,4176 3024,4174 3143,4172 3262,4170"
                         HEIGHT="207"
                         WIDTH="2412"
                         VPOS="4057"
                         HPOS="865">
                  <String ID="string_region_1644473390559_891l42"
                          HEIGHT="207"
                          WIDTH="2412"
                          VPOS="4057"
                          HPOS="865"
                          CONTENT="die als mombous daer over moet genoert worden"/>
               </TextLine>
               <TextLine ID="region_1644473390559_891l43"
                         BASELINE="864,4346 983,4337 1103,4330 1223,4324 1342,4320 1462,4316 1582,4313 1701,4310 1821,4308 1941,4306 2061,4304 2180,4302 2300,4300 2420,4298 2539,4295 2659,4292 2779,4286 2898,4281 3018,4275 3138,4267 3258,4258"
                         HEIGHT="234"
                         WIDTH="2427"
                         VPOS="4169"
                         HPOS="847">
                  <String ID="string_region_1644473390559_891l43"
                          HEIGHT="234"
                          WIDTH="2427"
                          VPOS="4169"
                          HPOS="847"
                          CONTENT="&amp; heeft mij gelijdt dat daer mede tevreden is, &amp; dat"/>
               </TextLine>
               <TextLine ID="region_1644473390559_891l44"
                         BASELINE="862,4472 982,4463 1103,4454 1224,4445 1345,4440 1466,4434 1586,4428 1707,4424 1828,4420 1949,4418 2070,4414 2190,4412 2311,4409 2432,4406 2553,4402 2674,4399 2794,4396 2915,4390 3036,4384 3157,4379 3278,4370"
                         HEIGHT="176"
                         WIDTH="2447"
                         VPOS="4327"
                         HPOS="846">
                  <String ID="string_region_1644473390559_891l44"
                          HEIGHT="176"
                          WIDTH="2447"
                          VPOS="4327"
                          HPOS="846"
                          CONTENT="faverabel sal sijn, soo efter geen defsieultijdt het "/>
               </TextLine>
            </TextBlock>
            <TextBlock ID="region_1644473393272_894"
                       HEIGHT="4155"
                       WIDTH="2700"
                       VPOS="162"
                       HPOS="3327">
               <Shape>
                  <Polygon POINTS="3327,162 6027,162 6027,4317 3327,4317"/>
               </Shape>
               <TextLine ID="region_1644473393272_894l1"
                         BASELINE="3444,268 3522,261 3600,254 3679,249 3757,245 3836,242 3914,239 3992,236 4071,235 4149,234 4228,232 4306,232 4384,230 4463,230 4541,228 4620,227 4698,225 4776,222 4855,220 4933,215 5012,212"
                         HEIGHT="175"
                         WIDTH="1601"
                         VPOS="162"
                         HPOS="3426">
                  <String ID="string_region_1644473393272_894l1"
                          HEIGHT="175"
                          WIDTH="1601"
                          VPOS="162"
                          HPOS="3426"
                          CONTENT="an igeschieden, als ul geluyt"/>
               </TextLine>
               <TextLine ID="region_1644473393272_894l2"
                         BASELINE="3480,372 3603,367 3726,360 3849,354 3972,350 4096,344 4219,340 4342,336 4465,332 4588,327 4712,324 4835,320 4958,317 5081,314 5204,311 5328,308 5451,306 5574,304 5697,302 5820,300 5944,298"
                         HEIGHT="255"
                         WIDTH="2500"
                         VPOS="187"
                         HPOS="3460">
                  <String ID="string_region_1644473393272_894l2"
                          HEIGHT="255"
                          WIDTH="2500"
                          VPOS="187"
                          HPOS="3460"
                          CONTENT="even wel naer alle dit gepassirt, cande rente nu gsreert"/>
               </TextLine>
               <TextLine ID="region_1644473393272_894l3"
                         BASELINE="3486,470 3609,462 3732,453 3856,447 3979,441 4103,435 4226,429 4349,424 4473,420 4596,416 4720,412 4843,410 4966,407 5090,404 5213,402 5337,400 5460,398 5583,396 5707,394 5830,392 5954,390"
                         HEIGHT="201"
                         WIDTH="2503"
                         VPOS="305"
                         HPOS="3467">
                  <String ID="string_region_1644473393272_894l3"
                          HEIGHT="201"
                          WIDTH="2503"
                          VPOS="305"
                          HPOS="3467"
                          CONTENT="worden, oft ue dogher moet daer bij sijn, om die voor scheeenn "/>
               </TextLine>
               <TextLine ID="region_1644473393272_894l4"
                         BASELINE="3472,566 3593,558 3715,550 3836,543 3958,537 4079,532 4201,526 4322,522 4444,518 4565,516 4687,513 4808,510 4930,508 5051,504 5173,502 5294,500 5416,496 5537,492 5659,488 5780,483 5902,478"
                         HEIGHT="205"
                         WIDTH="2459"
                         VPOS="400"
                         HPOS="3455">
                  <String ID="string_region_1644473393272_894l4"
                          HEIGHT="205"
                          WIDTH="2459"
                          VPOS="400"
                          HPOS="3455"
                          CONTENT="te passeren, &amp; dat can op eenen dat geschieden, hebbe de "/>
               </TextLine>
               <TextLine ID="region_1644473393272_894l5"
                         BASELINE="3472,678 3595,665 3719,655 3843,644 3967,638 4091,630 4214,625 4338,621 4462,618 4586,614 4710,612 4833,609 4957,606 5081,604 5205,600 5329,596 5452,592 5576,585 5700,578 5824,570 5948,560"
                         HEIGHT="175"
                         WIDTH="2508"
                         VPOS="512"
                         HPOS="3455">
                  <String ID="string_region_1644473393272_894l5"
                          HEIGHT="175"
                          WIDTH="2508"
                          VPOS="512"
                          HPOS="3455"
                          CONTENT="schepen tot mijn devoir &amp; sal maken dat het sefsthijs"/>
               </TextLine>
               <TextLine ID="region_1644473393272_894l6"
                         BASELINE="3474,798 3592,782 3710,768 3828,757 3946,747 4064,739 4182,731 4300,726 4418,720 4536,716 4654,714 4772,710 4890,708 5008,704 5126,702 5244,698 5362,694 5480,690 5598,685 5716,679 5834,670"
                         HEIGHT="296"
                         WIDTH="2397"
                         VPOS="575"
                         HPOS="3454">
                  <String ID="string_region_1644473393272_894l6"
                          HEIGHT="296"
                          WIDTH="2397"
                          VPOS="575"
                          HPOS="3454"
                          CONTENT="gepasseert vwort, i ies ingesloten eene form van"/>
               </TextLine>
               <TextLine ID="region_1644473393272_894l7"
                         BASELINE="3444,930 3559,912 3675,897 3791,884 3907,873 4023,861 4138,853 4254,845 4370,838 4486,832 4602,828 4717,822 4833,818 4949,814 5065,809 5181,804 5296,800 5412,795 5528,790 5644,784 5760,776"
                         HEIGHT="253"
                         WIDTH="2350"
                         VPOS="698"
                         HPOS="3426">
                  <String ID="string_region_1644473393272_894l7"
                          HEIGHT="253"
                          WIDTH="2350"
                          VPOS="698"
                          HPOS="3426"
                          CONTENT="de queste, gelijck tant werpen de manure ioon"/>
               </TextLine>
               <TextLine ID="region_1644473393272_894l8"
                         BASELINE="3476,1028 3596,1015 3716,1004 3837,993 3957,984 4078,975 4198,967 4318,960 4439,952 4559,946 4680,940 4800,934 4920,930 5041,924 5161,920 5282,915 5402,910 5522,905 5643,899 5763,894 5884,888"
                         HEIGHT="264"
                         WIDTH="2441"
                         VPOS="812"
                         HPOS="3459">
                  <String ID="string_region_1644473393272_894l8"
                          HEIGHT="264"
                          WIDTH="2441"
                          VPOS="812"
                          HPOS="3459"
                          CONTENT="ingegeven te worden dit tot ue naright &amp; gelieve"/>
               </TextLine>
               <TextLine ID="region_1644473393272_894l9"
                         BASELINE="3460,1156 3580,1140 3700,1127 3821,1113 3941,1101 4062,1092 4182,1082 4302,1074 4423,1066 4543,1061 4664,1054 4784,1048 4904,1043 5025,1038 5145,1033 5266,1028 5386,1024 5506,1018 5627,1012 5747,1006 5868,1000"
                         HEIGHT="279"
                         WIDTH="2443"
                         VPOS="897"
                         HPOS="3442">
                  <String ID="string_region_1644473393272_894l9"
                          HEIGHT="279"
                          WIDTH="2443"
                          VPOS="897"
                          HPOS="3442"
                          CONTENT="een letterhen tot antrsoordt te laeten toecomen"/>
               </TextLine>
               <TextLine ID="region_1644473393272_894l10"
                         BASELINE="3480,1268 3598,1254 3717,1241 3836,1231 3955,1220 4074,1210 4193,1203 4312,1196 4431,1188 4550,1182 4669,1176 4787,1170 4906,1164 5025,1158 5144,1152 5263,1147 5382,1140 5501,1133 5620,1124 5739,1118 5858,1108"
                         HEIGHT="258"
                         WIDTH="2413"
                         VPOS="1032"
                         HPOS="3463">
                  <String ID="string_region_1644473393272_894l10"
                          HEIGHT="258"
                          WIDTH="2413"
                          VPOS="1032"
                          HPOS="3463"
                          CONTENT="omvolgens te regueeren  blijve naer cordiale "/>
               </TextLine>
               <TextLine ID="region_1644473393272_894l11"
                         BASELINE="3500,1392 3533,1389 3567,1385 3601,1380 3635,1377 3669,1371 3702,1368 3736,1364 3770,1361 3804,1357 3838,1353 3871,1348 3905,1345 3939,1342 3973,1339 4006,1336 4040,1334 4074,1332 4108,1330 4142,1328 4176,1328"
                         HEIGHT="202"
                         WIDTH="717"
                         VPOS="1245"
                         HPOS="3478">
                  <String ID="string_region_1644473393272_894l11"
                          HEIGHT="202"
                          WIDTH="717"
                          VPOS="1245"
                          HPOS="3478"
                          CONTENT="groet misse"/>
               </TextLine>
               <TextLine ID="region_1644473393272_894l12"
                         BASELINE="5286,1460 5319,1458 5352,1455 5385,1454 5418,1451 5452,1450 5485,1448 5518,1448 5551,1446 5584,1446 5618,1444 5651,1444 5684,1444 5717,1444 5750,1444 5784,1444 5817,1444 5850,1444 5883,1444 5916,1444 5950,1444"
                         HEIGHT="212"
                         WIDTH="697"
                         VPOS="1299"
                         HPOS="5269">
                  <String ID="string_region_1644473393272_894l12"
                          HEIGHT="212"
                          WIDTH="697"
                          VPOS="1299"
                          HPOS="5269"
                          CONTENT="Adj 4 gber 1719"/>
               </TextLine>
               <TextLine ID="region_1644473393272_894l13"
                         BASELINE="3376,1560 3442,1553 3509,1545 3576,1537 3642,1531 3709,1526 3776,1521 3842,1515 3909,1512 3976,1507 4043,1504 4109,1500 4176,1498 4243,1494 4309,1492 4376,1490 4443,1488 4509,1487 4576,1486 4643,1484 4710,1484"
                         HEIGHT="217"
                         WIDTH="1368"
                         VPOS="1376"
                         HPOS="3357">
                  <String ID="string_region_1644473393272_894l13"
                          HEIGHT="217"
                          WIDTH="1368"
                          VPOS="1376"
                          HPOS="3357"
                          CONTENT="bergen thi mot tee desaubleau"/>
               </TextLine>
               <TextLine ID="region_1644473393272_894l14"
                         BASELINE="3446,1660 3569,1648 3692,1637 3815,1629 3938,1622 4062,1614 4185,1608 4308,1602 4431,1598 4554,1593 4678,1589 4801,1584 4924,1582 5047,1578 5170,1572 5294,1568 5417,1562 5540,1556 5663,1550 5786,1542 5910,1534"
                         HEIGHT="235"
                         WIDTH="2497"
                         VPOS="1436"
                         HPOS="3429">
                  <String ID="string_region_1644473393272_894l14"
                          HEIGHT="235"
                          WIDTH="2497"
                          VPOS="1436"
                          HPOS="3429"
                          CONTENT="que vous envoye p le mess aqus conard quatre po des &amp;arged"/>
               </TextLine>
               <TextLine ID="region_1644473393272_894l15"
                         BASELINE="3476,1760 3599,1749 3723,1739 3846,1730 3970,1721 4093,1714 4217,1708 4340,1702 4464,1696 4587,1691 4711,1686 4834,1682 4958,1676 5081,1671 5205,1666 5328,1660 5452,1654 5575,1648 5699,1640 5822,1632 5946,1622"
                         HEIGHT="238"
                         WIDTH="2499"
                         VPOS="1550"
                         HPOS="3459">
                  <String ID="string_region_1644473393272_894l15"
                          HEIGHT="238"
                          WIDTH="2499"
                          VPOS="1550"
                          HPOS="3459"
                          CONTENT="d'engleterre done si devant la facture, portant ƒ92:- de change"/>
               </TextLine>
               <TextLine ID="region_1644473393272_894l16"
                         BASELINE="3508,1872 3626,1858 3745,1847 3863,1836 3982,1826 4100,1819 4219,1810 4337,1805 4456,1799 4574,1792 4693,1787 4811,1782 4930,1778 5048,1773 5167,1767 5285,1762 5404,1757 5522,1750 5641,1743 5759,1736 5878,1726"
                         HEIGHT="285"
                         WIDTH="2405"
                         VPOS="1639"
                         HPOS="3490">
                  <String ID="string_region_1644473393272_894l16"
                          HEIGHT="285"
                          WIDTH="2405"
                          VPOS="1639"
                          HPOS="3490"
                          CONTENT="je suis fachez que ie n'ay point les deux autres coulleers a "/>
               </TextLine>
               <TextLine ID="region_1644473393272_894l17"
                         BASELINE="3506,1982 3627,1967 3749,1953 3870,1943 3992,1932 4114,1923 4235,1915 4357,1909 4478,1901 4600,1896 4722,1890 4843,1885 4965,1880 5086,1876 5208,1870 5330,1864 5451,1860 5573,1852 5694,1844 5816,1838 5938,1828"
                         HEIGHT="366"
                         WIDTH="2465"
                         VPOS="1691"
                         HPOS="3488">
                  <String ID="string_region_1644473393272_894l17"
                          HEIGHT="366"
                          WIDTH="2465"
                          VPOS="1691"
                          HPOS="3488"
                          CONTENT="approchant a vos eschantillvoires il vous plaira signer la "/>
               </TextLine>
               <TextLine ID="region_1644473393272_894l18"
                         BASELINE="3510,2084 3632,2069 3755,2055 3878,2043 4001,2033 4124,2022 4246,2014 4369,2006 4492,2000 4615,1993 4738,1988 4860,1984 4983,1978 5106,1974 5229,1969 5352,1964 5474,1960 5597,1954 5720,1948 5843,1940 5966,1934"
                         HEIGHT="224"
                         WIDTH="2490"
                         VPOS="1886"
                         HPOS="3492">
                  <String ID="string_region_1644473393272_894l18"
                          HEIGHT="224"
                          WIDTH="2490"
                          VPOS="1886"
                          HPOS="3492"
                          CONTENT="lettre de change que i'ay donne au dit messaqur &amp;ou ie vous"/>
               </TextLine>
               <TextLine ID="region_1644473393272_894l19"
                         BASELINE="3502,2198 3624,2184 3746,2170 3869,2160 3991,2149 4114,2138 4236,2130 4358,2121 4481,2114 4603,2106 4726,2100 4848,2094 4970,2088 5093,2082 5215,2077 5338,2071 5460,2064 5582,2058 5705,2052 5827,2045 5950,2038"
                         HEIGHT="292"
                         WIDTH="2485"
                         VPOS="1954"
                         HPOS="3483">
                  <String ID="string_region_1644473393272_894l19"
                          HEIGHT="292"
                          WIDTH="2485"
                          VPOS="1954"
                          HPOS="3483"
                          CONTENT="puis rendre l'autre service commaande qui a lhonneur"/>
               </TextLine>
               <TextLine ID="region_1644473393272_894l20"
                         BASELINE="5340,2276 5369,2276 5399,2276 5429,2276 5459,2276 5489,2276 5519,2276 5549,2274 5579,2274 5609,2274 5639,2274 5668,2272 5698,2272 5728,2270 5758,2269 5788,2268 5818,2266 5848,2264 5878,2262 5908,2259 5938,2256"
                         HEIGHT="202"
                         WIDTH="633"
                         VPOS="2127"
                         HPOS="5321">
                  <String ID="string_region_1644473393272_894l20"
                          HEIGHT="202"
                          WIDTH="633"
                          VPOS="2127"
                          HPOS="5321"
                          CONTENT="Adij 4d. 1719"/>
               </TextLine>
               <TextLine ID="region_1644473393272_894l21"
                         BASELINE="3492,2320 3517,2313 3543,2309 3569,2306 3595,2302 3621,2299 3646,2297 3672,2294 3698,2290 3724,2287 3750,2283 3776,2280"
                         HEIGHT="125"
                         WIDTH="328"
                         VPOS="2206"
                         HPOS="3463">
                  <String ID="string_region_1644473393272_894l21"
                          HEIGHT="125"
                          WIDTH="328"
                          VPOS="2206"
                          HPOS="3463"
                          CONTENT="d'estre"/>
               </TextLine>
               <TextLine ID="region_1644473393272_894l22"
                         BASELINE="3408,2416 3488,2406 3569,2396 3650,2389 3730,2382 3811,2374 3892,2368 3972,2363 4053,2358 4134,2353 4215,2348 4295,2344 4376,2340 4457,2336 4537,2331 4618,2326 4699,2322 4779,2314 4860,2310 4941,2302 5022,2294"
                         HEIGHT="288"
                         WIDTH="1652"
                         VPOS="2176"
                         HPOS="3387">
                  <String ID="string_region_1644473393272_894l22"
                          HEIGHT="288"
                          WIDTH="1652"
                          VPOS="2176"
                          HPOS="3387"
                          CONTENT="Entijch dhersen uir junt gaisser"/>
               </TextLine>
               <TextLine ID="region_1644473393272_894l23"
                         BASELINE="3510,2516 3633,2506 3756,2498 3879,2488 4003,2480 4126,2472 4249,2465 4373,2458 4496,2452 4619,2446 4743,2440 4866,2434 4989,2430 5112,2424 5236,2420 5359,2414 5482,2409 5606,2404 5729,2399 5852,2394 5976,2388"
                         HEIGHT="237"
                         WIDTH="2506"
                         VPOS="2339"
                         HPOS="3490">
                  <String ID="string_region_1644473393272_894l23"
                          HEIGHT="237"
                          WIDTH="2506"
                          VPOS="2339"
                          HPOS="3490"
                          CONTENT="op 26 pasto was aen ue mijnen laesten haer aen mij gedrage"/>
               </TextLine>
               <TextLine ID="region_1644473393272_894l24"
                         BASELINE="3532,2624 3651,2613 3770,2603 3890,2594 4009,2585 4129,2576 4248,2568 4367,2562 4487,2555 4606,2548 4726,2542 4845,2538 4964,2532 5084,2526 5203,2521 5323,2516 5442,2510 5561,2505 5681,2500 5800,2495 5920,2490"
                         HEIGHT="258"
                         WIDTH="2423"
                         VPOS="2389"
                         HPOS="3513">
                  <String ID="string_region_1644473393272_894l24"
                          HEIGHT="258"
                          WIDTH="2423"
                          VPOS="2389"
                          HPOS="3513"
                          CONTENT="sedert hebben stij aen theer ue man gesproken &amp; te kenneu"/>
               </TextLine>
               <TextLine ID="region_1644473393272_894l25"
                         BASELINE="3492,2734 3612,2724 3733,2713 3854,2702 3975,2694 4096,2684 4217,2675 4338,2666 4459,2658 4580,2652 4701,2644 4821,2636 4942,2631 5063,2624 5184,2618 5305,2613 5426,2608 5547,2602 5668,2597 5789,2593 5910,2588"
                         HEIGHT="267"
                         WIDTH="2456"
                         VPOS="2542"
                         HPOS="3472">
                  <String ID="string_region_1644473393272_894l25"
                          HEIGHT="267"
                          WIDTH="2456"
                          VPOS="2542"
                          HPOS="3472"
                          CONTENT="gegeven, dat rij ue acceptate niet en conden envoorderen"/>
               </TextLine>
               <TextLine ID="region_1644473393272_894l26"
                         BASELINE="3534,2842 3656,2830 3778,2819 3901,2808 4023,2798 4146,2789 4268,2782 4390,2773 4513,2766 4635,2760 4758,2753 4880,2746 5002,2741 5125,2734 5247,2728 5370,2722 5492,2715 5614,2707 5737,2699 5859,2691 5982,2680"
                         HEIGHT="243"
                         WIDTH="2476"
                         VPOS="2611"
                         HPOS="3517">
                  <String ID="string_region_1644473393272_894l26"
                          HEIGHT="243"
                          WIDTH="2476"
                          VPOS="2611"
                          HPOS="3517"
                          CONTENT="als tot merckelijck vor lies, raer af hij ue hennisse heeft "/>
               </TextLine>
               <TextLine ID="region_1644473393272_894l27"
                         BASELINE="3524,2944 3646,2933 3768,2922 3890,2913 4013,2904 4135,2896 4257,2889 4380,2881 4502,2875 4624,2869 4747,2862 4869,2856 4991,2851 5113,2843 5236,2838 5358,2832 5480,2824 5603,2816 5725,2809 5847,2798 5970,2788"
                         HEIGHT="310"
                         WIDTH="2481"
                         VPOS="2699"
                         HPOS="3506">
                  <String ID="string_region_1644473393272_894l27"
                          HEIGHT="310"
                          WIDTH="2481"
                          VPOS="2699"
                          HPOS="3506"
                          CONTENT="gegeven, u seght voorant ul dat wij ue acteptatien"/>
               </TextLine>
               <TextLine ID="region_1644473393272_894l28"
                         BASELINE="3532,3052 3653,3042 3774,3032 3895,3022 4016,3014 4137,3005 4258,2997 4379,2991 4500,2984 4621,2976 4743,2970 4864,2964 4985,2958 5106,2952 5227,2946 5348,2938 5469,2932 5590,2925 5711,2917 5832,2910 5954,2900"
                         HEIGHT="271"
                         WIDTH="2457"
                         VPOS="2817"
                         HPOS="3514">
                  <String ID="string_region_1644473393272_894l28"
                          HEIGHT="271"
                          WIDTH="2457"
                          VPOS="2817"
                          HPOS="3514"
                          CONTENT="weder senden sonden waer over seer verwondert sijne het "/>
               </TextLine>
               <TextLine ID="region_1644473393272_894l29"
                         BASELINE="3526,3156 3649,3147 3772,3137 3895,3128 4018,3119 4142,3112 4265,3104 4388,3096 4511,3088 4634,3081 4758,3073 4881,3066 5004,3059 5127,3052 5250,3045 5374,3038 5497,3031 5620,3024 5743,3016 5866,3009 5990,3000"
                         HEIGHT="262"
                         WIDTH="2501"
                         VPOS="2942"
                         HPOS="3507">
                  <String ID="string_region_1644473393272_894l29"
                          HEIGHT="262"
                          WIDTH="2501"
                          VPOS="2942"
                          HPOS="3507"
                          CONTENT="seijndt dat ue ons seer mistrout, dat niet remitteert"/>
               </TextLine>
               <TextLine ID="region_1644473393272_894l30"
                         BASELINE="3544,3262 3666,3251 3789,3242 3912,3233 4035,3224 4158,3216 4281,3208 4404,3200 4527,3193 4650,3186 4773,3178 4895,3171 5018,3164 5141,3158 5264,3151 5387,3142 5510,3135 5633,3128 5756,3118 5879,3110 6002,3102"
                         HEIGHT="273"
                         WIDTH="2492"
                         VPOS="3014"
                         HPOS="3525">
                  <String ID="string_region_1644473393272_894l30"
                          HEIGHT="273"
                          WIDTH="2492"
                          VPOS="3014"
                          HPOS="3525"
                          CONTENT="sonder dat die acceptanen terugge senden ue moet weeten"/>
               </TextLine>
               <TextLine ID="region_1644473393272_894l31"
                         BASELINE="3536,3374 3658,3362 3781,3351 3904,3340 4026,3331 4149,3322 4272,3314 4394,3306 4517,3300 4640,3292 4763,3286 4885,3280 5008,3273 5131,3266 5253,3260 5376,3253 5499,3246 5621,3237 5744,3230 5867,3220 5990,3212"
                         HEIGHT="240"
                         WIDTH="2494"
                         VPOS="3142"
                         HPOS="3514">
                  <String ID="string_region_1644473393272_894l31"
                          HEIGHT="240"
                          WIDTH="2494"
                          VPOS="3142"
                          HPOS="3514"
                          CONTENT="dat niet betrouwt dermits noch meer debet sydt, daerom"/>
               </TextLine>
               <TextLine ID="region_1644473393272_894l32"
                         BASELINE="3518,3476 3642,3465 3766,3456 3891,3445 4015,3437 4140,3429 4264,3420 4388,3412 4513,3406 4637,3399 4762,3392 4886,3386 5010,3380 5135,3373 5259,3368 5384,3362 5508,3355 5632,3350 5757,3343 5881,3338 6006,3330"
                         HEIGHT="268"
                         WIDTH="2518"
                         VPOS="3250"
                         HPOS="3500">
                  <String ID="string_region_1644473393272_894l32"
                          HEIGHT="268"
                          WIDTH="2518"
                          VPOS="3250"
                          HPOS="3500"
                          CONTENT="come met desen ue versocken van ons te remitteren"/>
               </TextLine>
               <TextLine ID="region_1644473393272_894l33"
                         BASELINE="3554,3574 3676,3564 3798,3555 3921,3547 4043,3538 4166,3532 4288,3526 4410,3519 4533,3512 4655,3506 4778,3500 4900,3495 5022,3490 5145,3484 5267,3479 5390,3472 5512,3466 5634,3461 5757,3454 5879,3446 6002,3440"
                         HEIGHT="285"
                         WIDTH="2482"
                         VPOS="3361"
                         HPOS="3538">
                  <String ID="string_region_1644473393272_894l33"
                          HEIGHT="285"
                          WIDTH="2482"
                          VPOS="3361"
                          HPOS="3538"
                          CONTENT="&amp; sullen dan ue acceptatie te rugge senden het is wel"/>
               </TextLine>
               <TextLine ID="region_1644473393272_894l34"
                         BASELINE="3548,3684 3670,3677 3793,3669 3916,3662 4038,3654 4161,3648 4284,3640 4406,3635 4529,3628 4652,3622 4775,3616 4897,3610 5020,3603 5143,3597 5265,3591 5388,3583 5511,3577 5633,3570 5756,3563 5879,3557 6002,3548"
                         HEIGHT="262"
                         WIDTH="2489"
                         VPOS="3474"
                         HPOS="3528">
                  <String ID="string_region_1644473393272_894l34"
                          HEIGHT="262"
                          WIDTH="2489"
                          VPOS="3474"
                          HPOS="3528"
                          CONTENT="eene droeve saeke dat srij van ue soo met omme weyn"/>
               </TextLine>
               <TextLine ID="region_1644473393272_894l35"
                         BASELINE="3538,3794 3661,3785 3785,3776 3908,3767 4032,3760 4156,3752 4279,3744 4403,3737 4526,3731 4650,3724 4774,3718 4897,3712 5021,3706 5144,3702 5268,3696 5392,3690 5515,3686 5639,3680 5762,3676 5886,3672 6010,3668"
                         HEIGHT="298"
                         WIDTH="2507"
                         VPOS="3559"
                         HPOS="3519">
                  <String ID="string_region_1644473393272_894l35"
                          HEIGHT="298"
                          WIDTH="2507"
                          VPOS="3559"
                          HPOS="3519"
                          CONTENT="gelijdt worden, dat uan ue niet verwaght hadden gael"/>
               </TextLine>
               <TextLine ID="region_1644473393272_894l36"
                         BASELINE="3538,3914 3661,3903 3785,3892 3909,3881 4033,3872 4157,3864 4280,3856 4404,3849 4528,3842 4652,3837 4776,3830 4899,3826 5023,3820 5147,3816 5271,3812 5395,3806 5518,3802 5642,3796 5766,3791 5890,3785 6014,3778"
                         HEIGHT="279"
                         WIDTH="2510"
                         VPOS="3677"
                         HPOS="3519">
                  <String ID="string_region_1644473393272_894l36"
                          HEIGHT="279"
                          WIDTH="2510"
                          VPOS="3677"
                          HPOS="3519"
                          CONTENT="ceus in ue eygen gemoet de saeke onder socke dan so"/>
               </TextLine>
               <TextLine ID="region_1644473393272_894l37"
                         BASELINE="3556,4028 3676,4017 3797,4008 3918,3998 4038,3991 4159,3984 4280,3976 4400,3969 4521,3962 4642,3958 4763,3951 4883,3945 5004,3940 5125,3935 5245,3930 5366,3925 5487,3919 5607,3914 5728,3908 5849,3903 5970,3898"
                         HEIGHT="274"
                         WIDTH="2449"
                         VPOS="3797"
                         HPOS="3536">
                  <String ID="string_region_1644473393272_894l37"
                          HEIGHT="274"
                          WIDTH="2449"
                          VPOS="3797"
                          HPOS="3536"
                          CONTENT="ul het ongelijck vinden &amp; sonder voorder uytsal"/>
               </TextLine>
               <TextLine ID="region_1644473393272_894l38"
                         BASELINE="3542,4146 3664,4136 3787,4127 3910,4118 4033,4109 4156,4101 4278,4093 4401,4086 4524,4078 4647,4073 4770,4067 4892,4061 5015,4056 5138,4051 5261,4046 5384,4040 5506,4036 5629,4030 5752,4024 5875,4018 5998,4012"
                         HEIGHT="266"
                         WIDTH="2492"
                         VPOS="3916"
                         HPOS="3524">
                  <String ID="string_region_1644473393272_894l38"
                          HEIGHT="266"
                          WIDTH="2492"
                          VPOS="3916"
                          HPOS="3524"
                          CONTENT="voldoen die blijve in afraghtinge vancde remise"/>
               </TextLine>
               <TextLine ID="region_1644473393272_894l39"
                         BASELINE="3534,4248 3619,4242 3704,4237 3789,4231 3874,4228 3959,4224 4044,4220 4129,4216 4214,4213 4299,4211 4385,4208 4470,4204 4555,4201 4640,4197 4725,4193 4810,4188 4895,4185 4980,4180 5065,4174 5150,4167 5236,4162"
                         HEIGHT="203"
                         WIDTH="1739"
                         VPOS="4093"
                         HPOS="3514">
                  <String ID="string_region_1644473393272_894l39"
                          HEIGHT="203"
                          WIDTH="1739"
                          VPOS="4093"
                          HPOS="3514"
                          CONTENT="&amp; naer vrindelycke groetenishe"/>
               </TextLine>
            </TextBlock>
         </PrintSpace>
      </Page>
   </Layout>
</alto>
