8118 4767
646 190 1009 194 Bergen P. Hamalt

2389 191 815 164 Ady 112 sber 1719

692 266 2520 169 depuis long temp rien des vos nouvelles rencor

782 406 2471 107 de largent, estant asse long temp passie, que ie n'ay por

775 478 2446 144 touche der vos remises, sur tout il est bien juste, que la

808 574 2419 236 partie du 9 avrie 1713.11 mois passée, soit satisfait, jay

772 650 2496 274 presentement occasion pour teren ainsij jattendray vre

802 767 2309 207 ordres pour terez la salde de la preditte partie, en

799 865 2448 244 attendant l'honneur de la vred, je suis avec offres des

809 1052 675 206 mes serviced

2421 1115 671 235 Adij d 1719

616 1160 1125 269 Mechelen d. de jongh

797 1286 2452 231 op 21 julij laest, was aen ul mijnen laesten daer benevens

789 1430 2439 207 een wisselbriefie ten laste mathe prano tot as 2

766 1530 2499 174 dat op pm aug. past behoorden betaelt te wesen, seden

761 1606 2493 263 geene Jan ul messive, soo tome met desen ul eens vrindelyt

779 1660 2470 284 versoecken kan mij te adviseren, oft het voors briefie

779 1822 2483 278 prompt oosdaen is, om mij vervolgens daer na de reguleren

792 1943 2320 196 bij aldien ul: daer noch geene kennisse dan heeft

805 2079 2394 197 bidde daer over kene te scrijven, ul: antwoort met

765 2155 2479 217 verlangen af wagtende blijve naer ser vrindely he

809 2257 2225 274 groetenisse & met presentatie vandienge

2432 2408 788 207 Adij 16 gber 1719

655 2447 1293 193 Brugge P. Jan Rentergen

826 2517 2427 201 al aeng van 23 pass wel ontfangenn daer benevers lognose

784 2665 2463 177 oncost rek van het packie tijken monterende ul wissel

797 2733 2003 222 gelde ƒ8:1:3: waer vooren ue is gecoediteert

765 2864 2428 172 desen principael om ue te adviseren als dat desen

812 2950 2287 216 morgent ul toegesonden hebbe p 8ogens van gent

815 3057 2412 187 adroiture een packie N.P.2 inhaudende 16 ged. burnhautse

821 3153 2439 228 geblijckte lijn waerten, dat op ontfang geleve te verlaren

820 3210 2420 263 &p eerste vertreckende schip op sondon te versenden ghet

846 3401 2409 205 cognossement, aen mijn ordre te laten techenen geloove

830 3456 2424 234 int cort noch eenige tijken sal moeten versenden, soo

831 3600 2370 169 w enste wel te weeten wat schepen a losty un ladinge

823 3672 2410 261 sijn, s tegens wanneer staet maken de reyle op londen

814 3776 2224 252 aen te nemen, as: missiue &denevene oncost

817 3904 2426 229 & cognossement Gant waerse tegemoet jande blijve

820 4048 1237 235 naer Cordiale groetenisse

5269 168 708 180 Adij 20 gber 1719

3375 184 1501 215 London Rebecla Hamiltons son

3493 254 2483 214 ude aeng. van 31 pastowel ontfanghen daer bij met p laeser

3480 376 2424 192 gelune dat lacas stroobant behanden was gearriveert, miet

3462 484 2544 171 wijfelende oft de goederen ul vole contentement sullen geveve

3486 610 2470 185 dat de ordre ontrent de clijne strepus niet ten volce was

3472 666 2509 195 voltroekenn is gevreest omdat soo wijnige gemaec ht saeren

3490 729 2520 325 voordeelde beter was, ul bij provisie toe te senden die gereedt

3498 896 2425 244 waeren als langen tijdt naer de resterende te vraghten

3499 1009 2450 250 p use naeste sal ue ordre te gemoek sen, tot het gene

3492 1116 2516 209 ul: noodig soude mogen hebben voor de ordinaire strepue

3491 1245 2448 239 can altijt becomen, maer voor die clijne strepius efter

3494 1407 535 203 tijt noodies

3474 1415 2554 249 ingevelge al: ordre hebbe op ul getrocken st£100: a 35:8

3492 1533 2509 241 op een uso te betaelen aen daer Cornelis de wael oft

3492 1648 2523 246 ordre waer vooren ae gecrediseert hebbe in wisselgeld

3516 1788 1145 252 ƒ 1070:- ƒ 178:6:0

3500 1905 2502 230 versoeckende alle eere aen dese mijne traitte te bewijden

3495 2009 2532 231 hebbe niettanders als op een uso. consien trecken sijnde

3493 2106 2496 247 heden abondant passur geweest op londen vrrijinge

3493 2205 2530 287 gevers niets gedaen de wissel is aent vallen 2 waert dat op

3498 2340 2531 202 den eso nat goddie willen trecken hadde niets connen

3492 2417 2541 273 doevy & daer naer soude sekerlijck die prijs niet tonnen

3502 2517 2465 281 besemen, soo dat volgens mijn oordiel aes avantogie

3507 2675 1497 233 hier ontrent behortight hebbe

3524 2756 2469 220 reuseert dat int angels niet serque, terwijle daer

3537 2874 2485 239 in niet ervaren ben sal p ue eerste cant wert

3518 2993 2473 211 verwaeten ontrent de persoonen in mijnen vorgen

3479 3062 2439 271 vernallt & blijve naer cordiule groetede

5176 3185 687 169 Ady 22 di 1719

3339 3248 947 220 Bussel de wed: borremalis

3466 3305 2549 207 ngevolge ul ordre van 14 deser soo hebbe de 2 witte perpet: N.70 met de 2

3489 3435 2540 159 coffeet op gepackt, & op 20 deser p beurtschip ul toegesonden in een packie

3515 3537 2417 141 gemerckt BR.N.2. de goederen waer van de facture hebt, syn u

3486 3631 1483 199 N.I. uk: gelieve mij te crediteren, als volght

5067 3658 892 207 aƒ 23:15  ƒ 47:10

3515 3735 1399 194 op 20 ster 1719 2 sarges bette Coffes 22 ft

4265 3803 1620 144 2 weinet: Teopwit £.70 :49:  „ 98:

5604 3873 366 193 ƒ 145:10

3987 3917 691 175 2 Jups 41 gurnet 1

3514 4021 2432 144 iets voordert van ul dienst voovallende gelieve te comanderen

3511 4120 1554 184 die naer sier mins ame groet enisse blijve
