8296 4699
932 213 2353 115 ter hant gestelt welsie is geaccepteert dienende tot voldoeninge van

914 310 2387 101 de voorgemelde 3 quitantien & desen tot hertelijcke danck segginge & van

917 394 2268 132 in ue van gelijcken dienst can doen versoecke mij niet te sparen,

906 508 2330 147 hope ul soo goedt noch sal wesen, van mij te adviseren dat de

934 570 2331 196 quitantien voort jaer 1708 sal mogen toesenden, waer mede naer

922 685 1147 177 seer minsane groetenisse blijve

2627 667 634 201 Ady 14 aug. 1720

755 814 885 169 Brussel wed: Borremans

897 854 2378 234 op 9 deser was aen ue mijnen laetten, met advies van ontfangh van

932 1006 2362 157 ue assignatie ten latte lambort deseleye, wellke door mijn cassier is

922 1081 2357 216 gepretenteert & hij heeft met een sleghte manire geantwoort dat hij

885 1202 2397 130 van iuk dar toe geen ordre hadde, dat hij ul spreken soude dae geleydt

893 1270 2380 192 dat hij ue noot sende dat eghter niet geloove  dit tot ue naeright hebbe

890 1384 2351 199 de affignatie noch hier gehouden, denchende dat : nem spreken sal

881 1469 2388 169 dat lhijligh bedaren sal, want ben wl versckert ul: niet trecken

928 1570 2372 165 sal, oft weet waeron sal ul antwoordt af twaghten oft de obligatie

927 1680 2345 154 segge aslignatie saede wederom senden oft twet waer mede naer

935 1755 2040 202 seer minlance groeten ste blijve & met offres van dienst

2665 1849 446 169 Ady 12d

767 1923 755 152 London John Tatnall

952 1959 2103 226 ue aengeneeme 3 van 29 pass. wel ontfanghen daer benevens

956 2047 2352 229 remise voor  £100:- ja latte frans: de voelden tot gent in antweyn

950 2171 2322 188 te betalen op 2 usos, willle om acceptatie hebbe versonden, tis waer dat

927 2283 2361 211 de wissel voor ue schadelijck is, & tis te vreelen die noch lager vallen

937 2357 2331 189 sal son den grooten handel, die daer geschieden en de comp. daer

939 2520 1312 174 groote capitalen in sijn gewonner

932 2554 2369 225 desen tot geleyde van het ingesloten cognossement &facture van

966 2647 2202 226 een bale met 100 ps. tijken N. 25. bedragende in wissel gelde

973 2741 2325 223 ƒ 1099:14, geladen int schip van franse moentack die met den eersten

765 2851 2537 221 goeden wint staedt te vertrecken, godt geleyde hem in salvo & leste dese goedere

973 2965 2337 203 ue wel geconditioneert ter hant comen & iets voorders van ue dienst

957 3070 2182 223 gelieve te comanderen die met duyteste genegentijdt blijve

2702 3149 442 150 Adij 20 d

760 3247 891 179 Brussel steph: rousseau

905 3269 2301 222 J'ay receu Et son temp les cheres vres du 12, 14 &p court vos deux

982 3414 2311 186 assignations sont promptement paje, & vre incluse lettre pour rost en

968 3493 2328 195 la ette expedie p le chariot de poste de breda d'ou parte tous les

982 3605 2277 219 jours les lettres pour toute la hollande i'espere quelle arrivera a

2755 3720 402 164 Adij 21 d

977 3761 1275 128 son temp, c'est le subject de cettee

797 3860 948 160 London Jacq fran de witte

908 3871 2305 238 d'eere van Dheer Clharles Bollengier saliger van 11 pass. & van ice van

987 4013 2262 174 25 ditto wel ontfanghen, het is mij grondigh leedt dat wij dien goeden

1003 4093 2212 183 vrindt verloren hebben, eghter moeten ons contenteren met den wille

1006 4204 2304 188 des heeren, hadde verwaght te versoaen, wie sijn sterfhuys sal regeren

998 4315 2209 196 oock wil n sijne affaires sal succederen ben geewent alle jaren

3499 178 2486 135 eenige salfsvellen te later comen, & het te soen sal haest aenstaende sijn, soo gelieft

3498 265 2312 142 mij te adviseren aen wie addresseren, supponere ue p intriyn de affaires sal

3501 352 2349 121 vervolgen, soo sijnde, wenste ue mij den uijs geliefde te noteren van het

3496 455 1579 133 bette goedt van 2m prices om volgens te reguleren

3494 503 2448 173 in dactien valt niets te doen, g ben oock gans niet gelint mijne cotterge

3508 596 2360 158 anuities te laten subscriberen, maer wel vercoopen als die a 120 oft

3500 654 2459 167 hooger soude connen verscoght worden, gelijck ten tijde van de in schrijvinge

3499 763 2180 167 al geschiedt is us: antwoort al waghtende blijve naer groetenisse

3486 900 1436 144 l. noteert mij mede den prijs van de luyiers

3504 970 2227 134 &oft die seer goeden coop sijn, & die hier het meeste getrocken worden

5288 1033 646 166 Ady 26 aug. 1720

3370 1057 407 184 Pouys fighe

3513 1137 2346 179 noyt het geluck gehadt aen ue te schrijven bij faute van occasie hebbe hier

3496 1271 2467 157 gelier messen, leqiels & friquetten met porseleyne hechten, die a cotty gefabriqueert

3484 1367 2477 112 worden seer proper gemaeckt & ben wel begerigh om soo twee dosijnen te

3509 1439 2333 163 hebben & vermits aen minant kernisse hebbe, als aen ul: soo neme de

3501 1536 2449 156 libetijt mij bij uk te addresseren, versoeckende de goetheyt te hebben van mij

3509 1622 2385 176 eent te laten weeten hoe veel die messen costen, opgemaeckt van de

3504 1738 2415 157 bette & fijnste soorte oock hoe veel de lapels & fuquetten coste, excuseert

3466 1832 2459 176 dese mijne importiune vruge, & waer in ue inschelijckx dienstigh can

3519 1954 2042 122 weten gelieve te comanderen sal altijt met affectie sijn

5383 2000 480 198 Adij 28 d

3380 2038 916 229 brgen timothie de lauble un

3502 2203 2370 142 pour responce a lhonneur de la vre du 26 courant, vous pouve vous

3511 2266 2449 168 addresser a mons: Wellens le pere ou a son fils wellens le jeure a le grel

3515 2353 2434 161 moatinus de fir les sieurs willens auront le plus grand assortiment en

3507 2465 2298 149 sarges d'engletterre pour des pepet: noires ou blanchres, ie pourray

3507 2581 2455 141 touioins vous en fournir en cas de besoing jaurez trajours une bonne

3514 2637 2371 194 partie de tout prix, ie vous salue et suis avec offres de mes services

5354 2734 448 164 Adij 29d.

3360 2771 720 188 Brussel P. borremans

3470 2906 2392 141 ue mij seer aengename van gisteren soo aenstonts ontfanghen, daer bij met

3497 2969 2488 152 groot gevoelen verstaen het afsterven van ul. lieve groot moeder dese doode

3503 3045 2456 192 heeft mij ten uijtersten gesurpreneert vermits daer van nochte van heere

3513 3156 2274 132 siechte niets geweeten hebben, godt wil have ziele de eenuwige glove

3513 3265 1501 157 verleenen, & ue & ue lieve vader vertrootten.

3521 3324 2383 171 ingeslote volgens ue versoeckx de assignatie van hondert & aght guldens

3533 3423 2425 164 wissel gelde tot laste den bode discleyn te rugge waer van op rekieninge

3537 3520 2365 155 mij gelieve te ontlatten, & waer in ue eenigen aengenamen dinst can

3506 3631 2212 141 don, te comanderen die naer seer minsame groetenisse blijve

5349 3711 621 154 Adij 2 sber 1720

3419 3728 693 162 Tunnhoudt wed: Robert

3526 3849 2443 96 ue aengenan van gitteren wel ontfanghe, waer op tot antwoordt seggen

3491 3895 2467 136 dat sedert de laeste gesondene tijsien gene de minste ordre hebbe becomen

3474 4013 1791 144 dat mij wel leest is evenwel moet patientie hebben

3524 4047 2411 169 nu wat aengaet ul wissel brief die op 25 deser vervalt sende hier

3529 4128 2449 181 ingesloten een ander wederom voor tot maenden, te begumen 15 sber

3528 4245 2453 154 ƒ20 & sal eiyndegen 15 sber 1721.: deshalven ul: gelieve dat maer te
