8330 4726
3580 239 2483 120 avec vous la correspondence que j'ay eu avec nre chevalier, quoy quelles sont de

3595 288 2458 137 peu dimportance, & a cette fin, j'ay examine mon compte courant, m'envoye, que

3573 364 2484 160 j'ay trouve sutte, p ou me reviend pour solde du S Thomas Sceven £31:10 p

3554 455 2481 138 sterlings, pour les quelles j'ay debite le compte nouveau au nom de vos graces

3580 527 2405 170 samwel swinten, ce quil vous plaira de notter de confcrrmite. comme il sera

3560 612 2458 202 necessaire, que ie vous envoye des nouvelles procurations pour recevoir les iuterests

3548 688 2497 232 & dividents de mes actions, que j'ay dans le comp. de la mer du sud, & de la rende

3577 773 2462 181 des annuities de la mer du sud ie vous prie de m'envoijer deux projects a cette

3578 879 2380 187 fin, pour vous les envoyer en bonne forme. ie crois que ie devray anneller

3564 951 2509 155 les precedentes dans celles que ie vous envoyerois sur quoy il vous plaira faire

3566 1027 2355 244 reflexion & en attendant vre responce, j'ay l'honneur de vous souhaiter

3571 1131 2503 170 reciproquement, dans cette anne courante toutes sortes de bonheurs & benedictions

3560 1177 2538 223 du iil suivie d'un nombre d'autres en parfaitte sante & suis tres pafaitteend

5383 1306 651 169 Ady 12 febru 1727

3558 1365 596 185 don John Jatnall

3572 1447 2410 158 J'ay receu la tres agreable vre du 23 du passe V.S. avec avis, que vous aviez

3601 1531 2409 219 examine le compte courant, & que vous laviez trouve juste ce qui me fait du

3603 1627 2401 229 plaisir, vre grace me mande 100 ps. cotils a condition des vous les envoyer

3592 1771 2459 175 pour mon compte & uusque jusqua londres, & que ie profiterois double provision,

3582 1834 2305 233 sur quoy j'aij l'honneur de vous dire, que ie ne prend point le resque

3582 1918 2484 223 d'autray sur moy ie serve seulement mes amis, pour la provision ordinaire

3609 2020 2405 265 le pour quoy si vous voulez m'ordonner les 100 ps mentionne pour vre

3586 2116 2521 257 compte & a la proussion ordinaire de deux pour cent ie furay mon devoir

3609 2229 2392 242 pour xcuter vos ordres au mieu possible, sur quoy j'attendray vos ordres

5515 2337 121 87 ms

5292 2355 671 157 Ady 3. meert 1727

3609 2400 892 175 & suis tres parferttement

3579 2528 553 145 in Jamuel Swinfen

3598 2518 2526 224 J'ay reccu en son temp l'honneur de la vre du 10 du passe V.S. y joint deux formulairs

3608 2618 2486 198 de procure pour vous autoriser, a recevoir les dividents & interest de mes actions que jay

3607 2732 2433 177 dans la comp. du sud & de mes annuities du sud, que ie vous envoye incluse en

3594 2781 2473 250 toutes les formes requises, ne doutant point, que vous les trouveray aunsij & puis

3620 2881 2495 235 que vous avez la bonte de me marquer, qu'on doit payer le divident de la comp.

3596 3023 2484 187 du sud eschve le 25 xbre 1726 passe, ie vous ay debite p provision pour £30

3614 3074 2481 223 du dit divident de mes  £1000:- actions a raison de 3 pour cent pour la

3620 3222 2384 173 demie anne eschue comme dessus. mes deux freres pedro & Jan Michel melijn

3628 3283 2415 196 vous ont envoye leurs procurations passe, quelques jours ce que j'aurois fait de

3614 3378 2438 191 mesme selon leur proiect, si ie n'auroit point este en doute, quils ne seroient

3581 3455 2510 256 & pas en forme. mons: Comm j'ay apris, que vous faite grande negoce en toils

3583 3549 2539 209 de flandre ie prend la liberte de vous mander p cette si vous ne pourvez point

3626 3676 2484 208 debiter de coutils dpour faire des lits j'envoye des quantitees p an a dautres

3628 3781 2445 202 amis de londres ils sont presentement a bon marche le prix est comme

3638 3876 2479 171 a lautre cotte, & ils nont pas este a ce prix la depuis 8 a 10 aus. ie serve

3628 3957 2493 209 mes amis pour la provision de deux pour cent, si vous voudriez prendre

3629 4062 2356 205 une preuve, ie ne doute pas, que vous y trouveriez bien vre compte

3644 4171 2367 213 en attendant un petit mot de responce, J'ay l'honneur d'estre tres

4542 4321 320 143 Perte

3646 4346 567 176 parfaittement
