8433 4747
1126 345 2239 117 P s acherboon heeft aen d' heer Rousseau tot amsterdam sjne notitie

1075 444 2298 101 gesonden van de passen thee die hij voor sijle ick. heeft ingekoght galsoo ick

1059 497 2360 172 smet ditto hl Comjffau paert & diel hebbe soo versoeckx op het alder spoedigite

1050 648 2308 124 die cassente versenden op schidan volgens hij ul geschreven heefte qul sal

1074 738 2229 137 die is mjn naeme stellen &de rekke van het compert mij toe te senden

1081 816 2331 148 sal die waerde afen dh. Jana rogels hier promt betalen mits profetenende

1072 894 2214 172 het rabat als naer conditie de versendeuy woorde ul hertelijck opt

1096 982 2229 186 spoedighste gerecomandeert geen letterreen tot antwoordt op ontfangh

1051 1047 2242 218 deser sal mij seer aengenaemt sijn qui afwaghtinge blijve als vooren

921 1179 1654 200 Amsterdam Dh. franc RousseauAdy 17 Jauy ƒ722

1776 1311 73 114 1

2027 1284 1184 169 broeder pedro wel gewoorden oock heeft

948 1358 437 147 Groene he

2022 1398 1409 146 Jan Michiel de notitie van 18 cassen groenen

1498 1413 473 149 heyders the

2017 1493 1350 112 heysers thee toe gesonden terwijlen dat ick

919 1463 451 215 3 het

1425 1539 297 162 N 1376

1642 1562 1672 190 7ƒ58:1½ ncker wijsel hayd gedaen sij waeren e

2004 1677 1413 162 bi getelde prijsen singe te peht hadde qul mede

955 1723 200 135 273

1549 1747 215 113 1306

2009 1778 1362 156 tot oft ende geweeft swel dagen gal dat

1027 1804 184 87 4430

1655 1797 205 117 7157

1993 1869 1326 154 ebbie was dat uij ick orders volgen soude

964 1980 210 86 279

1548 1972 165 101 1318

2000 1970 1422 124 ven waer op vertrocken ben quu ien boven

1631 1947 250 214 19ƒ 62

986 2032 225 95 8 0331

2002 2061 1381 165 est echter om geen presuditie te lyden soo

1002 2093 147 111 14

1547 2169 158 111 1498

2007 2144 1358 166 cottem van de voor gemelde, cassen op het

953 2165 158 167 27:

1581 2154 286 194 9 dds

1043 2222 192 170 a ƒ2y

1987 2257 1472 175 onden volgens ul. salves de aen hem geordenner

1552 2377 166 96 114

2007 2365 1448 158 ude op maeken de iek op mijn naeme te stellen

1637 2364 276 162 3 sde

971 2375 215 156 5223

2002 2462 1287 149 di hr Jan B Cogels proht sal betalen

1043 2475 251 136 3333ƒ

1990 2554 1429 146 in magh & sal sue de copye van de rek. soo

1534 2556 168 141 111

1992 2618 1434 142 n al isst dat den theewat hoogh ingelsoght

1620 2580 244 187 5912-

967 2645 156 126 608

2001 2709 1197 182 syn dat sijnde het noodigh de se

1025 2668 293 197 15 Jdl

1534 2759 182 140 166

1583 2803 1141 192 6794:4 gelijcke graedenisse

984 2899 397 158 The Tooey

2002 2914 561 160 van de prijsen

2012 3010 667 142 nde als hud achter

952 3026 521 158 N° 56- 54:½

1087 3123 320 120 57- 5d4

2027 3109 554 155 Adij 17 d

1665 3138 149 130 huy

1046 3215 359 114 205-53-

1996 3193 1361 188 mijn broeder Jan michiel melijn nottelie

1061 3284 356 145 N90 - 523

1990 3294 1367 162 : voor ret van d'hr Rousseau adous

2002 3375 1299 193 seydt by aldien tot de pojsen de d'hr

991 3400 379 169 The longe

2002 3459 1455 206 conde koopen dat wel soude syn maeu

1035 3528 440 128 540-52:t

2017 3588 1408 177 Dhoogert ingekoght hebt voor onse rek

1057 3626 365 131 549-52:-

2001 3665 1448 207 dert sijn hadde ale andermael versoght

1992 3776 1420 179 die stiptelijcke te volgen d hor Rousseau

1996 3886 1432 185 syne ordre gesonden hadde am die cassen

2009 3966 1389 163 dam af tt senden dat heden aen d hs

1132 4090 2322 168 van Pottet mede continmere & dat ick de betalinge hu binnen

1155 4206 2311 101 anthverpen promt sal doen wil met twijfelen oft sal de passen

1173 4311 2276 110 op ont schrijven laeten volgengversenden soo met dat hij oft ul

1151 4373 2318 138 ean lesterken gelieve te schrijven sal hem een bnief van dhem

1166 4456 2302 117 est d'hr lougs de conincke doen hebben voor alle sijne secrotg

3576 274 2459 152 versoecke de sorge te hebben dat de cassen wel geslolene geconditioneert

3580 340 2286 155 worden 9 dat die op het spoedigh te moghen al geladen woorden

3572 438 1533 146 waer mede naer hertelijcke geioetemijse blijve

3464 486 1698 183 London d'heer John Satualle  Ady

3578 575 2451 190 huse comende van cen olijie rejse dt met mne lieste nae offende goedene

3567 684 2440 156 hebbe betende mj vereert met iul aengenaem van 20 pass. P.5 wae op lot

3566 778 2401 164 antwoordt segge als dat het mij onmogelijck is betere sorge te dragen om het

3461 884 2565 188 sijn goiet als gedaen hebbe ben verwordert dat ue wedenen, laghten doedt daer

3548 923 2500 250 mijn maier op die goederen in N36 soo geroemt heeft soock op die van N 30

3567 1058 2382 219 sal ue eenste aenstaende ordre aen een van mjn andere makers betellen

3567 1084 2478 271 qui sal dan vordeelen wie voordes timployenen hebbe de factue van ƒ36

3567 1222 2480 216 naer gesien qbevonden soo gelijck ickk noleer dat mij ost coutant saue

3571 1318 2484 237 couren dogh alsoo die partije oim mijnen groet oock op u ick swelge vagen

3580 1420 2330 194 is can dat niet redvesseren qene souseen bagatellet oft de moyte mett

3576 1552 1693 196 weerdt eenen post voor de ball N 36: 9 85: 8 ½

3543 1661 2480 142 de bale N.37: is op 27 jaalj pass maer brugge versonden geweyt g hadde

3583 1733 2453 179 ordre gegeven aen d' heer rentergem van aen ick het cognossement toe

3574 1860 2443 164 te senden sjnde geladen in den schepe van leecks stroobant waer

3578 1972 2477 146 van hier en gesloten de facker bedragende in wisselgelde ƒ1063:17½

3579 2040 2459 192 welcke gelievve te examneren qualehwel bevinden mij voor den selves

3591 2143 2295 234 waerde te meditenen queis voorders van ue dinste voorvallen die

3571 2252 2228 245 gelieve te comanderen die met alle dinst preensale blijvee

3566 2378 2259 190 ul remise voor spe £ 160 a 6:2 op Jodoge tot

3584 2531 1122 153 mechelen is oock geaccepeert

3565 2569 2495 212 versoecke van deningesloten te laten behandigen aen mons. ssaae delpesch

3568 2690 2469 174 Conincklijcken notaris woonende bij de borse tot london, & aen hem te

3588 2773 2478 218 betalen voor rekeninge van dh pedro melijn tot antwerpen 2 schellinge

3576 2869 2438 217 N7 grooten sterlint sal ul rek: daer vooren crediteren soo gelijck

3581 3033 1322 184 ue de wissel p naeste sal noteren

3503 3076 1904 204 Tuhoudt de wed Jan BRobert Ady 21 dt

3603 3166 2399 227 ue aengenaeme van gisseren wel ontfangen dien volgens hebbe aen

3575 3291 2502 194 Jacobus Jan sen ule assignatie van negen hondert eyen sesigh guldenen

3589 3434 2065 169 & seven ssuivers betallt in de volgende spenen te weeken

5595 3475 437 181 ƒ744:16

3591 3544 1642 175 66½ son pissolen a ƒ Cromen hede  56 st

5564 3641 449 141 „ 2118:8

3605 3661 1020 158 s croven in spetie a 56 st:

3655 3761 337 146 monela

5898 3751 114 115 3

5167 3896 846 192 samen ƒ953:7

3606 3875 1638 275 dienende in voldoeninge van alles tot hebben

3601 4069 2423 157 voorders hebbe advies van mijn vrindt dat de partije van  funy lest

3614 4175 2373 129 hem wel geloorden was ghij claght soo dat verdriet riyge seght

3608 4294 2431 98 de  qul 5 segels van light geven van slight cacleursq met wel

3629 4326 2464 167 gewerckt sijn dat henm niet can animeren om andere  bieden

3615 4431 2344 121 wat van de laeste partije seygen sal moet noch afwaghten
