8351 4678
975 230 2314 105 dat can noch comn niet soude mij aengenamer sijn als d'eere te

995 335 2303 142 mogen hebbe ul te mogen dienen, mij recomanderende in ue jouttey

982 415 2302 124 iet bedienen van tijsien, oft andere voorvallende occasien. can ake

988 496 2281 115 de bete tijken senden tot de prijsen als hier ondergenoteert wet

992 594 2309 126 d rabat als die contant betale, soo haest het goedt gelevert is

985 668 2292 181 het soude mij aengenaem sijn, dat ue mij met eene clijne comistie

988 778 2283 160 geliefde te verceren, hopende ue in alles contentement te gevan,

985 850 1810 185 waer mede naer seer mintame groetenisse blijve

1103 976 923 166 a grort lost a ƒ2:15

1096 1085 908 170 4d segels .. a 9:17

1102 1187 933 137 de groot.. „ 9:17

1098 1281 920 175 3 seals ... „11:18

1097 1383 958 143 t groot lost „ 11:18

1296 1459 1191 175 met 2 de contante betalinge

949 1581 2302 156 een van mijne tijck makers presenteert mij heden de beste

982 1645 2326 167 tyken tot de prijsen als voor desen aen ul gesonden met 25

999 1761 2147 151 rabat, op conditie het galt bij het goedt dit dit ue, naeright

1011 1868 955 166 het gelt worrt hier schaert

2774 1856 556 198 Adij 19 uuy 171

843 1960 1032 182 Brussel philippes Ssergvous

1008 2050 2325 214 desen om ue te laten weeten, als dat versche engelsche calfsvellen

997 2134 2287 212 becomen hebbe die seer schoor sijn, & van de beste soorte groote

1018 2207 2294 199 roote eenige noodigh hebbende gelieve te comanderen, versoecken

1018 2343 2286 171 te vraghen aen S. lambreght denie oft hij geene calfsvellen

991 2479 2314 137 noodigh heeft, & aen hem mijn dist te presenteren, & versoeckke

1028 2559 2246 167 een lettersien tot antwoorrt waermede naer vrindelyeke

1528 2691 61 67 e

1442 2688 70 70 bl

1032 2669 1624 183 groetenisse een lettersten tot antwoordt waer

2763 2706 417 172 Adij 23d

838 2796 1030 159 Tbrnhaurt wed: Jan B. robett

1026 2912 2201 128 op 15 pass. was aensue mijnen laesten, waer aen mij referrere

1009 3005 2251 168 sedert geene van ue ontfanghen hadde al verwaght dat ue van

977 3103 2230 142 de laeste partije tijken, soude hebben gediipeneert, ue weet wel,

965 3209 2190 150 dat ie gelt nwet bewaren wille daerom doedt dat toecomende

1030 3316 2215 145 maendagh ontfanghen dit sijnde het noodige ses & dat naer

2705 3402 482 154 Ady 25d

1044 3422 665 167 groetenisse blijve

840 3523 825 170 Brussel Stepph. Rousseau

1047 3531 2268 220 J'aij bien receu l'honneur de bres du 9 &24 court: p la premiere avis

982 3676 2372 180 de la reception de mes remises & quitances sur le ville de bruxelles

1018 3771 2297 200 & ie vous marque p cette, que j'aij aiblie de vous informer, que vre

1037 3853 2275 204 remise sur asi van de vlat et este promptement paye dort

1022 3992 705 172 vous en este credite

1034 4022 2313 226 p vre derniere de hier jetrouve remise sur cors de wael pour ƒ600:

1038 4141 2294 216 qune autre sur le S Bunel de 132 ½ pata cous ...„318:8

2462 4230 892 199 de change ƒ 9:8:

993 4362 2370 159 dont ie procureray le requis, j'aij aussij mon assign ation de ƒ 128

5790 177 154 123 12d

3530 218 2012 111 sur le s: de werner de retout qui ma satisfait estant icy.

3514 253 2414 183 J'ay vous ay debite pour ƒ1200:- de change qu'avez receu de mad:

3484 378 2475 124 moris de lies, pour mon compte c'est le subjeet de cette, & suis tres

5366 466 614 160 Adij 26 meij 1721

3508 483 451 151 cincerement

3434 550 1013 200 brugge laurence van Rentergen

3530 618 2450 175 beyde ue aengename van 21 op4 passt. op hun tijdt wel ontfanghen met den

3525 719 2447 164 eersten den wissel brief van p £100:- door m. price behoorelijck geaccept

3515 820 2450 134 terugge met den laesten rekeninge van oncosten opt pack tijken & N. 28

3500 913 2462 144 & lognossement waer vooren ul ge gecrediteert in ƒ 16:17:6 wissel gelde

3506 1032 2420 175 & voor doncosten van de twee balen alfsvellen in ƒ 37:11:6 oock

3538 1117 2321 159 wisselgelde toecomende weeke sal een pack tijsken gereet hebben

3508 1240 2434 157 daerom gelieve te laten weeten, oft het present om met het eerste

3525 1325 1409 160 vertreckende schip op london te versonden.

3517 1410 2465 166 mijn heer gelieve desen ingesloten wisselbrief ten latte dheer gerardde

3534 1540 2437 133 witte, op ontfangh deser te laten accepteren oft by faute protesteran

3500 1616 2373 163 & op morgen te rigge te senden op dat die over morgen becomen die

3513 1710 2392 225 afwaghtende blijve naer seer vrindelyke groetenist ƒ3726d:

3435 1835 914 154 Turnhoudt Laidius samen

3518 1928 2481 146 in gevolge mijn geloten soo sende aen ue hier aen den vredt deser eene

3533 2065 2385 106 ordre voor 120 ps tijlen, de welke precies van breede & sualle trepen

3524 2125 2428 182 gelieve te senden, & tot de prijsen gelijck mijons: robeat mij die nu stelt

3528 2223 2360 171 als onder genoteert dogh ick moet uk seggen, dat die voor enen seer

3528 2320 2403 146 viesen brindt sijn, daerom moet ul die van ue tot stuck besien, &

3521 2418 2456 146 uyt kiesen, dat te dickn, sijn, & wel gesloten sijn, oock schoon van couleur

3523 2557 2477 124 want hij soude te voor mijn reteninge loten, & dat soude mij een groot

3513 2663 2455 110 chagoen sijn & soude noyt meer mogen peijsen van ue tijken te vragen

3505 2689 2480 209 guet dat hier van dese partije geene claghten become, & dat op u goedt

3535 2823 2471 117 gerult magh sijn, sal int toecomende ue meerder ordre geven & van

3518 2913 2407 157 het import van dese partije can uen gelijck disponeren sendt dogh

3537 3028 2437 160 geen geleurdt goedt maer alle van u beste eijgen goedt, & die uyt te

3521 3116 2455 189 soecken, om reden voors dat ve waghtende blijve naer groetenisse

3836 3244 1879 142 40 ¼ groot lost, 30 smalle 10 breede a ƒ 7:15

4943 3327 224 132 5d

5393 3342 347 126 a 9:18

3828 3330 933 160 10¾ groet lost„ 5d

5401 3441 296 127 a 9:17

4952 3426 258 136 5d

3815 3432 890 156 20 ¾ 3 segels „ 15 d

3799 3514 1974 215 303 segels „ 20 d .. 10 5 .... „11:18

3807 3635 2211 190 20 3 segels moorkens, blouw & wit maer wel te letten, datto

3548 3778 2457 133 gaen khoppenien sijn, omdat de vrinden daer soo over claghen, doedt u

3503 3857 2236 175 bette on de calandisie meer te hebben, oft anders is het uyt

3514 3982 966 181 contant gult, doet veel
