8337 4713
2726 250 591 135 Adij 5 xber 1720

841 249 1012 185 Amtterdam Crancisio rousseau

986 386 2344 121 tot antwoordt op ue mij altijt seer aengename 2 deses, segge dat advver van

965 432 2362 164 london hebbe de date en pass dat den wissel brief van  £128:15 p op

970 530 2307 173 soel wat sonsten tijde is betaelt de £71:5p waren int lant gesonden

978 619 2362 232 & hebbe daer over geschreven vermits niet te rugge compt, soo twijfele ior

981 791 1580 133 oft sal oock voldaen sijn, dit tot ue gouveno

997 836 2166 159 tis sekerlijck, dat de engelsche bobbels veele menschen ongeluckigk

977 932 2304 214 gemaeckt hebbe, ick hebbe goot danck niet eenen stuijver verloovn

933 1019 2313 196 nochte mijne broeders verhopende ue van banqueroete, mede subt

993 1095 2329 221 bevrijdt sijn,. het credit gaet hier oock maer soo & sos, tis soo danighe

937 1263 1080 143 dat men niet weet wat doen

1004 1296 2331 211 onse stadt heeft door de banqueroeten, ongeloofelijck verlooren, waeraen

948 1392 2287 242 de pinespaclste van de bosse dapper her deel hebben, goodt wil

1001 1517 2222 177 ons betere tijden verleenen, & wensche ue alle legae groete ul

2690 1634 413 170 Adij 6d

1009 1672 382 121 van herten

875 1757 578 163 Loven Jan fabru

1020 1772 2332 265 in gevolge ue aengeneme van 2 deser soo hebbe een bale met 14 dosijn

1006 1912 2309 196 cafsvellen en tween gesepareert, & gelot, die ue gevallen sijn, hebbe op

999 2007 2338 190 4 deser ter wage laten wegen, waer van hier ingesloten het waegh briefe

1002 2099 2339 217 & hebbe de 7 dosijnen op gepackt, & gemerckt I.C. & ge wagens us toegesonde

1015 2197 2228 179 niet twijfelende, oft sult die heden ontfangen heben gelieve mij te

1007 2295 1808 195 crediteren voor de selve als volght ue  gelde

829 2380 2478 245 op 2 xber 1720 „ 7 dosijnen Ccefsvillen wegen nitto a 392- a 15:t1 ƒ303:16

1037 2512 2277 202 tis seer schoon goedt: voorders soo sien, dat van de voorige partije

1023 2621 2234 155 noch retteert ƒ 7:4: wissel gelde tot ie naerigh. iets voorders

1024 2728 2227 166 van ul dinlt voorvallende, gelieve mij te comanderen waer

2807 2800 416 186 A59d:

1028 2859 1100 177 mede naer groetenisse blijven

858 2950 826 178 loven stever de ville

1026 3002 2245 206 in gevolge ul: ordre van 3 deser soo hebbe op gistera e wagens

1036 3085 2271 245 ul toegesonden de 2 dosijne cassvellen in een bale gemerckt

1022 3207 2319 211 S.D.V. wegen nitto als volght, & volgens het ingesloten waegh birfin

1042 3370 1286 156 waer vooren mij gelieve t creditren

856 3410 2483 276 op 2 xber v720 ip dosijnen calfvellen wegen netto & 382- a 15: st: - ƒ 296:1

1050 3538 2144 222 en wissel gelde te betalen, ick twijfele niet oft ul heeft die heden

1051 3650 2279 191 ontfanghen, want hebbe wel gesorght tot dat op den wagen valt

1024 3721 2243 203 geladen wan, iets voorders van ul dinste, gelieve te comanderen

1015 3892 921 174 die naer groetenisse blijve

5343 215 649 152 Adij 7 xber 1720

3444 244 860 118 London Theeren Executeuven

3526 276 922 174 van charles bollengier saliger

3532 325 2457 211 mijne rekeninge courant met dheer charles bollengier saliger is met brief van dher

3539 441 2427 148 jacques frans de witte mij wel geworden hebbende de selve geexamineert, & wel

3517 533 2469 141 bevonden, dogh sien, dat ick daer by niet belast ben met de provisie van sjne

3526 667 2436 144 gedane remises, derhalven compt hem ⅓ voor sijne eij gene brieven, & p voor

3511 720 1702 133 de vremde soo hebbe sijne rck gecrediteert als volght

3529 780 2415 162 voor proisie van  £300: - remises in vrende brieva a  . £1:10:0

4060 862 1893 174 „550:- remises in sijn eijgene a  „ 1:16:8

3524 914 352 127 voor ditto

3527 961 2427 179 heden hebbe op ue: getrocken op sight, te betalen aen dheer Jacqus 3:618

5550 1053 408 140 „102:12:4

3510 1126 1603 149 frans:. de witte oft ordre  £102:12:4 et segge

4622 1233 1314 112 is sama netto het slot van rekn £105:19:-

3533 1283 2390 167 dat benevens mij soo gelieve te noteren, & vervolgens die ick te sluyten

3535 1393 2378 167 & my naert effeet advies te geven, waer mede naer cortiale groeteniste blive

5334 1492 430 139 Adij ditto

3426 1491 943 176 London Jacques frans: de witte

3529 1613 2436 162 op 2 deser was aen ul mijnen laetten waer aen mij gedrage gesteren become

3525 1702 2406 135 eijndentlijckx ul: lange verwaghte van 21 pass 03: daer benevens mijne

3550 1789 2389 149 iek: courant met dheer bollengier saliger die dae coordt hebbe bevonden,

3489 1869 2474 158 dogh de provisie van gedane remises is daer niet ingebroght beloopende

3524 1950 2486 178 £3:6:8 sterlinte gelijck ue sal connen sien uyt den ingesloten aen dheern

3550 2098 2421 117 executeuren my is dan p saldo maes comende £102:12:4 et die heden in

3535 2160 2449 160 e faveur op sight getrocken hebbe, waer vooren d'execateuren mij gelieven

3531 2227 2382 166 te debiteren & ul op onse rek: te crediteren ue t is dan voor de 3 balen

3536 2357 795 145 calfsvellen gecrediteert.

3542 2373 2409 185 tis mij onmogelijck ul voor der avance op kort sight te connen remittere

3534 2482 2362 165 he laet hier al gelijck a costij, &men weet niet wie betrouwee, brieven op

3518 2567 2471 147 siort sijn niet te becomen, & goede brieven op 2 usos seer schaert sal trachten

3541 2648 2376 176 ue hier benevens te remitteren tis ue eeygene schildt dat lang voor nu

3525 2760 2390 137 niet voldaen tijt, & hope int toecomende sulte niet meer sal voorsomen, des

3541 2835 2338 167 reyte moet patientie hebben ue negligentien hebben ue in affaires

3540 2964 2356 148 schade gedaen veele van hier, hebben daer over geclaeght & genoodsfaeckt

3540 3037 2316 184 geweest andere mesures te nemen. het pack & 25 wert ue andermael

3518 3141 1476 164 gerecomandeert cito op brugge te versenden

3501 3193 2427 206 ingesloten remittere ue st £50:- op 2 usos ten latte de wed: benr

3518 3304 2481 173 gill in london, versoeckende d'acceptatie sonder uijt stel te bevoorderen & advies

3482 3424 1686 153 te geven aen die naer cordiale groetenisse blijve

5442 3409 432 207 Adj ditto

3428 3507 908 183 Liverton Will: & Janu. Lewis

3546 3574 2469 177 ck aengenaime van 9 & 16 pass. wel ontfanghen daer benevens facture &stalen

3557 3684 2440 156 van eene bale N. 25 monterende  £438:81ƒ die ul geladen hadde op

3542 3791 2449 147 london addres bij dheer sacques frans. de witte wil hopen dat wel sal sijn

3555 3881 2425 189 gearriveet echter ben in beduchtinge om den gepasseerden swaren soorn

3508 3984 2505 146 waer door groote ongelucken sijn geschiedt tuyet loten remitere ul £ 62:8

3532 4072 2310 175 ben latte de wed: byeyamie gill. e london welsie op ontfangh ter

3551 4167 2446 153 acceptatie gelieve te sonden g advies daer van te gevon, dienende tot

3545 4260 2489 149 voldoendigh van de voors bale waermede naer Cordiale groetenisse blijve

3533 4361 2498 117 d tis mij seer aengenaem gemeest te vernomen dat de wissel van £71:5

3561 4454 288 77 voldaen u
