8276 4692
989 229 2298 139 waer op segge mij gebestent is, & volgens informere is een vremdelin cks

897 326 2428 147 die sigh tt brussel heeft ieder getlagen, oft connen woonen hoore nos

913 412 2296 163 dat tegens reputatie sijn soodde ma seght dat hij de inte

962 476 2341 160 gepacht heeft wat daer van comen sal moet den tijdt leeren hebbe

963 580 2349 185 differente brieven op hen gehadt die ten verval dage prompt betaelt

930 682 2181 194 sijn, ue, doet wel alle precaustie te nemen want het is heden

961 788 2379 188 daeght seer schabreus met eenige nmene carespondenten te benne

981 875 2302 196 het is mij leedt ul geen beeter appagement geven can soo vers

985 1011 1089 183 verneme salt ul: adviseren

979 1049 2323 212 toecomende weke, sal te tijken blijn terqies blouw & wit roods

958 1158 2304 218 & wit, & groen &wit oppaclen de andere couleuren sijn op het

985 1285 1730 245 getoue waer mede naer groetenisse blijve

932 1361 2296 284 S uf: remie op den voors persoon van 2 april 2 usos

993 1504 2263 205 voor s £100:- moet heden betaelt sijn, & behoorden heden

979 1588 2286 206 op de boste geschiet te hebben, dogh is uijtgestelt tot naer

974 1698 2374 208 vertreck van den post wil hope betaelt sal worden soo niet

1014 1793 2288 221 worrt met alle forme geprotettent & toecomende post ul te

1010 1998 618 150 rugge gesonden

978 2002 2305 248 M d uree nae non compt me mij seggende voors remise

1012 2110 2320 202 betaelt is qme seght mij gen reden on de luyden te misfieren

987 2239 1713 194 dogh dat men niet gelooft ven Capitaelis

2682 2246 475 234 ƒd9:20½

854 2428 639 165 Cortryck le Canius

1005 2443 2341 212 op 31 pass hebbe mij deere gegeven ul te schrijven, & de libertijdt enom

972 2532 2268 201 daer benevens ue toe te senden 3 quutantien ides van een hondert

1002 2620 2340 271 guldens lijfrente ten latte de casseheriye van certrijck voor het jae verschen

992 2739 2344 254 1702 & seer vrindelyck versoght een lestesien tot antwoordt om mij

1012 2818 2329 297 gerust te stellen de selve quitantien ue wel geworden waren sedert

1040 2907 2192 259 hebbe soo geluckigh niet geweest iets van ue te vernemen dat

1037 3039 2160 240 oortalie is, ue met desen ander mael come te importuneren.

1025 3124 2316 217 ootmoedelijck biddende mij te gelieven laten adviseren den ontfangh

1020 3222 2284 269 vande voors 3 quitantien, niet tujfelende oft sullen ul te

1030 3371 2286 210 hant gecoma sijn, aghter het baet wat ongeuttiydt omdat

1012 3442 2318 235 die quitantien en postent sijn, & dat tomwijl in quade handen

1032 3558 2299 215 souden comen gerasien eene van mijne tanter douffatema bouwens

1034 3665 2292 234 is op 13 deser maent juny overleden waer doo de cassceriye naer

1034 3788 2021 236 dopenstaende Croisan, ontlast woort oor ƒ100:- I jacut

1047 3836 2284 277 excuseert dese mijne vrij postigheydt & waer in capabol ben

1067 3999 2179 212 ue dienstigh te welen, gelieve mij niet te spareen maer

1046 4109 1685 220 te comanderen, de met e plaisir sal sijn

5160 184 819 143 Adij 22 Junij 1220

3399 225 640 155 London John Sacuall

3536 273 2362 159 op 29 pass was aen ul mijnen laetten, daer benevens facture van

3528 378 2457 140 N. 23 bedragende in wissel gelde ƒ 748:12 voorders referrere mij aen den

3521 441 2440 160 selven, ul remise van £52:1:4 a 36:6 op s pidoens van diest is

3521 505 2440 205 door sipiere le vercert & vosdaen, &ui is daer vooren gecoeditiert in

3517 643 778 144 wussel gelde ƒ 570:2-

3527 679 2495 184 desen tot geleyde van de nevengaende facture van N. 24 met 10 ps. tijsen

3523 787 2476 194 monterende ƒ 481:19 wissel gelde, sal int schip van sucas stroobant oft

3528 898 2422 194 vun pieter heye geladen worden, soo haest het cognossement become

3534 1027 657 133 salt ul toe senden

3540 1096 2467 183 mijn bette maker schrijft mij, dat hij present een partije van 200 ps tijsien

3503 1203 2467 157 geveedt heeft, & dat het soo schoonen goedt is als noch oyt gehadt hebbe

3527 1303 2377 165 dit tot u gouverio, & iets noodigh gelieve te comanderen die altijdt

3523 1391 1426 180 met de meeste promptitiude sijn sal

3503 1512 2460 166 sor even become het cognossement dat hier mede sende is geladen in

3522 1608 2467 172 Lucas ttrobant, & is naer ostende al vertrocken on met die ensten goede

3544 1698 1457 167 wint te tijlen, godt geleyde hem in salve

5391 1697 427 158 Adij 22 d

3420 1814 570 148 London bollengier

3530 1856 2399 164 ue aengename van 27 pass 8.3. wel ontfanghen met remise voor

3534 1959 2452 190 £100:-a 36:8 op 2 usos ten latte thomas Roy in ostende, in antare

3537 2102 2420 131 te betalen waer vooren het noodigh sal besorghen ue hadde wel mogen

3514 2186 2363 160 £200:- remitteren, vermits de wissel tot genoegen wiet, hebbe ul

3520 2284 2415 136 gedebiteert voor £125:- ontfanghen voor het ½ saur intrest van de

3520 2350 2475 189 lotterje annuities daer compt mij nu noch over de £200:-  soo als

3534 2454 2477 168 ue: 36:6 a 7:8 en becomen can gelieve mij die te remitteren dogh

3543 2568 2352 177 lager niet wille over ue gedane remises niet voorder argueren,

3532 2669 2422 175 eghter over het   provisie voor ul eijgene brieven, het waer

3546 2735 2424 247 noedelijck ue sulte pretenderen soude want men can, oft magh

3546 2836 2322 195 geen premio genoeten daer geen assurantie oft tilico is mijn

3532 2983 2007 194 broeders sullen ul sekerlijck dat oock niet toe staen

3545 3072 2416 199 soo a cottij iets passeert ontrent het inbrengen van de amnuitres

3561 3158 2434 226 in de luijt see comp. oft te rembousseren gelieve cito te laten

3555 3251 2444 216 weeten, daer bij, ue opinie om volgens te regeileren soude echter

3553 3342 2333 221 liever hebben dat die op den ouder vredt bleven f: remise

3556 3448 2467 241 voor noch £100:- sal atwaghten als voors  blijve naer Crdiale

3544 3656 570 184 groetemissel

5319 3629 644 187 Ady 25d. 1720

3429 3765 921 132 st mes Etienne marcott

3571 3840 2411 149 depuis longtemp ie n'ay point este honore d'au adve eggreable vre ce que

3559 3927 2468 156 j'attrebire a la misere du temp ie viend p cette vous offoir mes services

3534 3995 2434 181 pour des perpet: noires, & blanchies, dont ie suis pouruue presentement

3552 4132 2467 132 dune belle partie, & si vre grace souhaite des doogets d'engletterre ayez

3554 4177 2486 193 la bonté de 2m envoyer des eschantillions, & ie les envoyerez en enpadire

3579 4314 1445 171 pour les avoir au plus jutte possible

5291 4348 349 104 verte
