8022 4706
1291 502 1058 205 Maiorem De

1222 756 1575 207 1egnavs Nhb IN15

1543 1065 944 218 5 4

1185 1180 1253 329 Londrem & Lorian

1481 1525 648 223 @ 9 aleutemn

1437 1685 714 217 Amsme hede

1538 1899 972 199 Jnnd Donine

1575 2067 591 238 1679

5105 165 846 146 Adij 6 mey 11719

3337 173 1251 176 teverton Bere nech march

3429 288 2543 132 beyde us: aeng. van 19 gber 1718. & 10 Janu 17 op han tijdt wel

3440 353 2587 183 ontfangen, & sijn tot nu toe onbeantwoort getleven, bij faute dat onse

3442 454 2583 165 sarge negotie gans onder den Goedt leght, men siet geen coopers valten

3437 558 2597 148 iemant naer goet compt dragen, can men qualijck tot den prijscomen

3436 600 2566 231 gelijck die costen, dchter doen mijn beste om te debiteren uijt treeken

3396 712 2606 191 dat de goederen door de mot, souden connen beseadighe worden bevinde

3431 822 2596 199 dat mij de leghte blijven manqueren, derhalve gelieve met ten bendge

3424 899 2562 206 twee balen te senden, geassorteert naer den grooten taebbock & N

3431 1006 2577 185 als hier aen den Zoedt deser, geene lichtere, nochte ruyndere bij te

3440 1092 2553 228 doen, want hebbe Jan die genoegh bij, & van de albeste te senden, oft

3416 1209 2545 244 geene, hebbe overgroote slaghten gehadt van de sarges inde Bale, N

3448 1260 2575 281 143: principael van het baeltien. N. 534. sijn soo sleght geweest dat

3447 1429 2037 212 noijdt soodarirge gehadt hebbe oock Cort van mate

3444 1480 2576 215 betrouwende dat beter aght op dese nemen sult, dat seer recommanderen

3443 1641 2558 144 boven al de lijne fijne mengelinge levendig van couleur g loyent

3444 1721 2579 181 die dat doors sijn, sijn niet te versoopen, & ul: heeft mij met soodanige

3419 1816 2609 170 al soorsien, die blijven leggen als steenen a geen sans sun om die de

3449 1922 2563 165 debiteren, de droevige gesteltenisse Jan de negoie is niet te bescrijven

3404 2006 2598 181 twijfele niet oft ul wort dat oock al ruyn gewaer godt betert, door

3437 2116 2517 179 het wijnog debiet geloove de sarges a costij ne beterfoop sijn, als de

3407 2230 2593 152 laette gesondene Balen, de sorge Blijft ue dan gerecommandeert

3427 2323 2039 167 door die naer seer vrindelij ke groetenisse blijve

3599 2421 1738 160 20ps naer N. 71 vanden grooten stael boeck

4095 2550 249 90 „ 72

3589 2554 257 114 20 d.

4119 2621 243 99 „ 73

3612 2637 194 132 2d

4213 2696 139 105 74

3603 2752 175 96 20

4131 2783 195 92 „17d

3605 2806 199 116 30d

4152 2855 220 115 „26

3493 2876 335 170 2 1ad

3581 2851 2432 232 20 ps door mallanderen geassorteert geene lichtere als N. 763

3440 2991 2527 240 & geen Bruynder als N.11 & levendig kan lijne mengelinge

3458 3071 2577 200 ue sal de cature met geene halve asseurantie belasten, terwijlen

3454 3178 2580 222 den riscco op mij neme, want de goederen connen het iet dwagen

3463 3310 1872 215 soo laete ul consirdereren de gesteltemiste

3443 3352 2574 228 sal ue antwoort verwaghten, oft u dese ordre taltrecken sal

3327 3502 1992 268 & met Burndge die nu gereedt legt versenden

5219 3614 693 170 Adij d 1719

3226 3639 1437 249 London Johan Phermansson

3451 3734 2550 189 ul aeng. van 17 pasto D. D. wel ontfangen, volgens ul tersoeck

3445 3855 2576 180 heer aen den goet deser de notitie van de prijsen van tijken

3462 3933 2570 226 ordinaire Breede & Sonalle Streepen B lauw D witt, hibbe

3421 4039 2539 246 groote partijen naer costij versonden, van Roodt, Blouw

3432 4114 2614 259 groen, brange  wist kan geheele lijne strepius van 4 drayer

3460 4245 2557 196 Witt, oft & hier drayen, Roodt, Blauw, oft groens dog kan geene
