8310 4706
2686 235 599 139 Adij 16 sber 1720

842 262 926 147 Amtterdam Jrancisio Rousseau

988 357 2263 143 beyde uk: aengename 6& 13 dises wel ontfanghen, met den eersten remise

986 420 2344 155 voor s £100:- a 32:10 et ten latte france pereijra in london, waer vooren ue op rss

968 505 2375 177 gecrediteert is in £ul0 164:3:4 en als mede voor de st £ 200:- in twee brieven te

969 615 2320 155 latte soel watson a 32:6- £325:8:4 en ols: nmet ue laette ontfanghen sal de

978 699 2261 153 d bieven verwaghten, bedancke ul voor de goede serge hier ontrent tmijnen

985 774 2309 205 profijte genomen, & waer in ue eenigen aengenamen diiest comdoen gelieve

974 867 1808 192 te comanderen die naer seer monsagne groetenisse blijve

2767 885 424 218 ƒ27:18:53

838 1023 859 169 Siveton famiel Borridge

993 1074 2310 221 op 14 deser was aen ue mijnen laesten vin oftende, desmmet remise voor

981 1183 2296 206 £100:- ten latte franc: pereijra in London, desen vra hollant tot

986 1295 2312 210 geleyde van den ingesloten wissel brief van noch st£ 128:15 ten laste

997 1353 2358 193 soel wat son waer vooren mede cito mogelijck d'acceptatie te laten ia voorden

962 1479 2356 197 den ontfangh my te adviseren, dese diene tot voldoeninge van de twee

984 1592 2193 233 gesondene bale perpet: voor soo veel ue de selve te hoogh en puys

982 1678 2130 243 gestelt hebt sal dat int toecomende vinden, waer mede naer seer

2782 1786 431 180 Adij 1681

970 1832 1010 182 vrindelycke groetenisse blijve

807 1950 869 185 Turnhoudt hendrick vvegls

1008 2022 2310 200 op 13 deser was aen ue mijnen laesten waer mede versoght hebbe de 20 ps

1010 2149 2281 190 tijken ¼ 3 segels moorkens van alle couleuren, die ue hebbe doen maken

1006 2241 2316 176 mij op gisteren sonder nitsel toe te senden, voorders referrere mij aen

960 2314 2397 181 den selven, hebbe die sonder twijfel heden verwaght vermints van ontrent

1013 2406 2311 217 een maendt af geleden, mij geschreven hebt die binnen tt dagen gereadt

997 2509 2311 178 lauden sijn, heden verneme noch tijken, noch brief wat dat te seggen

1016 2591 2338 211 is, can niet bevatten, wille ick wel seggen eer qualijck gedaen is & hadde

1018 2707 2336 190 niet gedacht icl soo handelen sonde, ben in de vroottse verlegentijt om die

1015 2778 2229 191 tijten, daerom come ul: met desen nochmael versoecken van sonder

1015 2890 2247 204 voorder wijstel op donderdagh tecomende de selve mij toe te senden

1017 2989 2314 225 offer een stick off twee manqueerde laet het daerom niet van te

1013 3062 2247 229 senden die gereeet sijn, & met groote patientie de selve afwaghtende

2791 3194 449 199 Adij 20 d

1035 3272 789 122 blijve naer groetenisse

842 3334 912 225 Turnhout hendrick vreghs

1030 3398 2338 188 den ue van gisteren heden naer noen ten 2 uwen met de 19tijten eerst ontfangen

1019 3489 2362 246 de 3 3segels voodt & wit hebbe niet geordonneet even wel op aggreatie mede gepartti

1032 3582 2348 205 ben seer getoort geweelt over ul handel, op u schrijve hadde aen mijn vrindt

1031 3688 2353 228 genoteet de 20 ps van alle couleuren gereedt waren, & nu valt dat soo bleght uijte

1048 3802 2298 181 tot mijn leedt wesen, sendt geene meer voor naden ordre maer manjueert

1045 3922 2296 157 niet van op sondagh toesomende mij de iek: toe te senven, dier af getrocken

1012 3974 2273 211 de 2 50 contante betalinge, & disponcet met eenen, van de weirde als

1048 4115 2307 159 mede vant gene van ondts scholdigh been de rek. sonde faut te sonden

1049 4228 2069 192 want ben daer bij verlegen dit afwaght ende blijve in haeste

5182 198 792 130 Ady 21 sber 1320 &

3408 237 572 157 Brugge verstergein

3527 281 2438 163 uei aengename 16 dises wel ontfanghen dien volgens sal mijne twee packen

3509 386 2482 165 p arnoult de maliere verwaghten, oock met den eersien de oncost ick van de selve

3539 457 2413 155 sien dat hucas stroobant met den eersten windt p londen staet te vertrecken

3522 525 2444 181 heden hebbe ue pwagens van gent adroisure toegesonden een pack N. 124:15

3531 639 2439 154 enhoudende 91 ps tijken segge een quegentigh stucken, willen gelieve te

3545 759 2425 138 verclaren, & op ontfangh in ditto stroobants schip te laden, & taddresseren

3521 854 2471 122 an madame rebecea hamileon & cooste, in london, ditto pack sal ten langhsten

3530 933 2446 145 over morgen a cottij wesen daerom siet den schipper wat op te honden, want

3548 1013 2283 205 mijn vrinden sijn met dese goederen seer verlegen dit icl: van herten

3544 1124 1519 161 recomanderende blijve naer cordiale groetenisse

3528 1235 1229 174 sendt de oncost rck: op het spoedighse

5298 1219 442 175 Adij 23 d

3412 1347 817 190 Turnhoudt Egidius saven

3538 1383 2402 218 ue aengenanme van gisteren wel ontfanghen, & hebbe ue aslignatie van

3529 1512 2448 159 ƒ126:- wissel gelde betaelt aen Cornelis kassincke dogh ul heeft ƒ 2:10 te

3513 1621 2478 152 veel getrocken, sijn de voor rabat a 2 p soo dat het maer en was ƒ 123:10

3528 1730 925 141 sal die ƒ 2:10 wel vinden

3530 1751 2439 202 wat aengaet ue versoeck, can present daer niet aen voldoen, om dat van

3537 1888 2429 141 een goede somme gelts gedisponeert hebbe in de tocomende maent soude

3540 2011 2334 138 ue connen helpen dit tot u naeright blijve nae cordiale groetenisse

5397 2080 472 125 Adij 23d

3460 2109 661 137 Trnhaudt wed: robert

3537 2199 2429 144 tot antwoort op ue. aengename van 19 desser segge dat mij gelieft te laten

3551 2278 2437 154 tocomen hondert hortblimen a vyf thier guldens het henent, & voy hier levendigh

3545 2402 2327 149 gelevert den man die die vercoopt moet de selve op sijn coste hier brengen

3508 2462 2479 164 en en hotte gelijck bij die transporteren, want moeten altemael levendigh sij

3542 2542 2451 177 mager oft half vet daer is niet aengelegen, toecomende jaer sal eerder oppassen

3550 2653 2379 161 segge nochenael, dat die 100 hortolanen levendigh & voy sonder oncosten hier

3545 2760 2437 142 moeten gelevert worden, tis a 3 stuijvers het stuck, die onderwegen souden comen

3542 2862 2393 134 te sterve, dat waer voor sijn risico, soo vel hij leveren sal soo veel mael

3539 2921 2291 161 3st betalen sal sal ul hier verwaghten & uk: antwoort hier ontrent

3557 3001 2361 185 mondeliux, oft wel met een brief wanneer de hertelanen comen tullen

5378 3108 473 205 Adij 23d

3547 3140 769 192 & blijve naer groetenisse

3476 3252 838 163 Turnhoudt hendrick vaeght

3561 3302 2364 179 ue aengenaeme van 21 deser wel ontfanghen, met de rek. van de laette

3562 3420 2353 225 gesondene tijeeen ul stelt de geel & roodt ƒ-:10 te hoogh ten mintten,

3566 3525 2334 196 de geheel voort hebbe ue betaelt voor desen ƒ 13:- & ul seelt ƒ13:10

3562 3666 2345 143 dogh de somme was ƒ13 uytgetrocken, de gul groodt moetten ne ae

3566 3744 1119 195 ƒ12 sijn, de andere sijn wel

3550 3795 2431 232 hebbe evenwel ul assignatie ten vollen betaelt, wij sullen malse anderen

3549 3982 2158 164 daer over wel van spreken, groete ik: van heten &blijve
