8193 4685
872 197 2383 137 mede blijve naer ul gewenst te hebben een geluck saligh hooght e va

867 289 2362 117 sierfemisse  veel prosperitijdt in het anttaende is iaer het verle

884 357 2066 137 naer volgende  groete ue benevers de fanele oyt ter herten

858 445 2212 193 s: notert ede den prijs, wat dat den wijn de hame saude

882 588 552 159 moete costen

2399 620 769 207 Adij 23 xber 1719

685 647 1209 193 mechelen ieter de Bongh

862 755 2377 200 sedert dat ue hier sijnde mondelink gesproken hebbe niet t en ick

867 912 2411 111 voorders vernomen, twijfele niet oft het gesonden briefken op mat hun

866 972 2393 136 brans op 8 xber lest aen ul gesonden sal op sijn tijdt voldaen

877 1058 2358 181 fijn geweest, ingesloten al noch een brufsen van den selven teneu

861 1194 2424 116 voor ƒ 210:- wissel gelde dat den 30 sdesen vervalt versockende

843 1264 2396 167 de betalinge doot ue vrindt tot ate te laeten in voordeen

854 1391 2380 160 nden ontfangh deser te adveseree als mede oft de waerde

888 1460 2329 182 kant voorp dontfangee is geweest op sijn tijdt, dit van ul

880 1597 2336 145 er waghtende, blijve naer ayt gewenst te hebben een gelief

879 1677 2236 159 salig hoogheijdt  veale benedat un int aen sraende

886 1773 1692 200 anue jaer  groet van herten

738 1890 1024 188 Tunhaut de med: Robott

2408 1886 688 205 Adiy 29di 1719-

904 2013 2215 192 ul laeng 22 deser wil ontfanghen, daer benevent de t steenen

898 2149 2346 141 & lan het sijn vlas dat nu wel is ingesloten een staelt ien, den

898 2205 2312 184 mijn meyden dar van heeft gesponnen, dogsij sight dae

887 2315 2310 193 het noeh sijnder sijn sal, maer moet een ander spinne

905 2436 2187 152 wiel hebben laet de resterende steenen op desen roede

908 2528 2334 169 gehehelt worden & laet het rerck dat daer van compt

903 2594 2309 218 op gedaen worden gelijck het syn moet, ick hup ponnen

906 2702 2309 203 ue  abuys heeft van ƒ 28:12 voort lijnwaert ot

919 2814 2238 186 costen op het slat moet ƒ 28:2½ soo mijn menmonis

918 2909 2246 173 gedraeght, ue can het narchenen, & twijfele niet, oft

908 2996 2234 175 sult het soo bevinden, hebbe de se ƒ28 a 2½ aenderck

911 3075 2224 224 betaelt, op sijne quiitantie tot voldoeninge doo ue

905 3126 2299 246 meer compt laet ue voldoen, voorders soo sur de 2 p

907 3310 2323 205 eyrnwaert die seer verschellende sijn an het eerste dan

896 3373 2299 269 gesien hebbe de terice ps sal behanden, n aen het derde

906 3451 2383 289 gans niet tot die prijs van 13t belieft a ut dern

904 3595 2378 248 a 12ft om geene rasie te hebben te latens sal dat

891 3697 2345 202 dan oock behanden oft soo met alwedersenden

910 3798 2311 223 hebbe bjdinge uyt Engelant dat mdde eersie brieven

939 3911 2339 207 aen ordre becomen saldaer om laet mij weeten ost

928 4013 2368 242 al de 2x e guijk andere geven will oft niet omvolgens

906 4096 2392 219 te reguleren & draeght sorge dat ue sig niet en besyhe

917 4244 2261 211 gelijck voor desen ingeslote ue astignatie te rugge

933 4376 966 128 blijve naer groeteist

5885 129 97 120 2d

5096 169 754 188 Adij 31 xberr 1719

3358 200 965 188 Brussel Step: rousseau

3483 264 2452 230 pour reponce: a lhonneur de la vre du 29 court, &os deux dernieres

3507 400 2363 151 remises ont este payez le meme iour 3 ies vous sont passée

3500 499 2436 150 a compte vre traitte de ƒ580:- de change sera satisfait a la

3504 561 2477 204 presentation & les traittes que monsr Francised rousseau pouroit

3484 672 1283 205 faire jouront touts honneur

5876 691 73 110 en

3493 747 2523 221 je vous envoye cy joint vre compte courant p la quelle il me

3478 844 2533 203 deriend p salde ƒ 4030:4¾ de change vous priant de letamen

3482 964 2433 190 & men donner advis si vous le trouve juste, ie vous salue

3496 1063 2095 226 suis avec offres des mes service tres cencerement

5227 1176 684 177 Adij 3 Janu 1729

3356 1213 956 184 London C Bollengier

3506 1279 2441 189 op 13 passo was aen ul mijnen laetten, met Rochie voors00

3496 1385 2421 181 ten laste louis jersin, voorders referrere mij ain den selven, sedert

3494 1483 2443 176 become ul messue van 4 past ditto. schipper tur nevilee voerende

3497 1569 2424 207 het schip van Crans. moentack tas voorgisteren op de reede

3502 1652 2437 195 van ostende gesien & hope gistren bonnen sal gecomen sijn

3516 1752 2402 190 hadde het ul gelieft, de calyt valeen hadden eerder gearriveert

3507 1913 2477 129 geweest, & mischien nu al verkoght, maer ie preferreert om

3499 1930 2477 207 den schipper voors braght te doen hebben, & oorden int rest van ul

3505 2070 2450 232 correspondenten, en bent alleen niet die dese claghte doen

3512 2162 2433 193 maet in parelijck mede alle ue andere vrinden, u hadde de 4

3502 2225 2458 246 balen niet connen becomen, om dat m. Clias mede provisie

3507 2321 2444 263 van vellen soude senden, & dat voor de tweede rijse van die

3503 2395 2515 299 lesoen, al hoewel hij soo hroegh bij tijde geene ordre heeft gesonden

3515 2559 2492 243 als ick hebbe gedaen, & bij allen dat hebbe noydt soo sjaere goet

3526 2624 2502 291 gehadt, als u nu sendt daer de soopers van gaen loopen, srant

3533 2794 2473 203 soecken alle lighte vellen desen principael, om ue noch maels

3533 2856 2398 250 te versoecken van londen eenigen uyt steln mijne rek te

3521 2947 2433 239 laten toecomen, ben daer ten uijtersten bij verlegen, & de

3519 3041 2476 247 bale salfo vellen, die u noch senden sae, laet die op nune

3516 3156 2447 265 Rett Comen ue antf. op mijnen vorgen & de ek court

3523 3267 2454 232 met groote impatientie afos aghtende blijve naer i

3524 3334 2485 332 gewenst te hebben in desen loopende jalve alle bedenckelijke

3528 3494 2173 247 benedictien des hemele & groete  uyter herten

3391 3657 2526 248 London Rebecea Hamestont soocke Adud N728

3548 3835 2476 202 op 13 pasto Was an ue m laesten, dar benwens un

3553 3949 2373 197 ander model, van een busset, als mede de grootte van

3536 4101 2479 166 onsen brabant sen voet, & largo eaplicatie, soo gelijck d

3514 4216 2516 220 gaer ue hadde, & ben seer in heuringe, oft verlange verco
