8426 4713
1065 266 2200 133 van 10 a vervolgens sal ontfanghen waer vooren de ncke van

1062 365 2280 191 voors heer gelieve te prediteren & de selve voor de oncasten soo van

1056 479 2321 151 brief pouten als andersints, die sonden connen vour comen de de biteeren

1056 585 2297 170 wij hebben hier vernimen de groete veranderinge die in de sanern

1052 670 2244 179 is geweest ben in verlangen ue antwoordt op mijnen vourighen

1053 796 2263 155 te ontffanghen gelieven mede den prys van de latterje anintes

1052 893 2283 149 te notteren die synde het noodigh deses gblijve naer presentatie van

1035 951 1415 190 danst & met seervrindeljck groetenisse

2578 989 737 210 Ady p Jrnry 1721

894 1079 1072 234 Turnhout wed: Jan  S. robert

1058 1160 2258 205 om het quaedt weder in de gepasseerde heylige daghen hebben onse

1069 1285 2284 171 reyle naer turnhout gestaeckt even wel sijn wij ue verobligeert

1068 1398 2172 198 al of wij alle ul offres genoten hadden gisteren become de

1046 1487 2329 161 verwaghte ordre van den viesen, voor s00 stucken, waer van

1050 1588 2191 174 de soorten hier onder genoteert die gelieve te besorgen, & mij

1065 1704 2171 192 toe te senden maer waght ul van slight & grouw goedt

1048 1802 1915 176 dit af waghtende blijve naer Cordiale groetenisse

1216 1911 1373 212 60 & groot foot 60 smalle stoepen

1200 2002 1469 230 30 ¼ 3 segels 20 smelle 10 breede

1214 2160 1113 198 10  3 segls. 10 small

1172 2307 330 153 100 ps

2644 2329 428 196 Ady 3 d

886 2459 1068 220 Rijsel de Lannoy de la Daiere

1043 2544 2329 207 depuis ma derniere du 22 du passe, rien de vos nouvelles on m'est

1090 2634 2271 204 venu presenter l'obligation de madame la princeste d'jsengiven,

1092 2757 2294 217 que j'ay retire avec quitance, & paye en argent de change, tant

1082 2851 2288 245 pour le capital, qu interest en semble la somme de deux mil

1076 2966 2315 184 sisx cent vint & deux florins dont vous en este debite, vous priant

1085 3066 2230 219 de ll'annoter en conformite, j'attendray vre ordre pour vous

1088 3166 2337 230 envoyer l'obligation pp la poste, elle ne contienne, que de deux

1074 3270 2258 257 feuilles de papier tellement que la port  ne sera pas de

1082 3387 2018 248 grande importance p la poste, ie suis veutablement

2717 3470 439 165 Adj 3d

909 3548 810 188 Lovens Philippus Everaits

1112 3558 2307 204 ul: mij seer aengename van 20 janu. lest hebbe op sijn tijdt wel ontfangen

1099 3679 2281 171 waer bij ul mij geliefde te seggen, als ue: eenige perpet: noodigh hadde

1093 3772 2253 182 van de soorten gelijck ue bij dheer van harre saliger gewent tijdt

1093 3890 2318 208 geweest te coopen ue mij met sijne ordre soude verceoen, hebbe present een

1080 3960 2173 191 schoone partije van alle soorten uyt de verf thuys becomen, soo hebbe

1108 4054 2303 229 goedt gedaght ul daer af advies te geven, & het sal mij seer aengenaem sijn,

1089 4153 2324 217 ul ordres voor eenige stuck en te ontfanghen, sijdt versekert dat ul: nae

1100 4223 2313 244 contentement sigh bedient sult vinden sul: ordres dan voor eene preuve

1109 4334 1923 230 afwaght ende hebbe d'eene van ue te seggen, dat warelijck ben

5260 225 749 156 Ady 5 Junij 1722

3443 253 1059 143 Turnhout wed: Jan B. Robert

3566 321 2437 191 ul brief van gisteren wel ontfanghen, oock de twee packen tijsen

3574 434 2416 144 ick sien wel, dat ul: oock geleert goedt op coopen moet ick hebbe

3562 512 2465 134 liever noch wat t waghten, als sleght goedt te hebben, daer mijne

3556 626 2453 142 cmissien soude door verlieken, daerom kent schoon goedt oft waght

3562 702 2404 172 tot dat ue dat becomen kan, sendt oock de rekeninge van de

3573 811 2446 192 100 stucken & cont dan van n gelt disponeren, waer mede blijve

5313 906 464 169 Adij 10 d

3480 936 639 183 London John Sateall

3574 1032 2372 151 ue aengename van 21 pass 6.3. wel ontfanghen, daer benevent den

3567 1123 2421 167 seconde brief van ue: remise van 13 april lest op 2 usos ten laste

3571 1232 2440 158 henrij hayden tot bregge niet behoorlycke indorsement daen mijn ordre

3546 1328 2471 184 &al noch eenen anderen wissel brief van £100:- ten latte m. velder

3558 1454 2480 161 tot gent beyde in antweopen te betalen aen mijn ordre waer voore

3568 1526 2483 187 het noodige sal besorgen ue ordre vooor 1oo ps. tijken is voltrocken

3565 1652 2431 174 & heden p wagens op brugge versonden, in een pack B . N. 36

3574 1754 2400 157 mijn naeste heeft ul: de facture & cognossement te verwaghten

3555 1887 2277 150 waer mede naer presentatie van voorderen dienst maer seer

3554 1970 1115 171 vrindelijke groetenisse blijve

5293 1976 501 164 Adj 10 d

3482 2101 671 184 brugge Routergem

3588 2141 2409 185 uk aengename van 16 pass wel ontfanghen, w il hopen dat het packe

3556 2326 1697 146 IN.4 behouden tot london sal sijn gearriveert

3563 2362 2398 161 desen tot advies, als dat heden p wagens van gent adroiture ue

3552 2484 2452 126 toegesonden is een pack gemerckt .N.36. inhoudende hondert

3558 2621 2366 141 stuchen tijken dat op ontfangh gelieve te verclaren &  eerste

3561 2659 2465 174 vertreckende schip, op london te versenden & te addvesseren aen dh

3565 2803 2417 133 John tatuall, & d'oncost ick: benevens cognossement cits mij de

3565 2938 2440 137 laten toecomen, dit van herten ul recomanderende blijve naer

3566 3007 1028 166 seer vrindelijsse groetenisse

4992 3071 865 217 Ady 27 d 1722

3477 3115 1090 184 London d'heer John batmall

3569 3247 2472 208 Op 10 deser voas aen ue mijnen laesten waer aen mj gedrage sedert geen van

3585 3366 2487 190 ue becomen heden ontfangh eerst het cognossement van de bal tijken ae

3575 3498 2475 192 op dato voors, op brugge versonden hadde voor ue rek. derhalven hebt ul

3572 3586 2422 224 hiet ingesloten als oock de facture bedragende nawisselgelde ƒ 985:8 e

3584 3747 2379 169 waer sij ul bevinden aln dat ul de saeeert e& die voor mijn contante

3587 3859 2457 165 betalinge genoten hebben geve alhoewel iue laeste brief van  £100:

3590 3950 2456 157 maer pij augusse toecomende vervalt dit an ue te animeren dese bale

3583 4053 2462 161 is gemerckt D N56:& geladen in den schepe van peeter haye die met

3570 4167 2404 185 den eersten favorabelen windt laedt te vertrecken gods geleyde hem

3582 4277 2437 150 in salve glaet ue die goederen ue wel terhant comen que voordere

3592 4406 2446 119 ordre sal mij aengenaenm sijn gwaer in ue angen dinst can soen gelieve

3596 4465 1762 61 te comanderen die met de utersse affextiu blijve
