8392 4706
1074 241 2275 116 vallen soo goedt met derhalven heeft u 1 oft 200: stucken

1063 281 2307 135 noodigh geleve ick orders te senden & gelieft het van en ta

1047 344 2270 134 oft mischin 2 te voor de contante betalinge te  proffiteren

1056 396 2316 189 soo moet het gelt bij het goeet sijn als voorseydt hebbe ue order

1053 496 2289 148 te gemoedt siende blijve naer sen vrindelycke groetomper

2648 554 657 147 Adij 18 sber 1722„

847 605 1159 182 Brussel wed: Michiel van Linthout

1037 689 2300 158 tot antwoort op ul aengename van 16 deser segge dat mijne versche

1046 776 2318 206 engelsche callvellen vant groet marck, greste goedt noch niet gearrivent

1029 896 2138 187 sijn, hebbe die al over langh geordonneert verhope in november

1044 1013 2305 174 toecomende hier sullen sijn, & soo haest de selve sullen aengecomen

1032 1076 2344 210 sijn, sal mij d'eere geven, ue daer van advies te geven, recomanderende

1033 1176 2272 201 mij middeletijt in ue genegentijst, sij sullen dierder sijn als de

1029 1288 2183 155 laette om dat in engelant meer costen, & de wissel wel 6 ten

1041 1401 2246 141 honderden schadelycker is, als voor desen, waermede nae cordvale

1052 1513 642 145 groetenisse blijve

2115 1549 911 178 Adj 20 sber 1725

854 1587 956 176 Turnhoudt De wed: Robert

1060 1654 2319 168 bende ul aengename van 16  19 deser wel ontfangen pbyden

1078 1757 2251 138 laesten een partje wilt waer van contie ben noch meer

1069 1839 2305 131 manne huysvrolve soo over de camtisseydt als ice goedthertie

1087 1933 2247 125 icj sijn u daer voeren seer verobligeert echtir dat ue

1082 2019 2193 115 wel woust doen soo behoorde mede te komen om het

1057 2080 2312 152 selve te helpen depescheren & dat soude aen mij j

1062 2167 2321 103 lheffte seer aengenaem sijn de clachten die aen ue soon

1067 2259 2219 123 gedaen hebbe sijn soo noch niet gelijck mijn vrinds

1036 2355 2262 76 m schripft ten is van de laste parsije niet maer

1066 2421 2309 108 vande partije van 10 july lest 120 stucken ue moet

1083 2515 2296 89 int toecomende daer in voorsien want saude mijn cale

1083 2576 2247 115 vertisen hij schrijft seer gepassioneert voorders ue

1077 2652 2272 113 heeft mij gesjett dat een selv schoon styck lyn wart

1094 2736 2158 105 hadde om voor mij hemde te macken eenen 4200:

1088 2844 2241 95 waer wel soo gelieve mij dat stuck met den nesten

1087 2925 2189 91 prip een foete senden op aggacatie van mijne

1105 2979 2161 110 dvouve doet un eens om dege senverli te

1081 3057 2290 114 vergesen dat het sjn rdeniydelijck valt op dat ue

1088 3134 2201 109 dae eer van halt t sal het ge naeste verwaghten

1091 3204 2198 119 oock, ende aen ue het smuyet van syn vlas laet dat

1101 3295 2269 115 pinen weght samen 3½ ponden & als het tot garen

1090 3388 2290 104 dan sal et wel sien waer ttoe byt timpboyeren hebe

1095 3456 2294 116 noch geen ordre om tijken becampe maer verwaet

1086 3531 2300 147 de den tijdt salt leeren waer mede naer geoeterrijse blij

1070 3626 2262 141 daer is noch bij het fijn garen dat gespennen is weeght 3½ pondery

1015 3732 2207 122 dat gelieft te laten sieden, & met occcasie eens mede te brengen

920 3782 1237 177 Brussel Stephano Rousseau

2511 3791 822 153 Jdy 21 xbre 1722

1074 3907 2232 150 depuis ma derniere du 26 passe sans l'honneur

1083 3989 2284 148 ddau umes vres incluge deux pettite tepe schavoir

1090 4071 2281 123 ƒ150:- courant sir J cau de vos en argent de change ƒ 128:1:

1081 4170 2291 143 „444:-   ur Jean  de bechev .. „ 95:

2410 4269 959 175 Eugembl.. ƒ 323:10:

3581 214 2413 156 vous prie ps de moeurer les payement  son temps

3557 268 2378 169 m'en srevite & en tous occasions dispoge de celue sur ep

3581 385 568 113 parfaitement

5026 400 888 172 Adij 21 xber 172

3440 449 806 184 gent franc. Louis baut

3566 496 2449 188 ue mij seu aengename van 15 pass op syn tijns wel ontfang

3557 608 2454 174 hadde de drij a vus stucken lijnebaerten noch niet nooeigh

3580 677 2383 188 maer ne soude wel begeiven dat ue de selfde gelieft de

3570 808 2430 111 in te coopen ten bessen mogelijck sins sese van de p

3566 867 2410 142 oft int beginsel van e toesomende waeche iu te laten

3564 930 2320 160 toecomen alsoo daer bij vanlegen sal sijn de resterende

3566 1040 2351 139 can ue by goede occasie gelegenthyyst provideren in

3571 1109 2338 123 gesloten een wissel brifve van s63:- a36:1 en sen

3582 1189 2273 145 casse william de scbieve a solt in Answerpen te

3574 1250 2259 159 betalen dat veryoecke te geliven laeten accepteren

3577 1285 2438 224 daen mij te reyge te senden dat met de versoghte jnwa

3582 1394 2431 174 afwaghtende bllijve naer dinst presentatie gvrindelijck

3578 1537 428 115 groetknisse

5014 1533 958 185 Adij 22 xber 1725

3434 1577 1205 204 London Jacques franc. de witte

4665 1659 74 95 leo

3563 1671 2363 166 ue aengename 15 pass. &S. wel ontfangen sedert

3568 1789 2274 119 hadde terwaght de facture cognostement van de

3415 1852 79 138 „

3565 1864 2312 143 versogh te ealen calsevellen dogh tot nu toe niet

3553 1964 2456 142 niet vernomen varmits het desoen present is bidde

3561 2052 2357 141 geene occasie voor bij te laten goen tselfs ben daer be

3567 2119 2345 150 verlegen derhalven blijft e d'xi & de goede

3561 2221 2450 154 sorge als met mijnen voorighen gemelt hertelijck gere

3534 2301 2400 147 comandeert gtwijtele oock niet oft ue sal de voor

3547 2401 2471 119 14 ¼ becomen asoo het geen tijdcn sijn om opslagh inde

3566 2493 2287 151 goeseren te brengen dan bij is de wissel oock seer

3547 2579 2480 162 schadelijck dat men hiefdaeraen niets can profiteven

3561 2696 2468 111 versoecke mede mijnn rekeninge souvant om het salde

3576 2788 2278 138 ue opsaght te remisseren in mijn sggen erief

3578 2860 2413 127 mane gans geen spiculatie inde castenye blijve

3576 2982 2278 101 echter u verobligeert voor e goedt aevis waer

3578 3049 1887 124 mede naer vrindeslecke groetenisse blijve

3456 3126 1254 189 Turnhout de wed: Jan B. Robert

4975 3153 1028 169 Adij 24 octb s8ver 072:

3583 3285 2294 112 op 20 deser was aen ue mijnen lassen als wanneer ue

3578 3366 2462 107 toegesonden hebbe het smps vans vlus la voorsers

3594 3430 2434 126 mij aen den selven hadde heden het ssack lnwaert varwaght

3598 3496 2266 114 vermits ordre becomen hebben soo schreke moogen oft over

3576 3578 2257 92 morgen naer surnhoudt te comen tioft niet gelane soo

3569 3623 2009 158 gelive mij de valgende tijcken te senden te weten

3563 3712 1670 121 30 ½ groot loot 20 Jinalle „10 breede

3597 3790 1590 114 130  3 segels  25 smalle 5 breede

3581 3903 1600 134 to 3 segels 35 smill5 breede

3591 3949 289 156 700: ps

3594 4019 2227 157 maer waght ick van gemijn goeet daer bij te doen tis

3573 4155 2465 125 wederem voor den veisen die sver ue partye, te geclaynt heeft

3573 4201 2471 136 can ue die op sondagh met senden laet het teyens dondeedagh

3579 4288 2422 102 sijn om alles wel te hebben date seer wit van coeulee ijn

3600 4362 2225 113 & schoen bleu oock sijn vast quick waer meee blijve

3713 4426 1531 95 reeft aen sepen synen sae wedervan
