8419 4713
856 240 2515 158 tons mamoyselle la veue francojs caniot de 30 re 1a22

1051 379 2239 131 J'ay bien receu l'honne de la vre du 27 courant a vec ordre

1049 436 2208 182 pour quatre pieces des perpetunnes noir que ie vous ay envoyez

1055 547 2241 163 a hier p le mesagier Jonard ne doutant pas que vous seray sues

1060 636 2301 166 confatite puis que j'ay choytie les plus bellest & longe vous priant

1055 732 1226 183 de m'en crediter cmme ln suise

1073 801 2205 227 le 29 xbre 1722. 2 perpet noires N. 70 .. a ƒ51:- ƒ102:

1821 972 314 103 2 ditto

2353 977 955 128 „„37:-„ 74:-

2841 1063 94 131 5

1821 1053 213 156 2 ps

2038 1064 1264 218 ensenbe aegent de change ƒ146:

1079 1217 2304 169 le S: jonard m'a paye pour vre comte cent quarante noeuf florins

1074 1315 2323 118 argent de change done ie luy ay donne ma quitance & j'ay examins

1073 1426 2317 171 vue comte que j'ay trouve tres caisse courr vous me marque you ie

1083 1503 2307 172 vous puis rendre d'autre service comande celuy qui a l'hons. d'estre

1073 1626 1440 140 mon espouze vous fait bien ses pouyslimente

2632 1642 631 208 Adij 1 ber 1721

894 1716 692 184 hier marg0 jujers

1068 1826 2203 154 op 24 deser hebbe ue geschreven, dat verwondert was dat mij de

1049 1882 2333 196 ƒ4000:- noch niet gebroght hadde, & dat verhopte ul mij gisteren die

1057 2033 2220 125 soude hebben comen over tellen, & sedert wetse van ul vercomen

1061 2077 2253 184 dat mij veel chagrin causeert, te meer om dat het gelt soo noodigh

1062 2210 2031 177 hebbe, & segge ue andermael, dat mij sonder dat get, noet

1055 2274 2262 220 passeren can, daerom schrijve ue andermaels om dat ul vaste

1070 2355 2224 206 geloste soude comen voldoen, oft soude genoodtsaeckt wesen, over te

1032 2464 2259 216 comen, & by manquement mj by andere de addresseren & wilt il

1013 2574 2273 199 dat voorcomen, soo moet ul op sedh maen daghs smorgens

1045 2684 2293 157 toecomende met dat gelt overcomen want can ul: niet seggen,

1070 2748 2310 191 wat presiuditie dat leyde dit dan afwaghtende blijve naer groetenisen

2088 2881 698 171 Ady 2 gber 11

928 2901 898 165 Turnhout, Egndeus saven

1087 2953 2304 197 u aengenaeme van gisteren wel ontfangen oock de 130 stucken tijtie

1041 3076 2351 181 die wel bevonden hebbe galsto iue mij de iek niet sendt soo gelieve

1064 3179 2308 118 die op donderdagh te lasen toesomen pont van de waerde disponne

1062 3286 1379 183 det sijnde het noodigh deses &dat blijve

2723 3310 451 209 Adij 2 d

916 3403 637 203 hier marge sujers

1064 3485 2335 184 op 29& 31 pass waren aen ue mijne laeste, sedert van ul: niets vernomn

1063 3597 2336 147 dat mij doeet gelooven, dat uls uijter stadt is dogh tis wel onredelijckx

1072 3700 2233 183 gedaen, dat nimant van ever huyse niet een letter schuijft, & dat ul

1069 3804 2223 143 aen sijn geloste niet voldoedt daer my soo op betrouwt hebte als

1072 3895 2318 171 ue: ordonneert gelt te scweten, is ue penne haest gereedt, & om gelt

1066 3979 2320 185 te restitideren, isser still wijgentijdt, dat voor berelycke luijden niet

1076 4090 2311 146 seer fracy is, blijve echter in hope van ul: morgen met gelt te sien,

1082 4173 2284 180 soo niet laet mij ten metten weeten, oft ick: levent oft doodt lijdd

1084 4309 2311 124 &soo van ue: morgen niets vernme ben geresolveert over morgen

1090 4370 2295 132 over te some dat echter mij wat scostelijck valt even wel den noort

1100 4449 1909 105 telt geen wettens met verlangen ul, af waghtende blij ve

5918 217 116 99 135

3477 222 2290 194 Brugge d'h. Lacerene van HenteryenAdij 2 gber 1722

3525 334 2519 148 u aengenaeme van 13 passt i sijn tijdt wel ontfanghen met advies dat ick het

3574 456 2419 139 pack tijken D.N3S: gelaeden hadde in den schep van lucas stevobent grat

3560 508 2469 166 de onposten op het selve bedragen ƒ 19:17 wissel de waer vooren ue gecochteert

3575 648 2285 113 hebben volgens ue gevoelen ontrent het wissel briefie door schipper pietetheye

3582 699 2440 145 geaccepteert hebbe mij geaddresseert bijden facteur derdenn de mij eyde niets daer

3557 794 2485 123 van wiest niet twijffelende oft ul voor ue hem daer over sult hebben gesprocken

3583 914 2451 114 gdat hij order sal stellen om het selve te doen betaelen oft sae genoodtsacht wesen

3568 964 2456 181 het selve met protest te laeten seeren vervalt 10 deser onser stiele bedancke

3568 1092 2381 140 ue voor de moeyte die hebt gelieven te nemen van het wisselbreefie van

3569 1166 2328 160 sor £100:- ophenrij hayden te laeten accepteren: voorder soo dent desen

3582 1242 2463 165 principalijck om ue te adviseren als dat heden aen ue toesende pwaghens van

3571 1328 2466 177 gendt adroiture een pack N.5: inhourende hondert dertigh stacken tijken

3558 1427 2466 184 voor ret van d'ht George vergue tot london wiens ordre gelieve te volgens

3574 1492 2461 221 de schaerseydt van tegken sijn de reden geleeeft dat met eerde hebbe connen

3590 1629 2429 150 senden moesten noch alle gemaekt woorden sedert 1t daghen dhebewgoe sal

3580 1717 2351 169 verwondert sijn niet eerder vesonden hebbe dat echter mijn faute met gis

3590 1833 2462 128 gelieve de selve op het spoedighste te versenden veriets mij seght dat bij verlegen

3578 1917 1903 164 is dit doende sult verobligeren die naer groetenisse blijve

4873 1993 837 158 Ade 4 gber 8

3491 2022 989 158 London dhr George Vergoe

4403 2104 136 75 me

3573 2031 2500 238 ij aengenaem van 5 passo. op sijn tijdt wel ontfanghen ghebbe als daen

3581 2174 2370 169 aenstons u ordre voor 130 stacken tijken aen mijn maker bestelt gehadt

3581 2263 2451 169 ggisteren de selve maed eest ontfanghen warende de seken seer schaertggeen

3583 2369 2452 154 te becomen soo dat alle sedert moesten gemaekt worden dat de reden is dat

3573 2494 2456 144 niet eerder hebbe connen rversenden, dat van den eenen gvan den anderen

3567 2538 2450 201 maker eenige genomen hadde soude even wel de partije niet geveedt gehadt

3576 2657 2437 163 hebben oock memands welt de tjken vercoopen ten prijse als die becomen

3572 2689 2483 234 hebbe wil hopen al door dit retardement geen presuditie sult hebben geleden

3565 2817 2435 194 desen dan om te accompagneren dinge sloten facture van de 130 ps

3575 2940 2455 166 opgepackt in D.N.5 monterende in wisselgelde ƒ4445:5 over vooren

3593 3061 2326 135 naer wel bevinden mij gelieve te crediteren is gisteren op gens op

3578 3167 2450 121 brugge versonden aen dhe laeerene van tentergen hope in tijdts sal somen

3593 3217 2463 163 op int schip van pieter heye gelaeden te worden ditto schipper was van niet

3592 3342 2429 129 vertrocken voor ontfangh van ue remise s £12: a 36:5 et gheeft

3587 3436 2460 130 iet geen ordre gelaten tot de betalinge hebbe daer over naer bruyee geschreven

3579 3500 2444 174 vervalt 10 deser echter soo niet betalt wordt sal met laten puesiteren m

3555 3581 2481 129 dat syne acceptatie aen ue eyge ordre is & dat geene presudiie daer doen

3575 3683 2478 176 leyden cont vant gepasserde sal ue: advies geven gwaer in ue eenigen voorder en

3555 3774 2295 197 dinst can doen geheeve te comanderen die naerseed vin. groet blijve

3517 3917 509 154 hier marqs sujer £

5464 3888 368 158 Adij 5d

3567 4016 2478 125 hebbe eyndentlijck antwoorrt becomen door ue bemiinden in dato 3 deser

3546 4095 2409 160 die my notert uk morgen overcomen sal met het gelt, & wermits

3578 4218 2237 142 daer by soo seer verlegen by sal ul met groot vorlangen

3564 4313 663 174 afwaghten & blijve
