8419 4726
2590 270 811 151 Ady 18 junj 1723e

932 288 740 131 melsele doos de maeyer

1062 388 2119 115 volgens ue hier sijnede geseydt hebbe soo hebbe mijne vrinden

1060 474 2301 177 gesproken, die paert hebben int stuckie lants ue besient qui

1080 533 2229 172 intentie bekent gemaeckt die mij een parelijck geantwoords

1073 663 2243 159 hebben, dat wij notarielijke inspectie hebben doen nemen waer

1068 786 2315 129 aen goedt geloof moet gegeven worden, derhalven sij geen sints

1065 848 2185 179 aen 25: pretentie & willen voldoen, & als ue over sal comen

1076 927 2352 209 sullen ue gesamentlijck spreken waer mede naer groetenisse blijve

2724 1050 657 175 Ady 26 Junij 1723

916 1115 947 187 London Jacques Boar de Witte

1080 1193 2314 163 ue: aengename van 29 apil lest O.S. wel ontfanghen, waer bij ue mij

1082 1295 2293 209 noteert de salfsvellen a 14 ½ et & dat seer moej & light goede soude connen

1075 1409 2260 149 hebben, waer op tot antwoordt segge, als dat door ue conduite mijne

1066 1476 2173 232 calanten verloren hebben, vermits ul: den kneght voor den meester

1056 1536 2343 230 gepreferreert hebt die die negotie gans verdorven heeft dat mij heeft

1067 1662 2368 223 doen resolveren de selve te quitteren het schijndt dat het aen ue genoech is

1076 1770 2241 200 als maer ordre besomt van differente, oft het srucken sijn oft noet

1056 1873 2289 257 & daer om comt het dat luyden van gerustijdt aen die cederen moeten

1093 1979 2254 236 bevinde op mijne boecken aen ul: noch schuldigh te sijn vier ponden

1074 2083 2348 200 drij schallingen & twee grooten terlinx die ue heden p mijn aslignatie

1085 2197 2195 198 us: wel soude gesonden hebben, dogh alsoo mijn ondiste broeder

1069 2304 2300 198 dhe pedro melijn & ongeluck gehadt heeft, van voorgisteren sijne

1080 2369 2225 257 comp. te versiesen, hebbe den tijdt niet van veel te schrijven sal

1106 2529 1498 201 uk dat senden soo haest mogelijck blijve

2705 2553 475 168 Adij ditto

945 2659 847 164 London Schoppens & Edwards

1117 2739 2221 183 ue mij seer aengename 2 deser. . S. wel ontfanghen waer bij met

1090 2819 2262 185 genoegen gesien hebbe, dat ick mijne ordres voltrocken hadde int in

1067 2916 2316 176 coopen van al noch  £5001- banck actie a 117½ te bedragende

1085 3024 2329 181 met de makelaerdije & ue provisie  £591:1:3 en waer vooren

1097 3142 2320 172 ul: gecrediteert is tis mij oock lief dat ul: de selve op mijn name

1081 3261 637 140 hebt laten stellen.

1107 3260 2224 211 us twee tratos van st £ 200:  £120:- a 35:5 et op  sight te

1099 3401 2214 168 betalen aen dordre van schaephuysen, sijn noch niet voor den dagh

1087 3487 2256 196 gecomen, sal de selve ter presentatie promt betalen, & in gevolge ue

1093 3577 2213 204 voor der advies, hebbe ul gedebiteert voor £15 voor het half jaer

1082 3755 2340 108 divident van de banck van mijn £500:- setie, vervallen 25 meert

1085 3784 2282 210 laest als mede voor 139 dagen intrest van £150:- a 3dn sdaeghs

1088 3889 2354 199 van 18 janu. lest £1:14:9, derhalven is nu alles met ul in conformtydt

1076 3991 2268 210 genoteert, hopende de oostindische comp. haest haer divident, te

1105 4108 2317 160 verschijven 25 jway .5. sal doen, & als ue dat sult hebben ontfangen

1101 4170 2286 211 versoecke een letterken tot advies, dit synde het noodige deses & dat

1107 4337 1441 153 blijve naer seer vrindelycke groetenisse

5356 241 680 131 Adij 2 July 1723 &d

3487 270 708 145 hebroeck Joseph Cremers

3563 346 2458 131 ick brief van 13 meij pass op sijn tijdt wel ontfanghen, waer bij ul: versoght

3529 444 2488 131 dat noch wat patienteren soude ontrent het eerste saer crois van de rente

3549 531 2373 143 van ƒ1500:- capitael wisselgebe, dat ue wel hebben willen toestaen,

3558 653 2458 124 nu sien, dat ul evenwel niet comt vodoen, dat sekerlijck seer sleght van

3559 733 2467 138 ue gedaen is, sijnde daer over seer mal satisfait & om niet te onredelijck

3556 848 2385 139 te ageren, soo come p desen, ue: ander mael vrindelyck vermanen

3562 924 2427 171 vm tusschen heden &aght daghen mij te comen voldoen, oft andersints

3517 1041 2405 133 sal mijn gerechtigheijdt volgen, waer naer sont reguleren blijve

4875 1124 734 218 Adij 4 july 1723

3481 1141 1010 211 hendt d'hr Jacques macque

3605 1216 2428 273 Ip 27 april & 17 pass waren aen ul mijne laeste bij den corsten

3567 1424 2423 184 hebbe ul geadviseert dat ge wagens van gendt ul: toegesonden hadde sek

3555 1503 2475 226 swerte s & met den caesten versoght van de selve naer antwerpen

3572 1674 2448 133 weder te senden & t' addresseren aen monst advianus aythoven vermits aen hem

3570 1769 2373 183 mijne resterende goederen over gelaten hadde sedert hebbe van ul niets

3564 1864 2456 235 vernomen nochte de goederen te rugge dat mij doedt vermoeden dat ul de

3566 2002 2457 213 selve sult hebben gebeneficeert soo met bidde ondermael van die stuck

3573 2120 2456 212 iuto weder te senden & t'addresseren als voors & op ontfangh deser versoecke

3572 2294 2452 170 een lettersen antwordt om smij devolgens te connen reguleren dit van ue

3577 2390 2190 159 met graot verlanghen afwaghtende blijve naer seer vrind groet

5423 2515 603 157 Adij 6 july 1723

3498 2519 639 154 brussel Jan de Broe

3532 2652 2493 131 verhope de goede thuys comste van ue: beminde, & dat ick de goederen door haer

3568 2718 2363 160 hier synde uyt gesoght wel geconditioneert sult hebben ontfanghen, het

3556 2831 2470 152 veepwit perpet. van N.56 dat iuk beminde mij geordonneert heeft te laten

3573 2889 2460 171 zeepwitten, is gereedt, & vermits de huysvrouwe van mijnen ondosten broede

3579 3052 2443 100 is comen te sterven, hebbe den tijet niet gehadt ue veerder advies te geven

3591 3082 2431 184 hopende ul: dit niet qualijck sult afnemen, & sal ue ordres tot de versenden

3574 3198 2443 142 tant voors stuck p eersten afwaghten, voorders hadde al in atwaghtinge

3567 3280 2433 145 geweest dat ue de oude reskeeninge aen dh rousseau, soude hebben betaelt

3546 3389 2462 162 dogh hebbe daer noch geen advies van biddende dan die somme aen voors

3587 3501 2443 156 leer te betalen, waer mede d'eere van uls comande afwaghtende blijve

3600 3612 1062 155 naer seer vrindelyse groetenisse

5053 3677 755 192 Adij 8 jullet 1723

3499 3715 1112 188 Eelle mons: de Lannoj de la Raiere

3431 3865 2576 137 le 22 jesre du mois de may fut a vre grace ma derniere a la quelle ie me

3591 3916 2420 202 reserte depuis ie me suis trouve hanorez de la tres agreable vre du mesme

3598 4040 2423 187 avec avis que vous m'aviez tirez ƒ1300:- argent court payable a lordre de

3595 4163 2433 163 mons: sansot En deux lettres les quelle j'ay payez a la presentation & vou

3595 4267 2432 174 en este debite en argent de change pour a i24:5¾ come aussij en argent de

3595 4355 2414 166 change pour ƒ38:- que m'aviee tore le 12 juii a l' ordre de mons. le baro

3594 4460 1033 87 de vecquemans sans autre avis
