8118 4774
2417 190 745 148 Adij 28 sber 1719

603 195 1061 166 London John batnall

821 278 2399 205 ue aeng. van 3 desen 8. S. wel ontfanghen, daer benevens

819 380 2455 140 remise Jan st  138:- a 36:2 en op 2 asos ten Passe henrij

797 473 2481 196 sheyden tot Brussel in antwerpen te betaelen,  jaer vooren

817 584 2454 174 het noodig sal besorgen, bevinde mij mede gereert met eene

700 718 2530 162 ordre voor 120 & is tijken, welcke sal precus naegesomen

806 770 2459 220 worden, ick hadde al eene partije vanden besten malier bij payt

784 913 2491 177 voese van monteringe dog tot nu toe hoore daer mit van

804 1018 2451 184 den encoop vande garens is noch met geschiet, & vermits

817 1087 2441 215 ue meest alle smalle draeght, & dat soo veele mn hadde

798 1189 2423 219 soo hebbe aen mijn besto maker gesireven, omde stackn

766 1337 2395 162 die mij manqueren, & veraghte die over morgen hier

800 1384 2432 240 sijdt verschert van Extra surieus, p schoon goet, hogpe die

784 1527 2489 232 goederen op 30 deser de versenden, naer brugge, daer seggen

824 1617 2415 221 brice schepen in ladinge die binnen 14 dagen staen

824 1754 2453 178 te vertrenen, & mijn naeste hebt de lacture sognossemen

792 1815 2463 208 te vewaghten, bedancke ue voor mijn traitte op sight

765 1910 2374 253 d'eere aen gedoen sijdt verschert ue intrest altijt als

817 2043 2445 230 eijgen dae waernemen bij ald ee al noch iets voorden

811 2147 1809 196 noodig heeft gelieve te laten boeete

833 2251 2436 245 maeckt ul geene speculatie, om turnautse getljcke

802 2372 2398 212 kinmens te ordorneren, ick hebbe all eenige naer

818 2510 2343 198 costij versonden, sijn seer schoon door heer prijs pleur

799 2623 2438 128 bequain om hemder te massen ingesloten eene

835 2687 2410 202 motitie van N. 7 prijsend ue court geet dat 16

843 2792 2392 198 aen rissel gelt senuet: de ƒ7:- court. masser maer ƒ6:

839 2914 2380 221 wisse gelt, dit tot ue naeright  blijve met dienst

835 3094 720 195 pretenteve

1043 3071 2125 263 N. 36 ider a62 lanck Cost ƒ1:1½a court gelt

2149 3248 473 122 D.1a 1:5½

1512 3278 287 115 62-

1073 3308 292 129 „ 38:

2297 3328 322 143 „1:10 ½

1581 3360 171 135 6„

1080 3409 301 113 „40-

2299 3424 327 111 1:18:

1491 3433 261 185 62

1082 3481 277 134 „42

2301 3494 309 150 „2:6

1074 3535 694 202 „44:—6

742 3613 2495 289 daer sijn noch 3 N. hooger N. 46: 48. 50. aN. 50. 2s

790 3768 2368 241 den hooghsten prys compt wel ƒ4:- dillee

865 3896 1991 209 onse tellen massen 3 engelse gaerden

827 4001 2292 238 tot nu toe hebbe geend andere verlonden als van

847 4163 1537 203 N. 36 tet N.44 a governo

5245 176 730 178 Adij 27 gber 1719

3386 187 1179 199 ton Siobert Baindge

3496 273 2454 211 ul aenge van 5 deser 8. S. wel ontfanghen & daer benevend

3453 353 2569 232 bacture van eene Bale N.24: beloopende st £84: in handende

3465 482 2494 244 30 perpet. N.170 dat aengent de 30 pesterende, geloove

3446 595 2549 215 dat ue abuys sal hebben ontrent den maken het marck

3482 673 2519 209 is niet  maer ½½. & hebbe daer noyt boven de 50  aen

3470 776 2542 213 letteedt, vrij aen boort, hebben heinne volle leingde breede

3464 887 2534 206 te wijfele niet, oft ue can die soo wel becomen, als andere

3503 1002 2462 251 es: moet die met inet beeckenen N.4 & 25 des in one

3484 1085 2485 225 hett  selts in one bale als oock het selfde die van

3492 1119 2548 321 N.60 320. om reden met mijnen forigen vermelt, derhalve

3490 1313 2536 239 sal die soo opgepackt terwaghtenn ul seght dat hwinge

3489 1389 2539 259 ontrent 14 dagen staet te zeylen, wel met ul brief van

3497 1553 2450 253 4 past noteert ul de balen, N. 22: 23: op t schip van

3490 1650 2439 276 John Pwings hebb belast, nu dat in 14 dagen soude

3492 1777 2473 262 vertrecken, soo sijnde, hadde het cognossement wel

3492 1876 2364 289 connen senden can wel mercken dat u: gaerne

3499 1978 2263 303 remises hadde daer gaerne aen voldoen dirkalve

3511 2100 2469 245 inge sloten st £292:10  tin &aste sohn herman

3467 2195 2473 267 drigne olmins in London, praet voeren het noodig

3523 2305 2498 297 seluve te besorghen & den ontfang deser l'adviseren

3492 2422 2512 298 & het cognossement te senden van de balen N. 22:23.

3525 2526 2448 229 M waet van ul nu remises kan het import hebt

3507 2633 2527 268 de perpett. N60: sijn 1ƒop ns. te hooggestelt, daerem

3515 2721 2520 249 moet sien, mij daer in te gacreiteren, want doen is niet

3508 2866 2487 269 bij te avanceren & men moet hier seer langen ber

3512 2984 2387 246 auytstaen ue missere te gemoet siende blijve nau

3531 3140 1035 214 Cordiule groetenissn

5308 3189 637 257 Adij 29 d 1719

3319 3292 1120 210 Turnhaut de wed: Robert

3521 3350 2370 228 uk: aeng van gistren, denevens de tijken wel ontfanghen

3507 3497 2501 214 laer vooren ul is gecreditiert, & ue gelieve kan die waerde

3501 3580 2512 233 te disponenen compt de netto somme mes 1 peast iu wissel

3497 3683 2484 265 gelde ƒ413:16: &permito ƒ4:5½ wisselgelde te veel op de

3477 3775 2399 305 lynwaerten hebbe betaelt, soo moet v trecken n

3497 3905 2335 256 voldoeninge lan alles in wissel gelde ƒ409:10 ½

3516 4018 2372 269 can ue sachen niet als toecomende maindog laten

3523 4119 2400 239 volgen, wat aengaet het werck janterlas, laet dat

3530 4236 2387 220 sejten, dercoopt de Best, & sendt mij den snuyt
