8043 4747
533 201 1267 175 diverton sames Burioge

2490 194 707 164 Aaj P. july 1719

689 296 2536 181 al aeng. van 6 posto 3. wel ontfangen daer hij verneme

690 409 2511 141 us: de 50 geordonneerde perpett. van treederlge pusten

703 538 2517 133 te weten kan N. 60 & 30. sult besorgen, hebbe de cange van

707 597 2483 159 mijnen brief. noch eens nagisien swaerby bevinde dat

695 706 2532 190 soo geleeve, mijn comptoort gast qualijck sal gecopieert hebbe

696 803 2531 196 vermitser ftaedt, die van N70. moet alle sijn de lesten voor

718 910 2520 191 aen het stuck van smalle roode riitte streees, gelijck de

701 1004 2525 259 voor dese gesondene & het ingesloten staelken ist dat soo

710 1123 2528 227 staet in mijn brief is een erreur het moet kan N60 syn

717 1200 2428 225 in die Clijne roode & witte trepies cmt van N.70

686 1343 2543 224 te weten van N.60. daer 30 ps van geordonneert hebbe

707 1461 2536 258 M70 moet in sijn van lesten, gelijck de laeste p bwings

719 1567 2520 217 in N.21 gesonden, & in plaets van 20, sendt oock 30

713 1686 2517 224 N 70 in een pack & N60 oock in een pack, ider pack

703 1776 2520 228 van 30 ps wel de letten, dat se suyver & wet sijn, dat de

727 1877 2467 266 raem gaetiens niet te dep int stuck gestehen worden

724 2023 2492 254 oock niet Pustackiig sijn, & de po van binnen niet

710 2110 2500 290 gepleckt goet ue beste want het minste dat aen het

740 2250 2494 249 goet is, is het niet te debiteren derhalve de sorge wet ik

729 2410 679 158 bevolen door

2385 2441 806 220 Adij d: 1719

536 2497 1001 219 London Jr: Bollengier

737 2591 2456 237 als mij seer aeng van 22 past°. 93. wel ontfangen daer

728 2729 2422 195 tenvens rek van al noch f £500„- voor mijne rek

732 2804 2512 265 gesoght, inde loserge anmisees bedragende £498„ 2„6 t

754 2895 2509 265 waer vooren ue is gecredireet, ben verwondert ie: die waerd

746 3023 2522 252 op mij niet getroeken heeft, dat schter s eerste sal verwagh

728 3129 2502 203 te vernemen & hope tot mijn nadeil met sijn sal vermits

731 3210 2516 274 de wissel wat seijnt te vallen, bij alden ul op cort soght

738 3304 2487 266 trecht, oft getrocken heeft, sal mij seer aengenaem wesen

760 3447 2456 238 want daer bij is noch eenige avantagie te halen hoe

765 3558 2485 230 wijnig het is, oft niet als u de £r000a op mijn naem

759 3629 2474 238 hebt laeten stellen versoecke daer advies van te geven, oock

770 3738 2493 250 vande intresten soo haest die in cas comen, om alles met ue

766 3915 1192 159 en conformitje te notteren

756 3880 2450 254 hebbe uf: gedebiteen voor £15a ul voor het dovident van de

745 4030 2522 247 Luytlee Comp vervallen 26 xbers 1728. laert o3.stegens bey

755 4128 2516 213 laest comende sal het tijdt wordende salfiveler te pijsen, wa

786 4225 2473 224 mede in afwortinge van ue mestive blijve naer seer vandelyke

774 4394 543 116 doete nist

5918 123 81 129 1d

5188 159 738 184 dij P July 1719

3315 177 1154 220 London John tatuall

3450 266 2485 169 ul: aeng. van 25 pasts 3. wel ontfangen daer bij verstaen

3445 397 2360 151 dat mijn vrinds van Brugge doccasie van gregorj int

3444 484 2467 177 versenden van de bale N. 18 heeft laeten voorbij gaen dat

3456 544 2472 202 mij wel leedt is ick sende noyt packen naer brugge oft

3467 678 2491 186 ordonnere wel duydelijk met het eerste vertreckende schip

3464 787 2531 165 op costj te versenden, het can oock gebeuren dat het syn

3480 877 2516 214 faute niet en is. want alster triee gelijk in ladinge leggen

3451 941 2444 288 gelooven de schippers cort te vertrecken, om vraghe te

3462 1058 2408 219 hebben, & daer by preferreert mijn vrindt als idt den

3451 1212 2501 214 loock sten hebbe gistren daer over dapper aen mijn

3464 1269 2490 262 vrint gescreven & ue vemese voor s 100„ a 36 ƒ

3463 1410 2513 248 op 24 meij getrrcken, op 2 usos ten laste henrij hijdon

3474 1516 2515 229 tot Brugge inant. te betaelen, om acceptas gesende

3489 1631 2499 166 ue ordre voor 100 ps tyken sal met alle bedenckelij ke

3486 1716 2394 202 sorge volbroghs worden & de naesse weke op brugge

3467 1760 2551 268 versonden worden, waer van voorder advies p mijn naeste

3489 1979 914 187 hebt te verwaght

3481 2027 2504 216 mijn heer ick wenste dat c selver een facteur tot brugge

3486 2165 2442 166 emplayeerde soo gelijck andere vrinden van costij doen

3468 2230 2474 214 die mij ordonneren de goederen aen hunne vinden te

3468 2375 2528 188 lenden het soude bmy facuulder sijn & soude mischen

3459 2453 2546 239 tet beser geroegen bedunt worden, &want de negligentie

3453 2573 2503 210 die tot brugge gescheet, can op mij niet comens omdat

3440 2644 2579 248 daer selfs net bij ben ick draege echter sorge genoegh

3459 2777 2529 187 doo dit sijn voorvallen, die niet voorcomen cans doorde

3485 2868 2531 235 drooghte die hier int sans kant is, sijnde linnes wat geresen

3490 2988 2447 198 om dat het gewas van het vlas sleght staet ue van

3476 3110 1303 173 herten groetende Blijvee

5271 3151 677 212 Adiy d. 1719

3323 3221 1480 253 Brussel de wed: Borremans

3517 3290 2479 245 ul aeng van 28 pasto op sijn tydt wel ontfangen maer bj

3497 3417 2500 222 met eedt wesen vernemo ue in iee: vorrge gesont hijt nock

3492 3512 2519 220 niet herstelt is, verhope den almogende int forttaer van

3514 3571 2465 251 sal laten risseren, & dat voor veeligaeren, dat ue uyther

3496 3736 1127 154 herten ben erenschende

3504 3737 2444 267 in gevolge ul ordre sende aen u heden p 8 duytschip e

3506 3884 2513 245 een packie  de 8 gementionneerde perpett. sijnde van

3503 3959 2498 212 het versgoet, & hebbe de langhste  beste uyt gesoght, oock

3516 4016 2478 264 die het minste geperst sijn, soo dat niet twijfele, oft de

3502 4140 2483 246 stucken sullen ue volle genoeger geven, die van N80

3491 4270 2464 197 vallen, de langhste a29 daer lijnder veele van 28„ a 28
