8317 4726
816 228 950 173 Turnhout Mons: Robert

2670 251 735 191 Adij 18 gber 171

1020 341 2371 170 ue aeng van gisteren is mij door uwen voerman wel behandight

1018 469 2380 171 benevens den sach met gelt dat over selt hebbe & daer inne bevonden

1004 578 2399 156 vijfhondert seventhier guldens eenen stuyver wisselgelde welcke

991 656 2414 236 comme dient in voldoeninge van den wissel brief van ue wae

987 775 2407 165 moeder saliger die aen ue hier ingesloten te rugge sende hebbe

985 915 2419 114 betonden dat het spaens pistot 5asen te light weeght soo

1005 995 2384 183 niet begeven can sal het voor ul rek laten liggen de

994 1121 2402 139 groote goude stucken hebbe niet naer gewogen wel dencken

999 1182 2402 175 dat die wel sijn hebbe nu de rek particulier die met ue m

1018 1319 2170 125 gehouden hebbe gesloten waer mede naer groet blijve

985 1412 1985 171 ende den gelt sack e voerman oock berugge

852 1541 2535 211 London Thin John schippens a yot Edwards Ady 20 d 1726n

978 1698 2389 178 Beyde ul mij seer aeng van 20 mey lest & 28 passto a.5. wel

1042 1806 2356 168 ontlanghen met den cersten ue advies ontrent de fontsen in cas van

993 1894 2395 169 borlogh waer vooren ue hertelijck bedancke al hoe wel dese tijdts bonge

995 1996 2379 116 sigh laet aensien tot corlogh canmen hier daer noch geen vollen

984 2115 2426 168 geloef aen geven den goeden goet wil ons den vrede ja curopa

999 2214 2408 149 laten behlouden bij n laeste verneme dat ul: wederom ontfangh

989 2306 2392 137 hebt het divident van 3pr van mijne £1700:- banck actien verta

999 2416 2409 149 29 sber C.S. waer vooren ue gedebideert hebbe in st £51: bevinde

996 2536 2405 112 mede een bxsrait van mijne rek courant die geexamineert hebbe

995 2632 2397 144 & conform bevonden dienende ue remise de dato 28 sber 1726

990 2749 2412 136 op 2 usos ten laste arnold van de lasteele tot gendt in antwerp

987 2850 2418 116 te betalen van ff £50:- a 36:7 en tot saldo der selve rekeninge

978 2954 2360 168 sal alles in conformitjdt aen teckenen & de remise betaelt

969 3074 2435 155 sijnde met ue slugten waer mede naer seer veele presentatien

975 3155 1762 195 van dienst & met groote achtinge blijve

2608 3281 791 175 Ady pr xber 1716

832 3285 936 168 Melsele mons. moenssens

964 3401 2443 212 maer dat ue voor gisteren van mij geschijden is ben met den notaris

974 3545 2429 155 van tongerloo gegaen bij eenen goeden vrindt om de docnienten vo

954 3619 2428 167 de twee stuckies cant te laten examineren mijn voor genomen de

985 3768 2419 181 van op morgen over te comen is daer door vruchtelios geworden al soo

976 3894 2416 159 geoordeelt wordt dat volgens de conditien hier moeten gegoeydt wor

971 3960 2433 186 & door de wet van wijndrecht te laten vernieuwen & daer nn

961 4094 2436 178 de leenen verhetten ben nu niet bevreest: voor de sa langer

966 4209 2430 143 terwijlen geinformeert ben daer gans geen recht toe hebben

983 4339 2412 141 naer wel den keere van wijndrecht om dat die goederen

976 4423 2419 109 liggen onder sijne surisdictie volgens art:5 rubriex decima

5971 155 124 168 10

3593 216 2386 132 in de costinne van vlanderen met een worrt sal daer pen cinck

3557 296 2531 138 tegens stellen in sas van oppositie ben dan in die landen voorgisteren

3556 408 2498 126 hier gegoeydt & sende aen ue hier benevent den goedenisse brief om

3569 501 2514 167 voor de wet van wijndrecht te lasen verniuwen volgens stile dat

3566 613 2544 129 aen ue genoeghsaem bekent is derhalven versoecke van op morgen

3567 737 2490 149 te lasen passeren & de rechten daer van te betalen ingevalle

3556 822 2537 178 die gevraght worden ten minsten sal ue de betalinge presenteren

3558 936 2373 193 a soo den keere grefier den aet sal geenregestreet hebben

3578 1063 2548 191 versoecke den goedenise brief mede te brengen als ue in staet

3568 1226 2346 142 comt als wanneer wij den dagh sullen stellen om de een

3577 1275 2533 156 verheften voor het een hof van langer kagen te laten passerg

3595 1396 2045 191 dit van ul verkopende blijve naet minsame groet

5098 1479 775 223 Ady 21 xber 1726n

3464 1524 1238 194 Brugge d heer Lanrence Van Rentergen

3585 1654 2464 145 ue mij altijdt seer aenge van 27 sber laest op sijn tijdt wel ontfanghen

3582 1757 2379 136 daer bij de oncost rek.  cognossement van het pack tyjken N.56

3593 1900 2556 143 bedragende in cours gelt £2:18:6 en waer vooren ul gecrediteert hebbe

3597 1968 2510 161 in wissel gelde £2:10:2 en swelck benevens mij gelieve te notteren

3583 2091 2540 120 sende aen ul hier, ingesloten de ordinaire quitantie van £17:10 ƒ wissel

3590 2163 2494 165 gelde tot laste den Eerw: keere procurator van het floofter der geelmisen

3572 2269 2511 177 vers 25 sber 1726 waer van de betalinge gelive in te voorseren & mij voor

3597 2353 2529 162 des selfs weirde te crediteren & den ontfangh deser te arviseren opdat

3612 2469 2537 170 gerust magh sijn dese ue geworden is al hoe wel gewent ben alle jarense

3611 2561 2501 133 onse reke courant te sluyten soo sullen de selve noch een jaer laten

3615 2673 2518 185 doorloopen om dat de selve van seer weynigh belangh is, & wil hopen

3617 2782 2501 122 dat het aenstaende jaer ons met meerdere correspondentie sal favoriseren

3624 2884 2501 155 wenschende ul middelertijdt een saligh aenstaende hooghtijs van kersenue

3612 3010 2477 139 als mede alle heyt &segen in het toecomende nuw jaer & blijve

3631 3089 883 168 met groote achtinge

4106 3176 957 235 Ad laioren Dee

3778 3341 1311 216 Deiparcque Verginis Marce

4091 3508 989 186 honoroin & GLoriam

4079 3662 901 219 Anno Domine

4320 3858 818 149 112

5344 3879 676 233 Adij 3 J1 :108

3482 3924 770 235 dillend enge

3432 4046 2659 168 op 15 gber 1726 un over de ses weeken geleden, was aen del mijnen laetten, waer bij

3637 4159 2430 193 ue: versoght hadde, van niet langeruyt te stellen van mij te comen betalen

3648 4258 2424 190 het jaer lant pacht verschenen bamiss N7 25 even wel verneme van ue niets

3639 4318 2473 195 al hoe wel ue mij gelooft hadde dat over langh mij voldaen soude gehadt hebben
