8351 4713
2629 251 647 125 Ady 11 xber 1720

854 268 702 153 Brugge Rentergen

940 357 2387 140 ul: aengename van 24 pass. wel ontfanghen, daer benevens den wisselbrief

1002 415 2279 141 op dheer coppenolle niet behoorelijcke acceptatie t rugge, waer vooren ick

996 514 2329 175 bedancke voorders vermits het gaer opt eijnde is & dat alle geeren gewent ban

986 595 2178 146 de rek. met mijne vrinden te suijten, soo come met desen ul: vrindelijckx

991 665 2326 212 versoecken, van mijne ick: courant sto toe te senden, synde tan uytersten

948 774 2341 218 daer bij volegen, derhalven vemandere daer niet aen te manqueren

970 863 2369 220 den ingeleyden aen dheer fran van d. Brussche a costij, gelieve te behandignn

996 988 1961 183 waer mede in ofwaghtinge van mijne rek. courant blijve

2767 1070 458 161 Adij 14 d

849 1110 815 133 London Thomas Swaine

992 1184 2323 171 bevinde op de boecken van mijn vader saliges san michrel melijn, dat

1008 1300 2293 160 hij ul bedrent heeft int int coopen van tijsan, sijnde de laette he

986 1367 2063 215 door hem aen ul gesonden op 22 horu 1702 gemerckt

992 1448 2362 234 hebbe sedert eenige javen die affaires vervient met eenige van lyn

990 1560 2366 207 brrespendenten,  veele partijen versonden, het soude mij seer aengenam

995 1675 2289 198 sijn, dat ul: de oude correspondentie met mij geliefte te vermiuwag

999 1756 2319 200 sijdt versclat nimant ick beter sal bedienen, & dat profissie masse

991 1858 2342 212 den intrest van mijne voinden waer te nemen, derhalven ome geoinge

984 1945 2293 197 connissie voor eene preuve sal met plaisir tuever cententementer

992 2050 2320 220 trachten te volbrengen, & van het alderbeste & fuust goedt te senden

1008 2157 2121 214 sijnde de prijsen der tijten als hier onder van de celder beste

992 2255 2294 235 & soo men contant gelt daer nevens leght kan 2 tt sierten, en

1017 2364 2304 193 lettersien tot antwoort benevens ue comistie sal mij ten uijtersten

1015 2461 2344 194 vergenoeginge geven, dit afwaghtende blijve met pretentatier van

969 2610 1589 168 dientt & naer seer vrindelycke groetenisse

1024 2718 1036 193 4 groet loot a ƒ 7:17

1036 2845 963 182 3 tegels .. „ 9:19

1039 2821 1993 276 4 grot bat.. „ 9:19 alles in wisselgelde

1029 3056 902 181 3 segels .„ 12:

2808 3079 469 207 Ady 29d

1047 3164 911 196 ¼ groot loet „ 12:

875 3255 1057 204 Bruussel Jan daiel de Werner

1027 3350 2266 202 in lange van iuk niett vernome hadde eghte al verwaght dat

1022 3497 2259 154 soude overgecomen hebben on ue provis ce van goedt ie te coopen

1008 3571 2317 196 & dat uel het restant van de laeste partije bedra ende ƒ 228:5

1039 3687 2179 157 wissel gelden aen dheer rousseau soude hebben voldaen & vermits

1011 3774 2260 172 dit iaer gaerne die rekkeninge sluijten soide soo versoecke die

1037 3934 2270 154 comme aen voors hier rousseau te tellen, & waer in ik eeng

1044 3994 2173 139 aengenamen dinst n doen versoecke te comanderen tie

1030 4120 552 167 altijt sal sijn

5432 214 579 152 Adij 19 xber 171

3436 249 630 174 brussel wed: le faiys

3553 316 2425 141 in lange van ul niets vernomen hadde eghte al verwaght dat ul

3532 408 2401 175 hut vettant van de partije door ue nlan saliger gekoght soude

3537 492 2402 166 hebben voldaen, bidde die somme aen dheer rousseau te tellen, om

3511 631 2389 123 doude rekeninge niet ul man saliger te sluijten dit jaer, &ier

3534 691 2461 161 wr in us t eenigen aengenamen dinst can doen gelieve te cmanderen

3533 807 1650 167 die naer seer vrindelijke groetenisse blijve

5358 821 575 198 Ad9:1952

3450 905 658 193 brussel Jan de bree

3516 983 2417 215 op 2 xber was aen ue mijnen laetten waer bij versoght hadde

3528 1127 2392 131 de ƒ472:19 wisselgelde, die mij ge rest noch comen aen dheer

3533 1199 2452 167 rousseau te tellen, & tot nu toe mets van ue vernomen my dunc

3499 1278 2499 192 dat het meer als tijt is comende met desen hekandermeeel versoecken

3533 1383 2330 173 van met de dilayeren mij daer op vertrouwende blijve net

3557 1503 1877 171 presentatie van dinst & naer vrindelycke groetenisse

5448 1515 506 192 Ady 20 d

3444 1641 586 157 brugge rentergen

3547 1676 2469 173 ick aengename van 13 deser wel ontfanghe, daer bij mijne ick: courant die

3547 1809 2466 139 ser fauteloos bevinde, ue heeft mij niet belast met don cotten opt pack tijien

3545 1911 1969 147 & N. 25. ƒ 12:14. op de 3 cassen 29 meert ƒ 6:9:- te veel

3538 1991 936 147 opt pack N. 24. 3 en te scort

3543 2057 1106 120 opt .„ 14 ƒ0:1:3 te kost

3550 2075 2386 217 op suffvelle ..  ƒ0:2:- te kort gelijck ul op die rekeninge die hier

3555 2220 2356 135 wedr sende sal connen sien versoeckende alles te redresseren mij eene

3543 2291 2451 201 correcte toe te senden, ue soude p slot comen ƒ21:19:3 tot ue naright

3548 2432 2411 121 ue missive tot antwoort t gemoet siende benevens de ve: blijve naer

3539 2519 630 154 Cordiale groetenisse

3520 2579 2257 184 P.: verwaghte eene bale van londen e pieter heye, oft moentaclie

3546 2655 2365 232 gemerckte 25 soo den eenenoft den anderen quame t'arriveeren

3536 2782 2437 184 versoecke hun cargo eens naer tte sien oft die dae onder begrepen is

3531 2893 1150 196 mij daer van advies te geven

5438 2876 437 206 Adij 21d.

3441 3020 757 165 Brussel Steph: rousseau

3535 3081 2434 215 J'ay receu en son temp l'honneur de la vre du 2 court: ie n'ay point escrit

3544 3187 2438 193 au s:t sergoous a raison, que telles sanicanairs ne me plaisent pas, il est

3544 3295 1680 187 bieny quil vous at apperte les ƒ13:10 de change

3540 3385 1510 169 ie vous envoye cy joint deux lettres de change

3561 3491 2447 173 lune sur iudoons de vos dr 5 court: a demie usance pour ƒ120: de change

3547 3576 2470 153 lautre en acceptation du s. de broeyes £60.... „ 360: de change

5051 3680 775 175 entemille ƒ 480:-

3556 3756 2469 211 vous priant de procurer le pajement & men crediter a la fin de lanne

3561 3911 2417 109 ie vous envoyeray le compte courant, & suis avec offret de mes services
