8372 4699
803 244 903 151 Turnhoudt Cordues Sanen

2509 247 756 125 Ady 24 xbre 1721

1041 326 2238 103 us: aengename van gisteren wel ontfangen ick bedancke w

1040 377 2272 119 voor het wilt dat ue mij wilt senden ick hope op sondagh bijue

1041 457 2272 124 te wesen daerom waer het wel dat ue thuys ware weent sond

1027 522 2287 151 gaerne de tijken selves sien om dat vrinden lagen dat het

1006 614 2337 100 goedt soo sleht valt aen den voet deser vadu eve soo stucken

1034 685 2268 142 van gevalle niet come soo laet die tycken opdonderdagh mij

1043 761 2309 105 taesomen a de scie wel uyt te saecken datte wis van couleurt

1026 807 2313 121 vallen & het blouw schoen dich if yn wel ick aengeslaeen

1024 894 2301 156 tis voir mijnen besten salans die seervis is daerom let

1043 971 2250 117 daer wel op mijn huyssvul sal mischin mede comen

1039 1080 834 127 nier gewetenigse blijve

1049 1135 1490 152 30  groot loot „ 20 smalle 10breede

1046 1235 1115 143 16 29 graet loet56 small

1051 1308 1551 154 5 4 ut groet loot5 4 s malle super sijne

1042 1380 1469 175 720 ½ segels . 515 snalle 5 breede

1049 1508 1459 184 530 ¼3 segels . „ 25 smalle 5 breede

1085 1671 413 171 200: ps

929 1732 2334 200 London John Schoppens J John Bwans Ady bre 172½

1031 1847 2329 138 us mij seer aengename van 18 aug lest boft 5 op sijn

1020 1956 2343 115 tijdt wel ontfangen daer bj tvee modillen van proclevatien

1029 2072 2247 106 snende tot versoep van mijne aetes soo in d'orfindissche

1053 2128 2221 115 coop: als banck waer van bij sijve & geleyernshydt mij sal

1023 2200 2238 146 bedinen seynde present aaetien ande nee lage hebbe

1039 2305 2327 124 ue heden gedebiteert voor ste ƒ 25:- voor het heeft naer dividen

1047 2398 2287 127 van d'oostindische comp vervallen 24 unij les5.

1034 2463 2296 90 twijfele niet oft ue mede sal ontfanghen hebben het halt

1038 2534 2297 132 jaer dindent vande banck dat senle emichil vervallen is

1033 2598 2238 131 soo sijnde gelive mij daer af advis te geven  mede mijne

1042 2690 2206 121 rekeninge courans te laten toecomen om de selve

1063 2761 1453 93 voor dit a teluyten &tgene mj

2567 2759 741 150 2 Rep soude samen

1047 2806 1976 124 gelive te remitteren dit afwaghtende blijve spaer see

1019 2899 988 108 vrindeljcke groetenisse

2338 2919 916 174 Adij 29 sbre 1721

851 2953 946 162 London John Hamalle

1065 3037 2260 105 ue mj seer aengename van 2 deser T.S. wel ontfangen daer

1058 3118 2268 99 bij odie voor sso as tijken die nmet alle bedenchelijcke sorge

1038 3202 2253 111 sal provideren & hebbbe die aen mijne twee beste makers

1047 3287 2290 75 bestedt ider voor soo stucken & sal die ap part op packen

1044 3340 2321 104 n N.32„ 35 & ck sal dan ordeelen welhe goede ick het

1058 3432 2297 79 beste aenstaen om ins toecomende den leesten maker a

1058 3466 2309 110 ue contenlement te imployenen echter ick gelooveeme

1045 3546 2312 96 dat ic in die goederen eenigh versch il saal vinden wia

1059 3643 2309 128 hebbe aen mijn makers om het alder beste goedt te hebbe

1060 3722 2299 121 gevoiren genogh gedaen verslane dat niet meer doen can

1049 3796 2310 118 als wel voor ick doen want mache profesie mijne vrinte

1055 3878 2310 118 te bedenen se gelijck begene soude dat aen mij gheschief

1057 3956 2315 112 derhalven vertroulve dat ue geene andere voor mij met ervere

1046 4022 2309 173 sal int bedinen van syken ick can mes bedencken wil

1062 4139 2308 84 aen ue sijn dinst gepuesenseert heeft ten waere mijn vompt

1039 4191 2332 140 geeft die ontans een jae gehittert hebbe dee savele heeeft

1047 4266 2309 140 ghen macht om geelt te avanceren & als mede geen sonte

1010 4351 2359 128 gelt dvoor de tijken gheeft soo becomen die luijt sehert van

1006 4436 288 91 goedt

3528 210 2444 177 oock geloeten niet dat de tijck makers hhem taediteren onde

3524 295 2446 131 alhoe wel een serelijken galt is hope de 200 geordinerde stucken

3504 373 2304 148 dese wecke naer benegge se versenden waer p mijn eersste de

3526 441 2440 175 facture prognossement hebt te verwaghten ef3 kemises sijn

3510 499 2294 197 salle geaccepteert & vervallen synde sal ice het noodigh daer

3528 591 2210 146 voeren besorgen  waer mede naert dinst presenalij & seer

3530 675 1374 161 vrindelycke groetenisse blijve

5365 710 541 158 Ady: 31 gber

3410 787 664 154 Turnhout wed: robere

3517 826 2406 169 ue: brief & de tijken gisteren wel ontfanghen ben soo gepresseert dat

3512 930 2419 163 niet schrijven can, disponcert maer naer uu gevallen, & wentte dat de

3525 1045 1547 182 geheele somme ordonneerde blijve in haeste

3493 1168 509 145 ƒ983:18

5064 1196 802 171 Adij 7 gber 172

3394 1228 1356 196 unhourt de wed: Jan Be Bobett

3547 1318 2378 182 us aengename van 2: deser wel ontfangen met advis dat de

3529 1440 2277 137 volle comme vand geleverde reken bewijen hebt die promp

3518 1506 2456 163 oootdaen hebbe nue wat het stuck lijnwaert aenvalt het schint

3508 1578 2397 128 datter denght instecht maer het sesoo geel dat qualijck

3531 1714 2417 112 gisteren tderfƒ oock seynde lagen die sterck gestieps sijn

3531 1780 2389 136 nat dre en van doort vlas als ick geit magh wesen dat

3537 1879 2452 97 het int wasschen wel wit wooden sal dat soude het imployere

3531 1957 2443 121 ut can dat misschinwel weten t t sal mij op us betooven

3531 2009 2449 110 hij danckt niet dat het eenen 12 is ul antavoordt afwaghten

3531 2115 1450 124 blijve naer vrindelyck groetenisse

5095 2172 895 174 Adij 7 gbre 1725

3388 2199 1405 188 brugge laurence van Rontergene

3450 2278 2519 192 uf aengeniem van 22 sber lest wel ontfangen daer by

3530 2408 2457 101 rekeninge van oncosten op het pack N. 22 waervooren u

3511 2459 2290 146 gecredateert in ƒ 14:14 wissel gelde desen tot advis

3473 2554 2390 165 dat op gisteren p wagens van gent aen  toe gesonden

3540 2626 2384 169 hebbe twee packen tijken N.32„ 33 ieder met hondert

3530 2777 2296 134 stacken tijken samen 200ps di vervolgens gelive te

3531 2830 2421 121 verslaren op t eenste vertrescken schip op londen te versende

3537 2919 2402 122 & taddrisseren aen dheer John sachalle & aen mij de oncoste

3545 3002 2215 133 rekeninge t cognossement te laten too comen op het

3541 3050 2390 164 poedighste woer mede naer vrindelycke geoeschij blijve

3419 3160 859 170 London John Tamale

5155 3180 828 174 Adi 8 gber 172

3560 3307 2452 121 op 24 passt was aen ue mijnen leasten waer aen mij gedrage

3510 3378 2489 100 sedert hebbe te gelijck becomen uys mij seer aengenate alen

3554 3443 2408 110 2045½ pass. A.S. waer op tot contwesendt segge dat de 200

3549 3499 2387 165 ps. sjkent op 5 deser op gepackt  vergonde waren dagh tot

3527 3567 2399 158 noch tot hebbe de oncost rekeninge noch te cognossement

3554 3639 2459 144 van brugge niet ontfangen dat echter de te verwaghte

3557 3713 2462 138 & sullent e cesse vertuschende schip te gelijck ue toegesonden

3543 3811 2256 133 woorden dit tot ue naeright t blijve naer spresensalt

3556 3922 1447 120 van dinst & groete ue van herten

5075 3956 859 174 Adij 18 gber 1723

3411 3980 1233 170 London Jacques Franc de witte

3557 4065 2135 150 met groote verwonderinge sien uyt e missive

3564 4153 2393 137 20 passt D. 5. het amusemenst ontient de salff vellen

3563 4259 2313 120 llles simmd dat up andere voor mij wilt preferreren

3560 4329 2458 163 verni dat sulx vetandement aen mij neermals is geschidt
