8344 4733
827 254 1346 178 AmsterdamD'hees Fran. Rousseau

2670 259 692 177 Adij 8auy 1716

1039 364 2362 212 bij ue pmij altijdt seer aeng: 5 deses verneme met veel plaisier

1013 506 2421 145 dat ul: benevens sijn lief geselschap in goede gesondtheydt a 6ot

1028 624 2398 161 sijdt gearriveert het is ons waerlijck leedt geweeft dat ul: sigh he

1017 687 2428 162 soo weijnighen tijdt heeft opgehouden 't'genee ons belet heeft te com

1003 827 2424 153 betomen onse oprechte estime & genegentheydt die wij sijn hebben

1024 936 2415 143 tot ue persoon & familie verhopende bij andere occasien het slo

1006 1041 2403 133 blijckende daer van te geven, wat aengaet mijne penningen

1028 1161 2416 166 onder ule berustende kan met resolveren die te laten imployeren

1025 1283 2412 125 a rato van 2½ p p annum ingevalle de 5  met cont betres

1007 1339 2425 195 als voor desen bidde mij een extractie van mijne re courant

1015 1470 2416 146 p eerste toe te senden om vervolgens te connen desponneren sijnd

1008 1521 2429 204 de wissel present noch favorabel om sonder verlies te connen tie

994 1640 2441 179 hebbende ul: middelertijdt gedebiteert voor ƒ90:- voor en imse

1015 1760 2351 118 op 2 deser vervallen den thee boij wort tot ostende seer wel

1005 1882 2425 127 verkoght den gemeynsten, den eersten dagh a 51 ¾ st: door een, den tweede

1009 1970 2434 158 dagh 52¼ & met de brieven van heden, men seght dat den groenenthe

999 2086 2427 115 seer hoogh sal loopen om datter weyengen hier, int lant is & desen niet be

1012 2169 2425 117 sijn kan tot ue gouverno mijn heffte versoeckt haer complimenten hier te

1000 2238 2059 143 gelieven t'agreeeen & sijdt versekert dat waerlijck ben n blijve

845 2343 1069 191 London mons: Isaae despechz

2431 2322 807 224 Adij 14 augd 1726

1048 2497 2352 170 J'ay receu ex son temp la chere vre du 29 janrier 1725&

1005 2620 2384 155 y ioint le certificat de ion poupe que jay aux livres de la

994 2719 2434 142 bancque d'engletterre de mene vre quitance de £0:8:5 et pour

1006 2812 2437 132 les frais du dit sertificat que le S. john tasnall vons a paye

1009 2905 2382 183 depuis j'ay fait encor quelques emplaittes dans le bancque

1003 3041 2431 127 & la mer du sur de soite que ie dois estre interesse dans la

1008 3135 2418 158 bancque pour dix sept cent livrez perlins & dans la mer du sud

1005 3261 2428 149 pour mil livres perlins, vous priant de vesiser mon compte

1005 3316 2326 154 de l'in & de l'autre & le froutant juste de m'envoyer les

998 3446 2434 119 cersificats d'icelle au premier posible les trais vous seront pays

1003 3538 2371 180 p le mere mons: batnall & en l'attendant J'ay l'honneur

1003 3655 1079 157 d'estre tres parfaittement

862 3769 1830 191 Brugge d'heer Laurenie Van Rentergem Ady

2854 3774 419 211 aug 1716

963 3930 2361 140 mijn keer u8: mij seer aenge van 2 meij lest op sijn tijdt wel

1001 4062 2418 102 ontfanghen daer bij de oneost rek. van het pack taken N.55. waer

977 4153 2450 146 rodren ul gecrediseert hebbe in wissel gelde voor £2:14: 3 en sedert

978 4232 2349 171 d'eere niet gehadt van ul te schrijven bj faute van materie

991 4349 2341 176 hebbende oock tot noch toe geen de minste comissie becomen

3564 235 2536 169 sijnde present wijnigh oft geenen aftreck in onse tijken dat soo verhoppe

3571 323 2447 122 int cost beteren sal, genen scheren Batt: dom: de smidt heeft mijn

3581 413 2437 128 schoon vader d'hr Jacques de Lannoy keere van swijndrecht geschreven

3566 491 2469 176 bij ordre van sijne ecelentie den keere grave van lalaing ue hoogh

3575 595 2504 177 ballin om op 20 deser tot brugge te compareren om te doen den hedt

3566 707 2469 115 van feantheytschap van sijne leenen releverende van sijne mayestijdt

3590 790 2527 117 leen hof den burgh van brugge & stellen bedienelijcken man van leene

3565 915 2510 102 het welck hem onmogelijck is te doen sijnde in den dnderdon van

3578 993 2533 128 86 garen & seer imposent oock weet niet wat sanden het sijn terwijlen

3555 1081 2578 135 differente in die quartiren heeft waer van cige aen sijn oubste dochter

3580 1189 2453 154 getrouwt met den keere raest Roppens tot genot ten houwelijck heeft

3575 1285 2361 168 gegeven soo bidde seer vrindelijck van sijnent swegen op 20 deser int

3563 1388 2402 141 voors een hof van burgh in sijne plaetse aldaer te compareren

3605 1475 2482 174 om het gebraeght te aenhooren & het gepasseert te laten weeten

3598 1594 2414 140 om volgens te regileren ingesloten eenen brief van mijn schoon

5165 1703 145 73 selss

3608 1693 2526 128 vader aen ditto de suidt welck versoecke cito te behandigen & hom

3609 1799 2380 174 te vragen waer die landen gelegen sijn als mede de copye van

3599 1895 2377 141 t lesse over gegeven denombrement om alles correct naer te sien

3605 1945 2516 188 & te doen naer behooren sende den ingesloten open die gelieft te leken

3591 2103 2446 163 & daer naer te sluyten mijn keer sal ue ten hooghsten verplight

3594 2242 2351 135 sijn ingevalle u dese importune comissie gelieft te reconteren

3598 2324 2377 139 hebbende niemandt anders aen wie addresseren sijdt versehert dat

3615 2403 1467 175 altijdt met erkentenisse sal sijn  blijven

5468 2426 619 165 Ady 16 aug. 1726

3489 2507 767 150 Habroeck Joseph Cremers

3608 2577 2488 177 ben ten hooghtten verwondert dat ue tot nu toe, mij noch niet overgesonden hebt

3623 2678 2495 159 het jaer crois verschenen negen jane. laest leden, come & desen ul te versoecken

3604 2802 2421 156 ven sonder voorder diley sulx te doen, tis mij seer chagrinant dat ue ider

3609 2909 2508 165 ruyne vermanen moete echter is het billeycn dat ten minsten naer smaende

3604 2984 2460 169 nae den verval dagh, de croise ontfangen twelck afwaghtende blijve

5448 3094 632 163 Ady 2a julj 126

3620 3131 655 166 naer groetenisse

3495 3223 625 171 Brugge rentergens

3592 3287 2540 152 Ms. seeo geeft meerde van 26 deser wel ontfangheen daer benevens een brief van de

3626 3361 2489 166 se de smidt aen mijn schoon vader, die wij wel verstaen hebben, dogh dl de lanny

3621 3470 2494 142 door sijn hooge iaren, can de salie soo noet bevatten, hij seght dat hij het ben verheft

3618 3558 2495 187 heeft tusschen N° 1680 a 1690, suponeert 1686, mijn liefste die alle sijne affaivris

3634 3651 2481 206 doen moet is onpasselijck & is om een veranderinge van lucht beyten, dogh

3624 3780 2507 185 staedt op het sijnde van dese weeke, thuys te comen, als waneer sij de passira

3640 3863 2414 149 van die goederen sal oversien, om alles te doen wat gerequirert woorrt dat

3621 3928 2426 187 aen dh: de smidt gelieve te comenieeren verhopende hij wel eenigen tijdt

3630 4075 2478 147 sal geven, tot het affectueren der selve, evenwel uk: can aen hem seggen dat

3655 4141 2465 167 de 21 gemet lants in de parochie van leffijnge aen den hiere raedt Coppens

3638 4245 2408 221 tot gendt sijn competerende, & de andere ter lijsten bougge in woomen

3645 4402 2485 130 an mijn schoonvader, soo dat dhn coppens voor dene partije & mijn
