8406 4733
1057 307 2355 153 il m'est survenue une gecasion d'ascheser une rente de ƒ1600 capta

1051 365 2359 154 sur la ville de bruxelles dont mons: carolus iqnaties dirixsens praintre

1053 452 2323 159 de cette ville est la passesseur, ie vous prie tre mander de receveur

1061 555 2273 157 une attessation pour scavoir si la ditte rente n'est pas charge

1037 639 2294 145 en auquune maniere & me l'envoyer au pluttos possible enfin

1060 725 2294 168 qu'on puisse faire le tremsport sans vresque cy joint une copie

1035 821 2187 126 de quitance ou vous trouveray le numero excuse s:V:: mon

1050 916 2207 145 importune & ou ie vous puis estre cesile ie vous prie de ne me

1075 1023 1744 127 pas espariner & me comander come le moindre de

883 1095 1282 125 Celle, monsr de Cannoy de la Rarere

2605 1039 697 157 Adij d0 gbre 1723

1067 1157 2332 135 je n'ay reccu les deux cheres vre du 28 & u9 passé que le 3me courant

1048 1260 2228 123 les lettres de lille de ce dates ont este egarces aussij la lettre de

1072 1327 2086 145 change. de £840:- de change accepte p mess. Rof: de lannoy

1061 1383 2095 126 & de lannoy de la chapelle la quelle m'at este presente a hier

1052 1492 2049 161 & trouvant les endoissements come vous m'avez fait l'honneur

1032 1568 1982 160 de me marquer ie l'ay paye promtement dont vous en este

1030 1690 2131 120 debité pour pincq milles quavante florins argent de change

1053 1773 2234 150 ce qu'il vous plaira anotter de confornitee & ou ie vous puis estre

1057 1854 2228 163 rendre d'autre services comande qui a l'honneur d'estre tres parfait

873 1940 855 157 Tannhout de wed: Robers

2536 1934 625 173 Adij 5 d 1723

1079 2050 2241 127 l5: aengenaeme van gisteren wel ontfanghen waer bij verneme dat

1067 2145 2170 142 ul: de tijken tot mijn gestelde prijs niet geven en condt dat mij

1059 2226 2275 125 heedt is ick magh niet een ƒ: meer beteden als ul genoteert hebbe

1065 2318 2360 121 dogh welt ul de partije bewaren & middelertijdt de schoonste & beste stacken

1070 2411 2271 161 aen den kant setten sal aen mijn vrindt schrijven oft hij die tot die

1069 2524 2218 105 prijsen begeers & soo ordre besoome sal ue d'eerste partije laten

1059 2597 2348 124 leveren ½ is voor dien man die van ue: 2 parsjen soo dapper geslaght

1079 2684 2279 155 heeft darom soude wel moeten toeletten voor schoen goedt hij heeft

1068 2798 2285 157 mij voor desen geschreven dat hij van ul tijsen geen meer begeirde

1076 2893 2244 165 om dat die goederen soo heght wasen & als ul dat voor comt

1060 2995 2169 164 soude ul de comissien wel connen geven gelijck voor desen

1084 3106 1111 140 waer naer cont reguleren & blijve

2332 3130 697 164 Adij 5d. 1722

900 3101 1037 224 sendt d'hr Joannes Sacque

1090 3249 2326 134 in gevolge ue mondelinge ordre soo hebbe op 3 deser op ul getrocken

1084 3346 2290 139 te betalen op 6 dagen dato aen d'ordre van d'hr pedro baut sonder

1082 3463 2159 131 voorder advies de some van swee honders aght & seventigh gulj

1067 3548 2231 141 wissel gelde dienende tot voldoeninge van de ses swerte perpe

1080 3685 2316 103 ul: toegesonden dat met desen andermael confirmere versoeckende

1078 3741 2276 166 mijne traitte te vereeren dat in mijn wisselbriefe gestelt hebbe

1071 3837 2239 175 sonder voorder advies was om dat den tijdt te cort was ul te

1074 3954 2361 146 schrijven ingevalle ue dese sorten agreeren sult altijrt daer van

1071 4043 2295 183 voorsien conmen worden door s adviaaus uyteeven woonende inde

1078 4136 2260 215 mepot sraet en het dan best aen vien mijn goederen over

1082 4264 2357 170 gelaeten hebbe & die en de selve mijne correspondentie gespelt

1082 4374 2304 140 hebbe hij heeft present een schoonen partije in de vert

3569 236 2492 149 die de naeste weeke sullen gereedt sijn principael van No80 a 100

3562 328 2511 147 oock van alle d'andere derhalven soo ul: eenige gelieft te ordonneren sal

3565 438 2486 142 selfs bij hem gaen om die voor ul: uyt te soecken om ue se animeren

3569 523 2523 196 met ditto uytheven in correspondentie te freden is mijn seer goeden vrinde

3570 631 2441 193 & een seer derlijck man die met adelityt sijne negotie aerceert waer

3566 730 2495 153 op sigh wel magh betrouwen & waer in ul eengen aengenaemen denste

3571 866 2514 173 dan doen gelieve te comanderen die naer seer vrindelycks groet blijve

3493 909 1014 220 teston D'hr. nathr. Shorne

5193 965 811 176 Adij 6 gbre 1723

3574 1080 2490 205 aengenaeme van 12 pass b: 5 wel ontfanghen waer uyt met groot

3580 1225 2421 161 gevoelen verstaen hebbe het assterden van mijn goede vrindt i george

3580 1321 2548 132 thome ue broeder den hemel wil et: & alle andere vrinden verscostende

3572 1424 2454 117 in dat verlies het is den wegh die wij alle passeren moeten het sal mij

3587 1518 2493 163 lief sijn ingevalle ul: mijn vrindt s advanus uythoven soo wel comt

3587 1609 2354 193 te bedienen als ue waerde broeder mij gedaen heeft & sijdt dan

3565 1698 2514 205 versekert al een goede comipie van hem sult becomen de prijsen van

3565 1830 2523 171 de drogetten stelt al: aen hem te hoogh ue: broeder heeft mij die sorten

3585 1945 2420 167 gesonden vrij aen boorde tot 16  18¼ & 17en a 18 et naer advenant

3585 2052 2503 211 de dueste der goederen & nie sijn de selve goeden, coop dat maer 16a 16½

3585 2200 2379 169 souden moeten, often de swarte sarges stelt ue geen prijs waren

3583 2291 2398 165 31 ƒ a 31:6 de sweede sorte claverblat sonder naem de beste soste

3595 2422 2495 148 3436 a 35  & wat ul gelieft te nsteren dat abuys hebbe dat den risico

3594 2548 2432 155 van de De op de scoasse sarges voor ret van ul broeder niet was

3593 2628 2429 177 sal ul claes gaen soonen op de pretentie die ul noch gelieft te

3601 2723 2426 209 maken van £1:1:8 en oncosten op de bale N. 321 tot london die

3603 2845 2385 191 tegens davarie van londen op brugge sijn gegaeten als warende

3575 2945 2518 142 den risico van lee voor die bale & alle voorige voor ret. van ue broece

3605 3106 2467 119 voor eerst hebbe op 3 februarj 1720 ul: broeder geadviseert den ontfangh

3594 3166 2373 174 van de facture & staelen van de bale N°221 oock dat mr bernard

3604 3283 2309 150 naminck van lonsen mij geschreven hadde dat die bale daer wel

3611 3378 2463 143 gearriveert was & dat hij de selve geladen hadde int schip van jaere

3593 3460 2493 142 barrevoet & op 21 februs ditto hebbe aen ue voors broeder geadviseert

3597 3596 2476 154 in wat ongeloofelijcke gevaer ditto schipper geweest wat op we in

3605 3675 2392 181 ftom dat hij sijn roet & boods verloren hadde & bij groot geluck

3587 3787 2511 144 door de visschers met t a 5 boosen tot ostende binnen geslepen was

3587 3876 2525 121 dat veele oncosten soude versorsaken dat mij leedt was vermits de

3606 3980 2436 125 resco van dezee voor syne rek was & dat aen mijn vrindt van

3612 4065 2456 177 brugge ordre hadde gegeven aen ue braeser de gesteltenisse van dat

3624 4190 2298 182 pack te adviseren & sijne ordres daer mede te volgen
