8406 4713
1060 256 2199 143 want hij uls seer estimeerde even wel ben verwondert ue gestelde

1044 399 2305 118 prijsen geenbendeert heeft ick sien echter geen wangheydt ten waere

1026 448 2344 130 den thee sleghte bevonden wierde daer seer taiesen naer ben ue moet

1056 544 2233 163 niet gepresseert sijn om ue aendeel te remitteren waer mede

1008 615 2372 174 d'eeve van ue mjte afwaghtende blijve naesseer vrinde gretemiss

853 734 927 169 CTurnhout Endussanen

2259 740 748 176 adij 24 auy. 1722

1067 832 2215 203 naer dat ue sufter heden hier bij mij gecomen is become een ordre voor

1060 963 2177 115 110 stucken tijken die aen ue hier aen den voedt deser toe sende

1066 1027 2182 189 gelieve de selve op dondedagh sonder faute mijte laten toecomen

1062 1137 2311 185 maer dat uk hecomandere is van ue beste eygen goedt te senden

1048 1285 2336 111 schoon wil gblen van couleur hebbe in geenfaer tijdts van desen

1062 1374 2274 117 man ordre gehadt soo moet ue wel toe letten dit van ue

1066 1424 1664 162 verwaghtend blijve naer pordiale groetenijse

1052 1518 1524 196 „25¾3 segels, 20 smalle, & breede strepen

1050 1612 1061 170 „25 ¼ 3 segels,„ 26 ditto „5 de

1055 1719 1052 166 „25 gre„ 20 d 5 de

1063 1808 1042 193 135 f groet „ 30 d 5d

1062 1914 1967 216 120p8 ul aan van het import mede desponneren

916 2045 1608 180 Turnhout de wed: Robert Ady 216 d

1083 2131 2286 161 ue brief van 23 deser wel ontfangen daer bij met vertwonderinge

1055 2257 2283 174 gesien dat ue soght dat bij sanck de geordonneerde tijken wagen

1069 2370 2194 182 soude waer olfe seer inoeght was te meerom dat aen ue

1044 2501 2268 171 tmijnder schaede noch altijdt de prefenentie hebbe gegeven uyt

1083 2604 2236 159 encheele mijnoeginge hebbe sanen geschreven g hy wilt mijnu de

1083 2708 2290 178 t te met gesten om dat ick jem van selfs hebbe geschreven

1069 2845 2306 128 sijn vrouiy heft bij mij geweest ghebbe geantwoord dat sijn tijken

1067 2894 2302 202 niet noodigh hadden ick sal dan pakentie hebben tot dat ue

1064 3014 2286 179 die geneedt sal hebben gliever3 wecken waghten als dat

1090 3124 2221 186 soffchen in sijn gat te kruypen dis halven prepareert die

1081 3211 2295 208 110123: u geordeneert soo haest mogelijck gblijve naer comaege

1085 3330 615 151 sjn als volt

1109 3399 1315 179 25 ¼8 juls  20 smalle 5 brevk

1109 3521 1191 155 25 ¼3 segels 1 e60 d„5 de

1107 3608 1207 162 25 ¼ grrsloot 20„5 d

1113 3702 1211 189 75 & grootlet„ 2„5 di

1097 3845 375 148 210 ƒt3:

966 3934 1866 286 Gnde deben alene ady 7 aye 7en

1113 4040 2254 185 ue mij seer aengenaem van 20 deses wel ontfangen daer benevenn

1097 4185 2268 164 rek van 18 cassen groonen thee 1f d keysers thee 96d thee boy

1110 4281 2264 191 2 conge monterende en wusselgelde ƒ7878:4:5 die geexamineert

1108 4391 2042 140 hebbe gwel bevonden uyt gehomen 10 p sulver preseditie

5871 224 135 122 19

3556 227 2379 180 op de fivee cassen N.1706 a 7 geenge st tot ous naadeel in de 1½ p voor

3547 330 2426 162 contant betalinge q vermits geooddgelt hebbe om een st of ses de moyt met

3550 413 2479 148 weirdt is daer eene veranderi in te maken soo hebbe heden de voors somme

3539 521 2449 141 van seven duysent  hondert aght gseventigh gulde uns van st geen quaert

3554 602 2357 178 waijsel gelde betalt aen d'ht sak n cogels waer van hier ingesloten syn

3538 692 2449 190 quitantie derhalven gelieve mijne iek daer vooren te crecditeren voordern

3538 798 2435 174 het versoght paste lijn blijft ue andermael gerecomandeert oock versoecke

3516 913 2429 168 de 200s ps: cleyne stelfeltiens niet t vergeeten nochte het stacke sblyve

3536 1007 2463 202 dat scu huyse gebroght hebbe om mede te packen g gelieven mijde rcke loe te

3549 1111 2404 176 senden van het beloop sal die waerde oock aen d hr sogels betalen mijn

3545 1225 2466 173 broeden d'h Jcan mijhhel melijn versoeckt mede syn comisie ts volbrenghen

3547 1318 2472 151 volgens het memonke dat hij ul terhant heeft gestelt ue doedt wonderlijck

3556 1421 2414 149 wel van het posselijk niet te versenden oor al eer devaert yeetent ie

3542 1558 2472 143 sijnde secherlijck al te dangereuse breeck waere qiet de schaeven can men

3555 1652 2431 120 mels verreghten daerom bidde noch maels van wel belesten dat geen

3560 1739 2390 168 gescheurt goedt become quel gepackt is sis mijn hete leedt dat het

3548 1822 2438 208 stuck blau satjn met hebt connen becomen echt es sulle vergenoeght

3539 1960 2484 169 wesen bij aldien ue de rest van die comissien sal gelieven te verlorengen

3530 2027 2512 215 ghope de vaert voor nu geopent sal sijn & salwij met den eersten dat goeet

3545 2142 2404 191 sullen ontfanghen mijn heer het heeft ons uyt ter herten leedt geloeeft te

3544 2290 2481 120 vernemen de continnele in disposite van mejouffue. alderlieffte willen hopen

3538 2364 2499 171 van geen quadt gevolgh sal geweeft sijn g dat voortul contentement teenemae

3541 2447 2497 176 ersfelt sal weesen dat ous sege het sal sijn te vernemen versoeckende aen

3536 2607 2469 116 naer one compt te doer gd te verscheden van ons respectet & te gelooven

3532 2665 2358 205 dat waerelijckben in alle voorvallen de occasien met seervinne groetenisn

3472 2768 2255 189 London d'heeren John schoppens & John EDrgards Ady 29

3540 2881 2501 188 ue mij altijdt seer aengenaem van is mey t su pass a 3 deses wel ontfangen

3547 2974 2454 132 die tot nu sot en beantwoordt sijn gebleven bij fasel van matene met ue

3556 3102 2280 135 laest geeft ue advies dat er mijne £500:- in dia comp. acle

3555 3208 2391 141 ontfanghen hadde 5p voor u vervallen 24 laestewaer vooren ue

3563 3305 2438 159 gedebisteert hebbe in £251- 0 9 d. heer lanney de sevijndreght heeft mede

3513 3353 2501 225 geamaitteert £10:1:0 en voor de sorde die ue voor hem ontfanghen hadde

3541 3467 2471 170 vanden boedel sijuslus beck hope de banck haer diedent oock sal doen

3543 3552 2496 232 bij tijde dat in gbve taecomende slaedtt ver vallen guls ue dat sal hebben

3555 3664 2450 185 ontfanghen gelieve mijn avance te remitteren soo tot 56 voors in

3550 3769 2377 222 wissel cont ten reghten comen ingesloten eene remise voor s £ 60:-

3558 3890 2370 173 ten laste pietronelle de vlieger tot london die op is toecomende N.5-

3561 3982 2468 209 vervalt versoeckeende het noodigh daervooren te besorgen &den ontfange

3545 4108 2363 206 deser te adviseren aen die naer seerminan graetenise blijvee
