8248 4692
903 218 1905 174 gecrediteert p baldo Voot ƒ321:9:6 en wisselgelde

920 283 2364 140 het is mij leedt te vernemen de droeve gesteetenisse ontrentde

908 382 2380 164 saechtend onder ue familie & het verlies kan ue: soonten sone

906 434 2354 167 hope den almogende sijne eele deuwige ieste sal verleenen

883 537 2416 182 de seeche in gesondt beyt seer stellen, dat us seer sterck versoght

907 659 2336 142 hebbe om mijne rek court is door noodt geweest & mijne

927 768 2297 154 gewoonse is alle yave op 31 xber mijne belance te maken

900 813 2314 211 & dan moete met eder een de ick courant sluylne, hebbe

935 929 2156 174 adviis dat voor mij geladen is int schip van Jalobs

926 1027 2342 184 barre voet cominde van london, een paek sargee sijne

921 1094 2372 228 arrivement sal gaerne vernemen om de noodige certisreau

919 1239 1360 182 declaratie te laten toecomen

946 1304 2242 178 es: moet weeten, dat het alle swarte sarges sijn & soo

909 1407 2348 173 brenste te weeten, oft die met passeren soude als voor

858 1529 2374 161 desen, gelijck de gemengelde, waer op ue ant woort sal

908 1649 2262 132 verwaghten, & geleve dewaerde vant gene ue compt

942 1732 2300 188 op mij te trecken op sighh p lasse ue van herten

954 1835 791 191 groetende blijve

2591 1869 702 230 Adyj 3f cbruu 1720

753 1937 1023 200 Severton Keorge home

954 2021 2342 171 8: aenge van 16 xber 1719 wel ontfanghen daer den vend

912 2121 2412 206 facture & staelen van eene bale met 60p & blak sarges monterende,

944 2227 2283 221 ste£ 110: 3:0, opgepackt ue N721: daer sedert niets van

914 2273 2375 223 vernomen hebbe, schter nu become advies van mons. bernard

955 2385 2356 181 naminere van London dat die bale daer gearriveert vral & dat

941 2509 2333 215 hij de selve geladen hadde, int schep Jan Jacob barsevoet

962 2577 2345 186 naer ostende gedestineert, soo haest aengecomen sal sijn, sol

963 2679 2261 207 u die waerde remitteren xwenste wel dat hede s sullx

963 2798 2277 216 conde geschieden, maer daer eene groote veranderinge

954 2895 2364 193 in de wissel gecomen, sijnde wel   sckkens gellommen

940 2987 2392 186 as dat die goederen met dese hooge wissel soude moeten betalen

897 3104 2352 189 daer waet niets aen te profiteren, het seynde dat alles

979 3166 2326 222 tegen vrindt gaet, daet in patientie moete hebben & mijn

937 3266 2336 219 n aeste heeft ue voldoeninge te verwaghten, & daet medie

970 3421 1493 189 naer vrindelijke groetenisse blijven

2509 3464 734 216 Adij 3 di 1720

857 3551 947 179 London Cr. Bollengus

990 3623 2333 212 op 8 passo was aen ue mijnen laetten, waer aen mij gedragen

974 3721 2324 154 sedert become ul aeng. Paw 180 25 xber lest 1719 met den

1000 3820 2271 185 eersten het soghosdemene vande bale N.4 geladen inn

987 3898 2335 219 schip van Lucaes troobane & met den laeste de factur

968 4032 2227 192 der selve, monterene £50„ 8a l7 waer vooren ue is

967 4093 2303 224 gecrediteert, beneven het mijpert jande balen 1 a3. op

986 4184 2240 227 onde ick courant, synde turniville  stroobant haer te

999 4327 2241 179 gelijck aengecomen,  hebbe de tbalen, godtdanck, wel

3489 97 2508 265 gecorndes ceneeert enoeeer sae ie verte ale en de ul elde

3488 224 2494 173 vallen, is niet als al te vrer, & niet sonder reden, m. prise vreet

3507 313 2345 233 sijn intrest ontrent het gewight wel te doen avanceren

3512 398 2334 210 stehende de vellen soo volbraen, datse schiep leken van

3510 470 2504 241 nattegheyt & dien traen daer uyt gedrooght sijnde sullen leght u

3514 590 2460 232 wegen, & dat is tot mijn schade,  het profijt can niers dragen

3529 649 2381 275 sedert u voorge hebben vrijdifferente posten van costij

3502 754 2486 292 becomen & geene van us, daer onder hadde niet getwyteen

3518 888 2402 265 of soude mijne ret court volgens ue gelofte gesonden

3515 1003 2352 221 hebben ben ren alder uytersten daer bij verlegen, om dat

3504 1082 2444 303 genoodesaeckt ben nieuwe boecken te cormeren, & sulle

3523 1194 2438 265 an niet wel geschieden, oft moet eerst met ider een, de

3512 1315 2480 221 rek courant sleuiten, & daer &esteert mij geene als due

3535 1378 2469 271 daerom come andermael met desen ul: nochter commande

3497 1559 2380 179 & lande sende sonder eenigh delay te laten toecomen,

3498 1667 2485 243 Brenght de baele NA. oock op die rekk & supponneree

3517 1736 2400 249 dat mij noch een ½ jaer intrest sal comen hande

3500 1827 2510 293 loterije ainties, dat vervallen sal sijn 24 sber &tgene

3534 1960 2475 244 is ick alreedts is, sal vervallen sijn 24 giny laest tot

3515 2143 706 193 ue marghh

3533 2191 2416 264 bijnoeen hebbe uyt de gasitte vernomen, datter a costij

3545 2282 2350 269 eene rorerije staet uyt te comen, ider lot van st200„

3532 2398 2481 238 waer vande neeten sullen trecken £100:- iaerlijkel, te

3538 2507 2467 237 beginnen jaeren naer den enles soo sijnde t'sij lijfren te

3549 2621 2459 274 off orfrente gewijse gelieve tree loren voor mij te besorge

3537 2682 2475 299 & de sraerde op seght op my te treckken, isten tijdt cont

3543 2815 2476 256 mij wel eene cpije tant profeet frandise aenstaende

3527 2925 2491 255 oterije senden, waer mede afsaghtinge uli messioe

3548 3063 1827 227 blijve naer vrindelijke groet messe

5283 3123 727 249 Adj 8 bebrul 1281

3425 3194 1310 289 Beuoge  van Rentergen

3551 3312 2465 233 beyde uks aenge. van 8 pr &3 deser wel ontfanghen, tot antwoort

3570 3378 2410 294 soo Jacob barre voet compt t'arriveren, sal el de certeficatie

3560 3485 2278 245 serven, sonder daer inne te milden eenig couleur, ick

3567 3618 2457 220 supponnene datse geverft sijne souden groen lijttiens, niet

3556 3693 2434 232 dan swert, & germits met de comisen geen verschil wel

3547 3773 2472 266 hebben, sullen die voor geswerte geverfde, sarget de clareren

3557 3875 2430 268 sen waere ue eenige middel vont, die te sonnen doen

3562 4064 1194 200 passeren, als voor desen

3559 4091 2389 246 het menighvuldigh werck in mijne brecken, hebt mij

3549 4233 2458 202 belet gehadt de oncost ick op de casfevellen te examineer
