8269 4692
946 238 2368 115 nits te betalen a 3½  anne tot dat daer anders van sal d'spon

922 308 2320 157 ben verwondert, dat ick mij oock niet gemitteert, gelijck aen mijn broeders

920 408 2289 177 gedaen hebt, in gevalle ue de 3p p annere niet gelieft godt te doen

930 486 2301 175 soo gelieve mij te remitteren, ints staende del gedere voor de brieven

940 574 2343 170 a½ pe provisie dogh onder de 3616 a 57 wet, & soo dat niet cont

944 625 2314 250 effectiueren, nochte begeirigh sijdt de 3 e te vergoeden vesoecke

883 736 2424 200 nestantelijck antwoordt sal dae dan anders van disponeren, wijnige

922 839 2367 216 oft geene sijnde, oft doen met plaisir de 36½ annen goedt tot 6s

935 928 2367 246 naeright,  nissive tot antavooidt deser met verlansen afweghtende

2640 1051 659 175 Ady 4 april 1720

943 1082 1376 188 blijve naer seer minsame groetenisse

788 1199 617 165 2ier marge Suyers

946 1213 2372 249 referrere mij aen mijnen van gisteren, desen tot geleijde van den teselbrief

970 1373 2293 153 van goloaerts, die noch niet voldaen hebbe, om dat bevonde dat ul: in

891 1446 2286 200 die rekeninge a brnyn hebt sijnde van de ƒ432:- de oncosten en

955 1537 2292 177 reghten niet afgetrocken, daerom bidde van naer middagh mij een

941 1614 2358 225 ander totelbrief te senden, want gasbaerts sal morgen om de betalinge

2615 1736 385 188 Adij 5 d

961 1772 1329 176 comen ue missive afwaghtende blijve

824 1920 631 119 fornhoust Sanen

960 1917 2320 188 voorgisteren hebbe van een vrindt van engelandt advies becomen dat hey

971 2013 2327 192 da 126 ps tijlen, die op 12 janu. lest van ue gehadt hebbe, wel ontfangen hadde

929 2120 2284 178 dodt soo groote claghten, principael van de 6 ps. ¼ 3 segels roodt & wit,

974 2248 1347 161 clijne ttrepies seght in sijn brief als volgen

990 2258 2315 226 hebbe de 6 stmecken clijne strepies voodts & wit ghexamineert bevinde die seer

980 2385 2240 173 sleght de couleur heel doodt, & de tijken van d'een eynde tot dander vol

980 2483 2289 199 sehoppen, en boven dien seer goot soo dat iek die niet en soude nemen

978 2578 2332 193 voor de prijs van ¼ groot lost, ick ben verwondert dat ck mij sulken

994 2644 2302 226 sleght goedt soude senden, vant ick en sal die noyt connen vercoople

983 2798 1188 163 soo die moeten blijven voor ue rek:

1001 2816 2281 213 siet nu wat hij seght ick hebbe maer provisie voor mij derhalven ul

987 2933 2315 170 moet mij schrijven op ontfange deser wat met die 6 stucken gelieft

984 3044 2319 214 gedaen te hebben die tot london te laten vecoopen ten beste mogelijck

1015 3142 2214 177 oft wel laten wederom overcomen, dat veel costen soude, soo van

1005 3207 2293 195 reghten, als andersints. op: antwoerrt op sendagh te gemoet tiende

2698 3319 414 188 Adij 6d

1018 3381 493 159 blijve

856 3482 881 194 London John Therman & son

1007 3579 2241 198 le 4 jesme & 24 vre furent a vos graces mes dernieres au quelles ie

1023 3663 2218 168 me referre depuis sans l'honneur d'aucune vre, ne doutant point

1006 3787 2214 154 que les linges vous ont este rendu a son temp, & que vous les aurez

1027 3855 2164 194 trouvez a souhaitt, j'espere mess. que cette anne courant, vous

999 3961 2241 169 donnera occasion pour faire une demande de plus importeente

1008 4055 2141 176 soit pour des coutils ou des linges, ie viend done p cette vous

1030 4175 1943 192 ffrois mes services, & cvoyez que ie suis tres sinderemnt

5217 183 735 87 Adij 6 april 1720

3419 222 566 138 londen George Virgoe

3529 247 2417 155 uk: mij seer aengename van 13 pass 8.3. wel ontfanghen daer bij advies dat

3519 355 2448 155 het pack tijken N.11. ue: wel was geworden, & dat ul: de 6 ps clijne strepkens

3528 429 2339 166 roodt & wit nwet naer genoegen hebt bevonden, dat in die tijken soo vel

3511 534 2402 172 knomen sijn, kan den werckman niet voorsomen, want iden draedt die int

3529 578 2419 190 weven breckt is een knop, & dat vertront sigh in die clijn strepkens thien

3529 679 2417 196 mael meer, als in de ordinaire strepen om de smelte van de strepen,

3519 789 2336 174 hebbe van andere daer oock wel clachten van gehadt maer die conmen

3538 838 2457 234 onmogelijck niet anders sijn, wat de groste aengaet dat het geen quolitijet

3517 981 2413 178 van 3 segel ware souden met 3 segel niet gellagen worden, eghter tis mij

3521 1043 2415 203 seer laest dat ul: hier ontrent niet vergenoeght is hebbe de masier daer

3523 1138 2461 217 over geschreven, om te sien, oft eenige refactie sonde becomen de coopers a

3512 1241 2373 229 costij weeten wel dat die soorte van tijsen niet anders vallen, het waer een

3522 1349 2375 170 onvedelijcke sake dat ick die tijken aen mijn handt soude moeten houden

3525 1397 2480 223 vermits maer enckele provisie daer bij profitere even wel wille ue: trachten

3535 1496 2468 236 te vreden te stellen, cont die vercoopen ten besten mogelijck & het voolies sal

3534 1582 2419 221 ul vergoeden, hope dat ul: mij int cort met eenige ordres sult vercoren

3547 1697 2459 221 lylt versciert altijdt sal trachten ue wel te bedienen, & in alles vergenoeginge

3524 1792 2452 225 geven tie nu het beste sesoen, om de bette tijsen te becomen iets van ul dienst

3531 1900 2338 167 voorvallende gelieve te employeren, die met de uyterste genegenteydt blijven

5354 1957 427 144 Ady 60

3390 2037 658 172 Brussel Jan de broe

3519 2085 2430 173 sijn gevolge ick: geloste, hadde al verwaght dat eenigh gelt aen dheer rousseau

3531 2165 2487 188 soude hebben getelt daer tot nu geen advies van hebbe versoecke met desen vrindelijck

3549 2243 2422 200 van de partije 24 meert 1719 te willen tellen, sijnde over het iaer geleden, dat

3522 2358 2350 199 gelieve te considereren, & iets waer in eenigen aengename diust kan doen

3502 2413 2413 236 gelieve te gebreden, die niet genegentijdt & naer cordiale groetenisse blijve

5358 2523 458 165 Ady 8d

3392 2579 809 195 London Charles Bollengtes

3540 2608 2429 215 op 3 deser wat aen ul mijnen laetten, via ottende, dewaer aen mij referrere

3543 2729 2342 201 desen via hollant on ul te seggen, als dat de wissel aent monteren is

3561 2768 2459 237 sjnde verleden taturdagh hier gedaen a 36:1 „ 2 a 3 4 a 5 en niet twijfelende

3552 2930 2463 160 oft sal mede a cottij gemonteert sijn, daer om ue sal mij gelieven te vemittere

3553 2991 2369 207 het import van de proveie der kuyf ee compe daer sijn hier remises

3554 3094 2434 206 van cottij met brieven van 21 pass. I8.3. op amst a 36:2en soo als het

3544 3209 2450 178 maer 4 a 5 57 schlt, op de wissel van antwepen, hebbe al soo lief, dat

3561 3275 2369 212 ue: mij op amtt remitteert recomanderende mijn meste avantagie

3540 3383 2438 203 waer te nemen, wij sijn al te haestigh geweest int vercoopen van

3547 3508 2392 188 oute aetden, & veele andere sijn benevent ons hier ontrent bedrogen

3537 3576 2459 235 het wort oock een missilippj, onder de 36:6 op antwopen niet te

3545 3687 2406 195 remitteren, & sal ue antwooort cits mogelijck afwaghten, benevens

3560 3785 1992 226 remises waer mede naer vrindelycke goet enisse blijve

5369 3884 562 149 Ady8d

3417 3953 882 185 Brussel wed: Bornemans

3554 4023 2363 174 jur: aengename van gisteren wel ontfanghen daer benevens een

3554 4123 2466 157 paeen van prina coauleur oft draps, waer op tot antwoordt segge

3553 4212 2382 142 als dat het my leedt is ul daer tre niet bedienen can, becinde

3566 4303 2499 154 niet een van dit couleir coffees boruyn & lighte blijven corijn rosse
