8385 4706
1195 252 1556 110 30 ¼ groot loet 20 malle 10 briede

1173 342 1612 142 30 groot lost 20 malle 10 breede

1151 436 1670 192 30  3 sls - 20 sucelle 20 breede

1147 561 1687 191 30 3 segels 20 smalle 10 breede

1133 725 1689 201 120 ps geen andere strepusley te doen

2638 780 661 215 Ady 16 aug. V721

899 888 668 189 brussel Boremans

1074 918 2291 223 op 11 deser was aen ue mijnen laesten, waer aen mij gedrage, sedert heeft

1012 1046 2323 182 Dheer soeck de quitantie voldaen ue is daer vooren g xcrediteert in

1054 1136 2193 168 wissel gelde voor twee hondert vier goldent, twee huyvers, iets

1062 1216 2291 183 voorders van ue dienste gelieve te comanderen die naer vrindelyck

2817 1350 468 123 Ady 20 dt

1040 1358 690 189 groetenisse blijven

889 1466 1294 197 London John schoppens & John dwards

1057 1602 2345 190 ul mij seer aengenaem 9 gunij pass op syn tijdt wel ontfane

1065 1719 2241 182 daer benevens de Certeficatie van den eataris m: sjuck dat de

1059 1840 2284 155 £500:- banck actie inde bocken van die comp: op mijn nmem

1077 1945 2223 143 staen waer vooren ul bedancke hebbe tot mu toe gedileyeert

1069 2036 2140 122 te antwaorden bj faute van matcrie de avisen van

1111 2105 2280 124 ofter melden de aetten van de banck groostindische coomp

1089 2183 2285 139 aen het monteren sijn en met apparentie noch merckelijck

1086 2271 2254 153 hroger comen sullen de halven soude wel inclineren die te

1067 2383 2242 158 vercoopen soo een goede avant aye te behalen was versoecke

1072 2486 2270 127 mij een moedel voor eene procuratie tot verloop toe te sende n

1083 2557 2214 196 soo voor d'een als dander op dat die geredt soude hebben on aen

1101 2657 2291 183 ul n behoouelijcke form te laeten toe comen als ordonneren

1075 2756 2295 127 soude te verloopen men seght oock dat deoosfindische coomp

1077 2879 2259 115 haer dandent voor een half jaer aen  sal daen op 29 deser

1569 2954 206 82 gelive

1098 2969 2245 97 51 denhalven advis te geven als myn avance sult hebben

3036 3032 285 67 conghtene

1077 3032 2312 167 ontfanghen waer mede d'eene van uee antwoort it engende

1106 3114 1997 154 blijve met alle respect greet minsande groetenisse

1551 3211 1051 136 Pd gelieve ans te laten weeten

940 3218 2371 199 London heerge vergoe hoe het met den bodel van beete Adij 20

2289 3351 362 112 gelegen d

1053 3369 2344 203 p 14 junj lest was aen ue mijnen laesten daer beneven

1096 3477 2241 175 facture van de bale met 150 ps tijken monteren e an

1103 3579 2293 150 wissel gelde ƒ 8336:10 ½ voorden referen mij aen den selven

1097 3683 2306 156 sedert ben soo ghelieckigh niet geweest eenige van ue aengenae

1101 3748 2303 142 te ontfangen wille niet twijfelen oft ul de voors bale wel

1096 3841 2277 183 sult hebben ontfangen & dat de goederen tot genoegen sult

1110 3968 2271 165 hebben bevonden hadde al matwaghtinge geweess

1120 4060 2275 176 voordere ordre te ontfanghen den meeker van de tijken heeft

1129 4199 2266 138 weder hiee geweest & heeft mij gae soest noch eene partije

1106 4259 2302 136 te leveren op den voort 2 pris als de gesondene den paken

1116 4355 2287 95 heeft ue eenise noodegh gelieve  ondre mij te laten toe

1108 4439 2082 73 pomen sijdt verschert ick intieft als eijghen sal

3601 208 2421 158 beshertigen ue missive met verlangen afwachtende blijve

3577 289 2101 148 naer dinst presentatie & seer vrindelcke groetenisse

5286 369 732 253 Adiy 2 daugeli 7

3403 392 1334 257 Aurenhoaut de wedu Jan S. R obert

3570 539 2459 199 ue aengenaeme van gisteren wel ontfanghen oock de 3 packen

3552 664 2460 172 scken inhoudende 120ps: die denwort hebbe bevonden & ick

3575 770 2396 187 woordt daer vooren gecreditort un wisselgelde voor s 1256:56

3574 827 2356 228 van welke somme op mandagh gelive te disponeren het

3552 953 2473 229 soude noch wel connen ghebeuren dat wij u eens souden comen

3572 1057 2410 180 besoecken maer soo lanck als ue soon niet te vollen enstelt

3572 1177 2417 182 is moeyt daer niet op peysen echter bedancke ue voor

3568 1262 1839 197 beleeft ijdt waer meet naer groeteniss blijve

5277 1375 738 232 Ady 22 duy17

3408 1443 1069 203 bruge Laureneliuc ensergen

4823 1550 94 99 6

3568 1552 2300 198 ue aengenaeme van 19 past: & 1 deser wel ontfangen

3556 1679 2429 156 met den eersten donckost rekeninge vant pack ° 30 met deon

3558 1775 2428 155 tweeden het cognossement & met den laesten alvees dattrint

3570 1863 2457 180 kort een schep op londen soude vertrecken seuve heden aen ue

3570 1989 2409 142 een pack A:B N31: inhoudende 120 ps tijken dat op

3568 2063 2359 159 ontfangh gelieve vervolgens te verclaren afop londen ge

3571 2165 2443 183 eersten vertrecken de schep te versenden &te consigneren

3568 2303 2480 173 aen dheer John Bawale  donvost rek. benevens cognosteme

3559 2442 2469 154 mij cito te laten toecomen versfeche den ingelereen

3576 2523 2259 150 ussel brief van s £70:- a 35:4 ten laste gerard

3559 2645 2368 138 de witte te latern accepteren of t'by faute protesteren

3583 2725 2322 137 gemijte rugge te senden waer mede naer cordiale

3572 2792 782 165 goetenisse blijve

5324 2826 490 211 Adij 25d

3467 2909 698 147 Turnhout wed: robett

3573 3023 2440 165 uk: aengename van gitteren wel ontfanghen, dien volgens sal ick

3566 3111 2360 133 assignatie vant gene ue comt tegens donderdach verwaghten

3572 3218 2412 148 gelieve mede te senden 86 ps tijsken, als llhve ondertyensteet

3571 3312 2419 158 & disponeet mede van het inport waer mede naer cordiale

3567 3403 699 162 geortenisse blijve

3718 3443 1857 209 28  3 segels 15 breede 5 smalle strepen

3718 3574 1539 136 20  3 segels 10 breede 10 small

3711 3678 1588 211 20 ¼ groetloet 10 breede 10 small

3699 3789 1569 199 20  groot loot 20 breede 10 small

3687 3942 1623 209 30 ps. geesloteer als hoe vooren
