8433 4726
2099 293 919 174 Adij 16 sber 1722

892 290 1094 195 Turnhaut Eynduen sanen

1075 357 2257 210 eaengenaem van 8 deser wel ontfanghen op syn tjdt oock de

1079 531 2272 163 12a stucke tyken die konfome hebbe bevonden qu er assignarie

1034 642 2356 183 daen ue safted te betalen voor ƒ1148: wisselgelde hebbe voldaen

1047 742 1458 190 dienende voor het import van de 120 ps

1073 839 2279 201 soo aenstonts become ordre van mijn vrindt voor de 130 ps ten

1078 980 2339 171 prijse als de laeste gesonden versoeckende die op het alderspoedighse

1062 1099 2291 164 te senden dogh schoon goedt iy geasoteert als nhiet onderwaemede

1059 1217 1797 158 de selve i aswaghtinge blijve naer groetemisse

1103 1306 1914 139 50 ¼ groot loot ƒ „ 20 malle noo breede ƒ4:1½

1108 1420 1097 156 10 ¼ segels „ 18 smalle

2673 1435 353 136 „9:19

1098 1512 1032 162 30¼ groot loot„ 56 mal

2651 1508 379 160 „9:19

1101 1540 1849 217 80 f5 segals „ 60 mab. 20 breede „ 12:

1066 1706 472 172 3

1095 1783 2200 153 met 2  rabat voor contante betalinge & cout van dese

1095 1915 690 97 parsne despieneren

2192 1920 841 209 Adij 17 gber 171

935 1912 1016 226 London De er. Roge Cte

1111 2000 2313 226 p. 12 passto was aen ue mijnen laesten met facteere geondise

1095 2181 2329 144 van eene bale NN1 inhouden de 11 stucken schen montinen

1104 2248 2227 226 en wissel gelde ƒ1150:10 gelaeden in den schepe van frans

1109 2395 2333 178 inventae die niet teetfele oft is lange voor nu a osty gearriven

1082 2496 2350 189 & dat ul die goederen wel geconditioneert sult hebben ontfangen

1106 2590 2320 204 reservene mij voorders aen den selven sedert hebbe geene van ue

1103 2715 2334 186 misien becomen wanende nochtans in afwaghtinge van ul

1106 2866 2249 151 remise te vernemen qverniss selx noch niet geschiedt is

1114 2970 2317 144 versoecke het selve te effectteeren hebbe de secken ne 2 stufen

1105 3049 2323 211 ps meer betaelt als die aen ue gesonden hebbe giet voorder

1106 3158 2307 176 van ul dienste voorvallende gehele te comanderen die naer

1106 3280 1224 175 lee ennd groetenisse blijve

2342 3323 960 236 adij 17 uri 1

966 3369 1266 190 London d'ht John to thall

1131 3497 2175 185 Op3 &io deser waeren aen ue mijne laeste waeraen mij

1116 3570 2301 207 gedraege sedert geen van ue vernomen ingesloten saceve

1108 3717 2334 182 & cognossement van de geordonneerde 20 stucken tijken opgepart

1132 3799 2301 174 in 36 gelaeden in den schepe van ueas Anbbant  hed

1134 3921 2300 164 oft morgen staedt naer londen te vertrecken dese bale beloopt

1125 4001 2299 186 in wissel gelde ƒ 1243:7 ¼ waer vooren naer wel bevinde

1126 4109 2283 226 mj gelieve te crediteren dese goederen sijn nu van eenen and

1117 4246 2197 166 maker & hope ul nu contenter salt wesen synde mij seer

1137 4333 2302 240 onaengenaem claghten te hooren qnuiets doedt mij meer plaise

3573 244 2451 134 als te vernemen dat mijne vrinden content sijn ingevalle ue noch een

3574 333 2406 180 bale oft tewee noodigh hebt gelieve ie ordres te senden & sal mjn

3571 428 2467 185 beste doen om tot desen selven prijs te becomen dogh is onseher dat sebbe

3579 505 2470 211 oordeele is om dat ne de marten van de gavens, aentaende syn gdat de

3578 617 2354 221 marders als dan veel gelt noodigh hebbenom met contant gelt goede

3587 713 2387 248 marten te maken g sijn noist meer naer gelt verlegen als in desen tyyt

3586 790 2485 270 waer mede d'eere van ue comande afwaghtend blijve naer corsigroede

5316 954 704 169 Adij 2y xber 1722

3480 1004 588 156 hier marge Kujers

3579 1056 2381 203 dete wijnige letteren, dienen om ue indachtigh te maken tgene

3575 1182 2379 183 ue my soo gelooft heet van tegens alde heyligen ƒ 4000:-

3580 1334 2373 128 te brengen daer noch niets van venomen hebbe vertroume

3567 1409 2470 142 ue morgen coman sal, want ben soo verlegen meer als ue  sigh

3571 1495 2392 153 maghieren can, mij dan verlatende van ue morgen t' gelt

3586 1606 926 173 te ontfangen blijve naer

4700 1692 995 210 Adij 30 xbere v722

3477 1724 905 155 Turnhout Igraaus samen

3589 1776 2445 248 ben, het verwondert dat ue mij de geordonneerde tijken met gesendt

3572 1919 2447 206 te meer naer dat ue mij soo anngh hebt uytgestelt sijnde myn vrindt

3600 2040 2474 148 daer ten hooghsten bij verlegen oock leght een schip gereedt tot brugge

3432 2186 2633 151 gspo die occasie soude voor bij sijn soude groote prejuitie leyden daerom

3598 2245 2454 165 gelieve die 136 stucken op sondagh toecomende te senden bedancke ue

3554 2361 2503 162 s voor het wilt dat ul mij vercerdt hebt, groete ul van herten gblijve

5005 2455 521 164 Adij30 d

3503 2447 966 183 Turnhout De wed: Robert

3598 2512 2468 179 usj aengenaem van gisteren wel ontfanghen daer bij het stuck hant doeh

3575 2651 2441 159 dat mijn lheffte noch wel bevende voor sijn sort die oncost ret moet uyt

3616 2741 2454 156 wijsen oft het goedt ofte selght voor sijn prijs is derhalven versoecke van op het

3609 2818 2392 188 eerste die te senden sal ic die ten dancke betalen u versoeckt om te

3614 2941 2136 140 weeten hoe veel smijten ic toegesonden hebbe is als volght

3624 3038 2045 162 op 20 ber ul toegesonden 3¼ ½ pout siet vant fiyn cvlas

3609 3131 1761 158 op 25 februr alnoch 3 ¼ pouti van ditto

4157 3217 1939 226 is samen „4:¼ pour snigt soo dat oordeele noch vel

3615 3351 2473 163 moet sver sijn ue had aen mijn heffte geraeden van daer amme laken

3601 3485 2454 119 af te maken, maer sij vindt dat nmet wel gversoeckt v van de es nock

3613 3554 2242 169 hantdoecken van te laeten weven conform aen het gesonden stuck

3617 3539 2481 245 wat nu het sijn vlas aengaet dat is ue oock op 23 febru iy2 a lest leden

3451 3713 2626 174 ue: toegesonden geweest netto 22 ¼  de soorden pamjier afgerekent

3443 3808 2633 180 dit alles om ue vervolgens naer te reguleren & als ul dat sijn stuck sal

3606 3934 2330 129 laeten weven laet het soo lanck vallen als ue garen hebben sal ben

3624 3992 2412 165 verwondert over alle ul complimenten van danckseggingen t sijn wijdie

3633 4091 2454 181 u moeten bedancken voor alle ul moeyte gesorge die gelieft te nemen

3632 4221 2360 138 hope doccasie sal comen om dat alles te uecompenseren gblijve

3445 4286 1214 182 naer seer vvinde groet
