8187 4685
773 195 2431 117 Luyden van kennissel, die op eendag van hur tot turnhant reden

788 279 2318 138 de vogelteens sijn gereedt, soo voor at wighte, als joulf: luyckte

787 333 2467 169 in quittent eens want soo den vorst aencompt, soude het telaet

792 446 2446 188 sijn, voorders soo sende heden de 14 steenen vlas, die gelieve op he

798 538 2398 185 beste te laten hehelen, & den smeyt te bewaren, alt voor desen

783 603 2427 231 gescreven regeen dat naer mijn reste avantagie, ingesloten

811 711 2458 212 een staeltien, gelijck mijn meysens dat sponnen, pordeelt obt

789 800 2470 227 het welis, sij beginnen het noch al wat beter te doen, om dat

759 907 2480 224 te ende handelinge comen ue van heet ende groetende blijve

2504 1035 689 162 adij 20 sber 1719

643 1098 907 197 Jeel Jan Bedewier

809 1162 2437 184 ben seer verwondert, dat van ue niets verneme &en langen tijdt

793 1294 2450 166 niet gesien ue behoorde overlanck het restant van de partije

798 1369 2436 212 18 meert 1718: voldaen te hebben, sijnde tgene mij compt

800 1460 2408 291 ƒ160:grrissel gelde tisnu 18 maenden geeden, dat

800 1623 2398 194 buyten spoor koope, & sulx wort van niemant gepleughe

797 1668 2417 279 comende met desee e de me monne ververele van dese

803 1781 2420 250 sehaldt, & versoecke nut langer uyt te stellen de sele

782 1945 2377 197 te voldoen, & met verlangen naer din somme blijve

808 2040 2214 231 met dienst presencane & hertelijckes groeteistie

2422 2134 757 201 Ady 20 d: 4719

650 2186 1333 192 Dornrpess Hermes Broeta

808 2293 2423 241 j'espere vre bon retour chez vous & que la marchandise

813 2405 2461 236 a vous envoye le fiibre. vous sera bian pervenue pe lon

801 2493 2461 236 vre promesse, j'ay este en attente que vre graces maurait

827 2576 2436 234 envoye remise pour ƒ 269:18 de change pour salu

812 2670 2460 280 die vieu compte de la partie du 8 xbre 171 ie, endam

830 2809 2437 265 surqueee present rne des vos nouvelles, ie viend p cette

834 2925 2364 256 vous renouveller la memoire, nous navous encor

831 3037 2224 225 jamais salde, ce pourquoy vre grace m'avoit

834 3130 2289 244 demande le compee cours que je vous ay donne

851 3226 2318 278 ceussy, vous priant tres auinolement s satisfaire

828 3341 2263 273 vou l'attendant vous obligerez infincenent

2451 3459 710 175 Adij 22 d. 1719

645 3532 1004 166 dermonde d de Rant

874 3591 2292 245 celle pour avis, que ie vous envoye aujourdhuy p ce

844 3663 2391 245 Barque de termonde, un pacque bien condittionne pour

842 3818 2304 222 compte de mons. Diere courtois d'ath estant marque

854 3931 2404 200 IC.X contenant 1 jes de sarges d'engleterre vous priant

764 4008 2487 210 de suivre son ordre tant pour la de caration que de

804 4145 2473 225 liencheminement d'ath la voiture est icy payez ainsij

859 4238 2399 219 cranc des trats traits, en vous vous de commard unt

871 4383 931 124 le soin, ie me det de coeur

5223 145 732 170 Ady 88 xber 1719

3348 163 1451 200 London John hetman don

3447 225 2468 191 la 4mecourt fat a vre grace ma derniere avec avis que i'avois

3440 355 2513 163 tirez sur vos graces, £81: 10 e7 a 35:8 et faisant en argent

3421 446 2520 218 de change ƒ867:5 payable lordre de mons:. T: Bollengier sala

3473 488 2502 296 quelle ie me referre aujourdhuy ie recois l'honneur de la vre du

3456 651 2450 207 26 du passie, pour reponce ie vous direz que ie n'ay point

3477 704 2514 229 oblies de rabbatre 3 sur les linges, puis que sur cette manifa

3465 840 2376 211 turez cela ne les fait pas, il faut bien de neme du temp

3477 937 2448 259 & argent contant pour avoir des pius chossus, comme sont

3485 1022 2501 248 court, que ie vous ay envoyez jamais je n'ay eu un personne

3494 1133 2433 259 si deffoule commes vos graces & je vous asseure que

3496 1249 2479 238 ie ne pourrois faire a un autre, comme jay fait a vous

3473 1327 2514 278 servire, pour la premiere fois, pour vous animer. le

3479 1458 2523 286 profit s tant de langes que souhes ne faut pas la peire

3496 1550 2502 296 que j'ay, a vous donner satis cstion & expluation, il me

3495 1664 2469 274 sera plus aggreable de ne point recevoir des ordres, que

3386 1792 2582 243 des ordres qu'on veux d'ispurez pat apres ie peu bien

3480 1892 2441 276 comprendire, que voss graces ne sont pas trop bien

3498 1941 2516 298 unhorme de la negoce des linger, ny des conties & cela

3482 2070 2529 274 est un peuu facheux  Patigant pour os erforme

3488 2173 2506 310 vous a monsr. Jahnall Vorgoe  & dautnes, avec

3487 2287 2499 297 les quiley ie fais beaucoup & qui sy cognosssint aloss

3487 2484 1005 223 vous vercez contant

3522 2513 2457 291 mesR. en suise a vre demande icy joint une notice

3506 2639 2501 256 cemme Chaque qui est marque sur le papier denors

3502 2712 2518 333 & comben que thaque ps porte en argent court ce que

3534 2847 2478 316 vous pauvez faulement juge hors de la facture

4976 2921 1052 158 niet voort gegaen, soo compat

3530 2978 2067 276 ie vous saue pe suis de courr met repas

5350 3047 651 183 Adij 23d. 1719

3359 3173 968 196 furnhaut d Samen

3524 3158 2450 298 desen om dud: te laten weeten, als dat ordre become hebbe

3539 3286 2409 255 om eenige tijken & dermits de laette rijse geen moerhis

3528 3372 2504 253 blauw viit gehadt hebbe, soo is mijn vrindt daer bij seer verlegen

3532 3450 2477 309 welle noet twijfelen, oft ue sal de 25 ps. moorkens blauw &

3525 3595 2484 264 gereedt letken, derhame gelene toecomende donderdag mij toe te

3525 3699 2498 225 senden als aen den gredt desen, geleve mede eene assignatie

3524 3747 2528 252 te senden aen ue suster, sal dat op ontfang betalen, segge het mjsot

3525 3900 2096 202 van de tijken, die ue senden sal & in ofer aghtinge blijven

3658 4042 710 170 14 d groot Loot

3691 4138 495 116 4 g6 segels

3634 4137 1685 190 184 groot loot alle smalle strepe

3539 4274 625 155 3 segels

3864 4296 615 132 dilaire tre

3780 4336 1214 139 er 3 segels moorhins blauw wit

3656 4393 79 82 3
