8372 4719
1084 287 2304 126 j'aij l'honneur de vous dire que ie ne me mele nullement

1036 302 2319 218 avec les affaires de mons: de swijndrecht cy ma compa

1026 424 2323 169 il dit a madaime qu'il n' a pas besoing de son service

1036 552 2252 159 qu'il peut bien faire les affaires sans elle cufin il

1027 607 2349 185 est dans des sentiments extraordinaires com vous pauare

1016 721 2339 189 praite ce qui nous cause asse du chagrin & nous devoirs

1021 822 2317 208 fousfrire de ses actions coure d'autres, come vous pouve

1038 941 2372 183 cfoire car tout vous est asse connue comme l'anne courti

1045 1011 2331 244 est a la fin ie vous envoye cy joint vre comte courante

1021 1149 2314 210 p la quelle vous revind pour solde ƒ 239:8: de change

1043 1236 2313 226 dont ie vous ay credité sur le nuveau compte vous

1029 1365 2181 176 priant de l'examiner & le trouvant iuste de le

1053 1413 2305 207 passer de contornite i'ay l'honneur de vous souhaiter

1032 1536 2311 210 les faises de noiles tres salutaire & la nouvelle anné

1047 1646 2127 189 a venir tres heureuse accoplie de toute sorses de

1051 1752 2370 188 benedictions du siel mad. vous faite les mesme compimen

1042 1891 2076 156 & a toute la camile & j'ay l'honneur d'estre tres

1053 1961 664 135 pasfaittement

1043 2046 2246 157 ie jecois cette apresmidy vre agreable d'hier avec les deux remises

1029 2126 2361 144 ensemble de ƒ5400:- de bancque d'amst. que ie tescheray de negosier

1018 2231 2306 176 deudy prochain ie crois les livres de la banque ferme a ams. ie

1033 2330 2334 199 ferray mon mien & si ie ne peu les negotier, ie vous les renvoyeray

1027 2415 2282 207 vos ordres seront suivie touschant les pie ces d'etoffes autant quil

1038 2510 2281 200 me ferat possible, & ie vous donneray avis, de ce quil sera passe

1020 2632 2322 172 so ie negotie vos deux remises ie les porteray au comte nouveau

2800 2714 444 165 Ady 29 di

904 2766 759 185 London Johe Patnall

1045 2859 2354 198 op 18 deser was aen ue mijnen laetten, daer benevens facture & cognossement

1020 2968 2372 183 van deene bale N A2 monterende in wissel gelde ƒ 1120:15½ oock hebbe

1035 3039 2368 210 op 22 deser ditto, aen ue toegesonden ue rekeninge courant waer bij aen

1057 3132 2353 238 mij wat comende ƒ1219:2½ voorders referrere mij aen de selve sedert

1032 3251 2408 175 besome ick1 aengename van 9 deser 8.S. waer bij ul: gelieft te ordonneren

1015 3316 2414 208 dat op ul trecken soute tgene mij p2 van rekeninge soude comn

1035 3428 2404 247 dat niet geraedtsaen hebbe gevonden, om dat het aen ue veel profitaliele

1035 3541 2365 197 is te remitteren, daerom sal ul remises verwaghten, als oock ue

1049 3631 2395 248 generensitijdt voor mijn, disbours dat ander mael in ue: discrotie

1047 3740 2300 206 stelle, & waer mede naer uls wel gevallen te vreden sijn sal

1059 3868 2348 198 int toecomende sal ul: niet meer belasten met couverten om

1030 3976 2402 189 mijne brieven, wat aengaedt de prijsen van de tijtien, ick can

1004 4065 2430 201 die niet meer leveren tot de prysen van de laeste voors bale

1037 4170 2350 221 echter als ul: mij met sijne ordre gelieft te vercevenn sal mijn

1058 4297 2378 216 beste doen als voor eijgen, waer mede naer dinst present a

1075 4448 244 105 blijve

5894 177 142 170 2

5145 231 724 123 Ady 29 xber 1723

3462 261 787 156 Brussel Steph: Rousseau

3546 346 2429 130 le 12 court: fat a vre grace ma derniere y joint l'acte de l'acquosition

3533 449 2353 137 de laa rente en question, Egalise p un de nos secretaires, depuis sans

3555 523 2389 169 l'honneur de vres, esperant que tout est en bonne forme, pour le passer

3551 609 2320 169 chez vous & pour ma ettre sur le livre, pour proprietaire, j'ay dilaye

3549 742 2414 199 jusqua presant, pour vous envoyer vre comte courant ayant este en

3554 831 2368 174 attente de recevoir de vos nouvelles depuis, avec l'acte de la rente

3506 955 2345 137 de retour cette ne servira dont, que pour vous envoijer icy joint

3535 1031 2395 206 l'extrait de vre comte courant, p le quel il me reviend pour lode

3540 1157 2520 155 en argent de change ƒ803:12 ¼, vous priant de lexaminer, & le trouvant

3518 1255 2488 189 d'accord de l'annoser de conformite, & m'eu donner un petit mot d'avis.

3539 1353 2408 168 ie vous souseaire la nouvelle anne a venir tres heureuse & salutaire

3562 1477 2321 147 accomplie de toutes sortes de benedictions du ciez, & j'ay l'honneur

3546 1607 927 176 d'estre toes parfaittement

3459 1658 2143 244 Bruxelles monse Stepaane Rousseau Acy Zexber 1723

3593 1806 2406 193 ie me suis donné l'honneur de vous escriere a hier & je vous aij

3570 1943 2409 167 Envoye en meme temp vre compte court p ou il me revenoit

3573 2040 2450 149 pour solde ƒ803:12:9 aujourd huy je recoit l'honneur de la vre

3551 2130 2525 135 du mesre date y joint l'acte passé en forme requise de la rente

3564 2259 2515 146 que j'ay achese sur vre ville aussij la quitance du notaire catoitt

3559 2328 2453 213 de ce que vous avez eu la bonte de luy payes pour les frais

3579 2474 2400 172 montant en argent court ƒ46:11 dont ie vous ay crecite

3550 2563 2403 187 sur le viece compte en argent de change pour ƒ 39:18: puis

3563 2705 2489 173 que ie ne l'avois pas encor salde ie trouve que vre comte

3562 2789 2464 196 court est juste puis que le solde vous envoye estoit en

3563 2905 853 168 argent de chage

5443 2971 563 153 ƒ 803:12::9

3569 3003 2345 230 y rabattee les frais de la rente qui sont . „ 39:18:

4851 3168 1157 198 relt pustement ƒ 763:14:

3594 3282 2434 179 some vous me marque je vous renvoije cy iont vre s. lettre

3565 3344 2451 221 de £600:- de change avec la premiere accepte que jj'ay leve

3588 3502 2325 115 phez monsr Piere Clee le temp ne me permet pas a vous

3584 3570 2363 208 faire mes compliment de devoirs ie vous les marque

3579 3703 2440 151 En peu des mots disant que ie seray pour toute ma vre

3575 3814 2356 148 de service da pauvte me meste hors d'estat de fire mes

3554 3932 2340 177 devoirs, cependant ne m'esparque pas dans les occasions

3460 3983 2363 264 Reiller mijns: de Lannor de La Haiere Ady 20 xbre 1723

3592 4195 2491 142 @ 7 court. cat a vre gace ma derniere a la quelle ie me referre

3593 4294 2440 139 celle pour vous adviser que ie j'ay negotie aujourd. icy vos deux remises

3583 4380 2441 150 sur mons: unnont a amsterdam portant Ensemble ƒ5100:- de banque
