8406 4706
1052 282 2293 172 n'aura pas de secce puis qu'il l'at refule a mon frere

1037 425 2247 169 Jean michel ainsij il seroit bien que vre grace pourroit

1047 538 2236 156 recevois de temps en senis quelque chose en bon compt

1045 641 2268 230 douceus puis que les exepcteurs ont sans de liberse de

1054 808 2237 197 faire a peu piee ce qu'il veullent ie vous salue & suis

1057 952 1034 184 avec offuee de mes serviie

866 1061 2166 271 Brugge de heedeLaurenie van Hentergen, Ady 4 1722

1075 1221 2242 221 beyde ue aengenaeme van 94 ½ pass wel ontfangen

1069 1387 2256 194 met den lesten de oncost ick van de bale tijken N.  23

1063 1535 2305 213 waer vooren u gecrediteert is in wissel gelde ƒ 17:1:3 met

1065 1683 2285 201 den laesten den wissel brief van £ 100:- door S: van wmissel

1071 1833 2268 200 met behoorelijcke acceptatie jaddres te nugge waer vooren ue

1074 1941 2340 221 bedancke sijnde bale cafsvellen op syn tijdt hier wel geadriver

1066 2085 2301 241 hebbe al verwaght het cognossement vant pack teken tiste

1072 2218 2326 232 verwonderen in soo langen tdt geen schepen in ladinge syn

1061 2377 2273 199 gelive mij te laeten weeten hoe langen tijdt noch soude

1068 2522 2353 207 connen hebben om een pack noch met het ceiste versreckente

1077 2639 1913 222 schip af te haden om my vervolgens te reguteren

1083 2746 2224 245 m sasvall schrieft mij dat de swee balen  N. 32 „33

1098 2888 2297 173 in liucus stroobant geladen gans verdoeven & nat sen dat geen

1095 3062 2214 194 10 stucken onbeschadight heeft & dat door de sorgelvocheydt

1074 3173 2315 214 van den schipper ue moet letten dat de packen ontrent

1077 3289 2345 253 de pompen niet gestouft woorden nochte int depee vant schip

1097 3462 2308 158 ben selfs over de schade seer gevoelijck ingesloten een wissel

1098 3576 2242 239 briefie van  £75:5 t en laste james prise a colly

1095 3688 2147 244 dat gelive te laten accepteren gaen mij te ruggete

1088 3838 1880 249 senden waer mede naed vrind groetenise blijve

2808 3958 597 187 Adij 6 febru 1122

901 4010 1086 199 Turnhout wed: Jan B. Robert

1109 4145 2275 150 un lange aen ue: niet geschreven by faute van occasie, nn hebbe

1092 4243 2263 150 ordre bcomen voor to0 stucken tijken, tis voor den vieren, die

1089 4322 2322 214 het macheur gehedt heeft, dat alle de tijken, van de 200 stuckens

3518 225 2453 155 die ue gelevert heeft op 31 sber lett, op die door storm nat geworden

3542 311 2403 191 sijn, & bedorven, doet u best van schoon goedt te senden, & can ue die

3554 420 2407 181 op londagh niet senden laet het toecomende donderdagh sijn, om schoon

3547 529 1770 200 goedt te hebben, waer mede naer groetenisse blijve

3874 627 1113 162 2 ½¼ groot loot breede hrepen

3801 716 1208 201 28 ½¾ groot loet smalle strepen

3811 849 1174 181 20 ¼ 3 segels smalle strepen

3800 930 1834 206 50  3 segels to smalle & 1o breede screpen

3448 1126 1134 244 London dheer John Janalle

4981 1110 949 309 aAdy 7 februl: 1722

3542 1377 2440 200 ue mij seer aengenaem van 19 pass° 1721 .5 wel ontfange

3533 1435 2438 300 daer bij remise voor sj£ 71:5:0 n a 36:2 en ten lake sames prie

3524 1660 2325 230 tot brugge in antwerpen te betalen welke om acceptatie hebbe

3534 1771 2404 272 versonden oock ordre voor soo stucken tjcken die aen mijne maes

3546 1946 2426 252 geordonneert hebbe & hope de sclve de naeste weke te versenden & sal

3536 2085 2443 216 ontrent het oppacken alles observeren gelijck ue mij gelieft te ordonne

3536 2242 2297 238 seynde mij seherlijck seer gevoeligh de schaede die ul geleden heeft

3542 2392 2325 261 bij de 2 packen N.32 „33 tis mij lief dat ul de gesonden rek

3553 2533 2386 262 courant d'accoort bevonden heeft q un conformitide genoteert

3529 2666 2431 245 & hope dat dit saed occasie sult hebben om meerdere partyen le

3536 2799 2450 266 ordonneren & daer bij goede avantagie shebt becomen om het verlieste

3551 3021 2416 171 recupereren p mijn naeste hebt de facture rognossement te verwag

3558 3120 2349 242 waer in ue eenigen dinst can doen gelive te comanderen die

3545 3254 1322 215 naer seer vrindelycke groetenisse blijve

3539 3356 2430 269 B S myn liefte sal de versoeghte canten besorgen & traghten

3540 3517 2378 226 wat schoons te senden dogh voor ƒ3 p elle can soo geurigh niet syn

3542 3659 2432 233 hope dat ue beminde daer van content sal wesen want de vroul

3548 3800 2392 227 als die canten coopen sien op eenen ½ gulden geelle niet sal de

3554 3973 2385 179 selve in een e groot loot packen dat het niet te bekennen en

3564 4088 2096 261 sal sijn heb dat voor andere vrinden noch meer gedaen
