8385 4747
2606 295 684 116 Adij 21 april 1722

811 296 1149 107 Amstr D' Francisie Rousseau

1020 338 2361 145 Beyde ue: aeng 13 & 20 deses wel ontfanghen bij den eersten vertaen dat

1020 475 2408 122 haeck man noch niet voldaen hadde al hoe wel ul: aen s aeberboom op hem

1027 540 2350 131 een assignatie hadde gegeven tis sekerlijck dat aeherooom hier ontrent seer

1044 613 2314 152 negligent is kaeckmans can niets bij brengen tot verdedinge vermits

1006 695 2344 126 de facture in presentie van maselaer is op gemaet & over gelevert

1042 790 2394 150 die den cooper op den selven goedt heeft geaccepteert as: moet aeserboom

1039 869 2264 122 continueel pramen want het soude een onredelijcke sake sijn dat het

1030 967 2241 86 verlies van alle panten op mijnen last soude comen bij ul: laeste

1038 1032 2377 147 hadde ul van ƒ5000:- hollants sourde van mijne penningen in ul selfs

1035 1127 2370 138 gedisponneert voor t maenden a ½  vrij gelt wel dat is mijne intentie

1022 1252 2405 113 noch versoeck niet geweest maer wel de volle soue van ƒ6300:- a3

1035 1299 2320 130 voor den tijds van een jaer want soude somwylen daer naer aen de

1051 1390 2237 105 wissel meer connen verliesen als dat intrestie soude bedragen hebbe

1045 1427 2367 219 voorleden post dagh d'occasie gehade a 4 p verlies te connen trecken

1034 1559 2337 170 twijffele niet aft ul sal dan de volle somme employeren voor den

1043 1636 2400 159 tijdt van een jaer volgens mijn versoeck waer op ue positive intene

1056 1746 2057 147 gelieve te laken weeten om vervolgens te reguleren & in

1032 1820 2384 178 af waghtinge d'eere van ue antworrt blijve naer seer vrindeljck

1053 1930 482 148 groetenisse

1055 2010 2124 124 hope dat de ordres tot het ontfanghen van mijne £500:-

1056 2125 2200 89 engelse oost actien sullen sijn afgegaen & datter geen obstaseels

1038 2190 1103 138 iht over leveren sullen voorcomen

2711 2203 699 173 Ady 21 april o72t

906 2262 778 163 Ahien mejouff. heden dael

1039 2297 2328 222 alsoo genige van mijne leste vrinden geresolveert hebben naer allen te gaen

1032 2404 2268 183 om te wateren te gebruycken, & dat sij geambrasseert sijn, on te weeten

1048 2505 2266 178 waer sij en logement touden nemen soo hebbe hn sterck aen geraden

1032 2621 2250 167 tuwen luyse te gaen logeren, & vermits sij hier hier ontrent op mij

1034 2690 2312 190 ten hoogesten sijn vertotuwende, soo hebben sij mij versoght aen ue te

1031 2756 2247 242 schrijven, om ee camers te besprcken sij sijn vier persoonen, int

1055 2865 2261 197 twee domestiqun & twee peerden int getal, te weeten cene vrouwe

1056 2955 2215 225 met haren moan, & en andere vrouwe met jene van onle sutters

1008 3070 2071 178 dehalven bidde te bewaren de camer a straet daer het

1040 3141 2401 207 balshonneken is, & dandere daer benevent, op sij ten uytersten content

1042 3232 2246 229 louden wesen van hon coyement dat hiun soo sterck aen geraden

1042 3350 2377 197 hebbe, ick soude selve mede gecomen hebben maer mijn hooge jaren

1058 3449 2361 248 permetteren sut niet meer versoeckende dan seer vrindelijck van

1045 3539 2408 262 op ontfangh deser ten lettersien tot antwoordt te schrijven, op dat sij

1056 3641 2340 220 daer steledt op mogenmaken, tot sunne verselteringe, sullen

1054 3758 2236 225 voor half meij tot allen sijn waer naer cont reguleren, ue

1053 3852 2271 219 antwoordt dan cito met verlangen te gemoet siende blijve

1042 4008 1247 170 naer see Cordiale 4 roetmisse

1648 4100 723 141 was onderreck

1684 4177 982 160 suster helena pouwels

1731 4315 568 124 swert luster

5276 236 817 158 Ady 28 d' avril 7719

3455 282 636 133 mons mads Ganiot

3621 312 2454 122 i'ay bien reccu celle que vous m'avez fait l'honneur de m'evcriere p la

3583 412 2514 174 quelle vous me mande apieces perpet. noire de N 70 ie ne doute pas que vous

3577 483 2526 143 ette asse informe que j'ay quitte la negoce entierement & que i'ay traiisporte

3587 564 2546 144 ma corresponden & a mons: EAdrianus agthoden come i'ay eu l'honneur de vous

3574 647 2456 201 dire de bouche etant a mons au mois de septembre passé & Enfin que

3599 776 2357 147 vous seriez servie come au paravant, i'ay este moy meme chez mons.

3596 791 2492 197 uythoven pour cnoisir les melieur pieus dont vous seray tres contante il est

3597 895 2502 172 un fors honnest homme d'honneur & de repusations & fait de grandez affaires

3579 975 2517 218 en marchandise d'Engletterre vous trouveray touiours chez luy en assortement

3583 1065 2513 212 sans pareille tant en perpt. noires & blanchie de N. 1.56 a 6 e u 70  80„ 100,

3587 1157 2525 215 des drogets d'engleterre que de charge sarges a doubles de tout couleur ie vouse

3601 1250 2418 166 asseure madi a ceste prix que personne au monde ne pourroit vous servier

3588 1329 2444 193 mieu que luy et a ceste prix mons: masson ordoinne beaucoup de ses estottes

3596 1413 2498 202 a doubler dont il est foit contant, & jie ne doute pas que vous en seray de mere

3581 1507 2547 196 de tout de ce qu'il aura le bonheur de vous envoyer le S jonard ma compt

3603 1584 2511 197 le ƒ176:- de change pour le partie du 29 bre 1722 dout vous en est exceite

3595 1694 2509 195 iet vous recomand mon ancy uythoven & quoy que j'ay quitte la negoce si ie

3602 1792 2389 197 vous puis rendre service ayez la bonte de me comander liberoment

3595 1927 1789 155 soyez persuade que ie seray touiours avec plaisiez

3493 2008 1104 161 Brugge dhh Caurence van rentergen

5058 2015 694 164 Adij 30april 1724

3594 2147 2450 120 N: mij seer aenge van 18 deser wel ontfanghen daer benevens de oncost rek.

3609 2245 2473 156 van het pack tijken& N.44. bedragen de courant gelt 83:1:7 en sijnde in wissel

3604 2326 2494 187 gelde ƒ 15:17: oft £2:12 - 10 en waer vooren ul: gecrediteert hebbe sijnde ditto bale

3604 2443 2454 172 geladen int schip van Edward merrifielde volgens het cognossement wat

3592 2543 2395 140 het profest tot laste van haydon belanght segge andermael dat hier de

3608 2660 2520 135 maniere & het gebrugcx is dat den genen die den brief vereert het profest

3620 2703 2520 150 moet betalen sijnde sulx mij differente regen voorgecomen soo pro als contra

3622 2815 2464 144 hebbe ue even wel voor het selve gecrediteert soo dat het met noodigh

3624 2932 2470 97 is daer op te blijven moraliseren, mijkeer men seght hier dat men

3622 3014 2417 154 a costj gaedt gelt lichten tot het verdiepen van de vaert waer op

3613 3108 2517 150 ul renten sullen genomen worden & dat het vate gelt voor hiposcke

3617 3178 2411 125 sal verkoght worden oock noch eenige andere belastingen sallen

3629 3281 2357 140 gestelt worden soo sijnde soude voor mijne vrinden wel eene somme

3611 3367 2520 165 willen arretteren waer om p desen ue seer vrindelijckt ben versoeckende

3635 3446 2500 131 van eens nauwseungh sigh te willen inlormeren op wat roedt wat condit

3435 3530 2695 184 wat hipascke & tot wat prijs voor labrenten souden sijn oock oft met

3634 3635 2499 188 behoorelijck obtroy sal geschieden & aen mij pennisse te geven vant

3641 3724 2444 204 gen sult hebben vernomen om vervolgens mijne mesures de connen

3636 3827 2474 160 nemen verhopende ul dese goedthijdt sal hebben & waer jnne ue

3637 3961 2340 129 van gelijcken eenigen aenge dinst kan doen gelieve te

3644 4062 1958 180 comanderen die naer seer vrinden groet. blijve
