8289 4726
971 240 2466 154 Couvenir, afin que vien ne se perde, il pouroit aussij auorder ave

954 344 2452 118 les melieurs bestes, ou cattheye de la seigneurce de swijndreche, comm

966 429 2461 167 aussij de laccorder avec les ferncers qui vre scuffere p la quelle ce me

953 532 2457 137 fremme y tiendra Locuel dessus sant quil sena possible, pour faire tue

966 613 2442 125 a une proufit recepuaque, il y est venue un sermier de swijndre

944 712 2481 94 nomme duncce Capperans que avoir sauffert aussij p la quelle et a voule

942 807 2458 109 en voir diminution que j'ay reschayes avec son argent de sant qu

939 866 2476 94 he pouuoie ren faire seul, car comme ne suis point seul vendaue

955 955 2454 76 de La ditte maison uertuaire je ne lieux avois aucun maniment de

921 1033 2480 107 1 desiers, en provenant asant d'estre separe, si vous boulez aboir un

952 1111 2467 125 iventaire des sneubles de la maison marticaire il faudua il faire

958 1204 2477 128 faire p Notaire, mandez moy, le quelle vous saulez avoir emplie cependait

955 1258 2474 127 il le laven inutile a cause quil ny a aucun enfans mincur cependent

941 1368 2471 115 vos ondres seront execute je ne scay pour quoy vous haulez me reprocher,

970 1440 2431 94 en desant que les affaires de seu une pere his oue este secrete jusque

968 1536 2451 109 prosent, ie veu bien vous dire que j'en scay ausant que vous, puis que je

966 1593 2471 123 ne men sois jamais mele avec les affaires, et que je nay eu que trop du

983 1674 2434 114 chagrin a voir travaillen mon espous e du mabin jusquan soir madame

966 1764 2468 121 lotre espauze est aucant informe que la mienne du bien qui appertiennet

976 1839 2447 99 a leu ane pere cau ean pauvez bien croire que les conquestes quil at

964 1895 2474 157 fait depuus aves mariages ne sont point fort considenables tellement quil

968 1973 2455 119 n a point acquis accue bien du depis, mon esspceze paus en pefarmera

971 2040 2441 134 cant quil lue sera possible a legand de la melieure beste de la soeu

956 2144 2481 113 du care de la cespe de flandre, comme je daute paint, au vous prendree

953 2236 2474 113 la seigneurie de swijndreche en partage au prix, quelle at causte vout

963 2297 2471 113 paurviez faire la dedans comme vous trauverez coelienir j'ay mis en mais

965 2373 2395 114 de Jean Jcasselmans vre assignation de £35:- de gros argent caunant

968 2481 2448 97 madame middelarnos n'es point encor en ville, cependant cela ne

952 2519 2488 173 fait rien camme les msses de Reqiem de fen une me sont seuis

974 2606 2458 165 aujoundncy je vous prie de me mander si nous souhaite, quon coisse

954 2689 2478 147 aller la religieuse qui doit estre payez depuis le premier jullu vvs

972 2782 2454 151 a seps sols p jour, et on luy a donne duvont la vie de cere pere duvant

966 2874 2450 120 le temp precedante, quelle lay a servie deux sols p jpour drincq gelt

962 2939 2461 139 mande moy I:V:P: si vous souhaite, quon lay donne & eort de mesm

955 3018 2468 167 J'ay paye les messez ordonne p. cestament ct je payerez aussij le deu

969 3102 2468 161 des donesteques droit de leglise  on me demande puien l'angenterie que

964 3179 2464 162 al este sur chosail pendant le 14 jour deux pessols, ce me semble

981 3280 2449 179 que c'es beaucoup, ce pour quay je ne payenay point sans vre ordr

985 3354 2438 160 le Corte goede est venu faire saisisement de la parte de la ville

991 3465 2440 132 seer tous les peubles et argent cenlant a la maison marsaaire

982 3539 2452 173 pour la moitie de mandame vre espaez dans jeelle poux le paument

966 3611 2458 133 de lisfcc mon (spaeze caur faite, comme a madame sa chere joeur

974 3705 2465 161 ecra mons vre frere bien des complements, ee en y soignant les ient

985 3804 915 143 je suis tres sinscrement

924 3821 2499 251 incluse copie d'une lettre que le nouveau mar de la veufre de man

938 3925 2457 258 a remijnge eit estrt a feu me peremande may L:V:P si vous trouve

917 4072 2287 184 a propes de luy envoyer la copie du compte quil demande

3448 214 2656 153 and mons. Coppens, Conseiller cau Consul en flandre leswers ce 13 sbre 1728

5778 312 143 122 me

3563 331 2538 184 jour responce a celle quil vous at pleuuyt de m'escrere le 10 courant

3574 483 2523 132 J'ay lhonneur de pous dere que je ne vous pos jalqua present pour quoy

3814 572 130 74 tet

3562 537 2523 170 la seeg. de swijndrecht devroie estre puise p raport que le choise vous

3583 657 2483 124 este donne p. vre conclraz anciuapbiele, je vous la vaulez avoir pour la

3566 733 2523 139 somme, quelle at cousse a nre beau pere de sand et ainsi si vous la voulez

3577 803 2523 156 ser ce pied la, il ne sera pas necessaire de la faire paiser, ce pour quoy

3591 905 2509 124 je vous prie de vouloir vous expliguer plus pasiteremene sur cela et en cas

3600 970 2486 159 que vous trauveriez apropos de laisser la ditte sig. en comm j'anevois

3574 1049 2519 141 neeux, quon resoedenoet a la veute d'jcelle du moins si vous le trouve

3591 1148 2506 129 rivenable pour ce qui regande de faime les comptes et estat du bien, je

3581 1258 2506 107 cCrois que vous este bien informe que moy et mon espouze ne sont

3583 1348 2513 114 plus oblege d'estre rendanes de la maison mastuaire de jeu nre bean

3599 1384 2506 150 spere, que vous et madame vre Espauze essant aul desen heritiers

3604 1463 2451 132 el  condequent il ny a aucun raison paur que ie me chargeroix

3591 1552 2497 122 seul de la maison marcuaire, et de l'admenisfration di celle, mais

3596 1638 2452 128 si vous baubez qu'on pracede a la confecsien de senbeulaire et

3545 1704 2533 138 Cessas: des biens et meubles de la ditte maison mortaaire, je vous

3454 1797 2591 128 =prie dy donner los ordres, ct conslisuer a cette fin, selle personne

3616 1861 2484 145 que vous jugevez capable pour faire faire avec moy le de mienaire

3596 1944 2422 144 ie cshat, ay ene l'honneur de vous assurer que je ne me resondray

3602 2053 2483 123 jamais pouk estre seeel le rendant de la ditte maisen mortuire

3598 2105 2431 118 et que ainsij ie ne ferez faire aucune vente ne des chestesux et

3605 2203 2419 137 Carasses, ue de touts les autres meubles, sans que sant au madame

3612 2285 2481 132 eette espouze y soyez present, au que vous ayez constesue quelque

3599 2380 2497 129 pour faire faire la ditte vente consoinctement avec may et comme

3608 2492 2487 102 il contiene, quon fasse suppler les livres sans quay en ne peut

3606 2558 2392 125 faire un espat exaise vous aurez la bonte de me manquat et

3616 2621 2419 157 relondre avec may, d'employer een certain van heck homme fort

3610 2736 2514 119 caspable, pour faire le die transport, ee en terer p aprez la bulence

3613 2814 2405 104 cependant au paurnait faire provisieonelement en partage de L

3637 2895 2415 125 biens immeubles, et comme jay eu lhonneur de hous marquer p

3631 2952 2435 112 ma precedente, quil consient d'aucoriser quelques pace recelaer

3628 3064 2464 120 les debles acliver de la ditte maison movouaire, sans que eauz

3616 3131 2464 114 mj avez respandae je vous pre de donner vre nesolatien sa dessees

3632 3195 2330 115 esbant press de mon cotte de donner la ditte procure a

3629 3284 2445 112 I basselmans, ou si vous vaulez faire recetaer vre maitie p voul

3613 3393 2510 99 masme, au quelqeu autre je receverez la mienne sur quoy j'allendray

3633 3448 2412 125 au premier vie responce positire de mosme sur ce que je ie

3638 3524 2435 112 ay escrit p ma precedente, touchant la demande de deux pissols

3624 3595 2498 142 quon met lait de largentene quon a servie a ltlosel pendanc

3639 3662 2251 109 les messes de Reqiem, de feu une beeu pere ayant renvoye

3647 3763 2411 78 aujoendhuy En seecke de vre ondre la paur hoire au payemens

3632 3822 2470 152 ordinaire et pour racauser ma lettre, j'ay lhonneur d'estre tres

3630 3896 1631 162 parfaittement avec bien des complinenel

5260 3957 856 184 anvers 13½ sbre 1728

3620 3996 797 157 madame van Zellen

3447 3984 137 157 lle

3610 4159 2491 135 vous avons reccu bien de la reconnoissance celle quil vous at plest

3656 4225 2478 149 de nous escrie le 24 du passe, p estant infinement oblige de mesme

3649 4301 2349 133 a vre chere famile, de la parte, que vous prenscez a ce qui pau

3652 4398 2421 124 Regande mon espauze reste encr dans s'afflection precedante
