8269 4692
897 248 2385 149 & dat het impat door het slwijflenn eerst gewonnen is. sien dat af: wel spicule

897 326 2390 117 maeckt om eenige te laten comen, maer dat ick de helft voor mijne rest: son

729 407 94 104 1d

898 395 2369 150 doen daer geene spiculatie in hebbe, gelieft ue een clijn ordre te geven, en

906 515 2356 150 patroonen toe te senden, sal ue voor provisie daer in bedienen, ue can

913 582 2298 199 van de Winckel honders de breede & prijsen vraghen, sal van de mmiste

914 670 2338 174 mode senden, & twijfele niet, oft sult daer goede avance bij halen de comte

906 757 1853 168 regotie is ni de beste op alle quartioren, tot ul naright

900 847 2268 160 sien mede den prijs van de swijnsberstels £5:5 ƒ a £5:10 p  &:100

905 989 2303 156 & de reghten int inne comen 11 e, p dosijn B. daer gans geene rck. in

912 1088 2288 154 te binden is. want vercoope die hier ƒ 64:- wissel gede de B.100.

877 1168 2402 126 derhalven ben ul: ten uijtesten verobligeert voor de goede informatie, en

908 1288 2388 190 genomene moeyte in soo danige, oft andere voorvallende occasien gelieve

889 1410 697 146 mij niet te sparen

905 1379 2365 215 sal met verlangen p ue eerste afwaghten te vernemen, dat den bieffet

920 1523 2269 232 geschept sal sijn, & gelieve te noteren, hoe veel daer vooren betaelt hebt

877 1583 2418 217 om ul: vervolgens te crediteren waer mede ue antwoordt ontrent de cante

924 1748 1704 166 te gemoet siende, blijve naer vrindelycke groetenisse

920 1797 2379 180 ul can sien, & sigh bij de winsielhouders informeren oft de canten volgens

945 1915 2291 200 mijn gesonden hat voon ue connen dienen, can ue daer af fournieren

2536 2019 654 151 Adij 7 meert 1720

948 2070 946 153 voor de prijsen daer vermele

740 2158 868 187 Brussel wed: Borremans

960 2171 2277 256 op 3 deser was aen ue mijnen laesten, waer aen mij gedrage sedert sijn de

949 2278 2294 205 swerte perpet: van N.80 thujsgecomen, & hebbe t ps met de t sarges

922 2432 2234 120 drapeen op gisteren e beurtschip ul toegesen deen in een packie 1B

962 2532 856 174 bedragendie in wissel gede

970 2514 2278 285 op 6 meet 1720 „ 4 sarqes drapees bette stas 229d. oƒ 23:5 . ƒ93:-

1746 2656 1551 195 4l wette perpet: A. 80 ... „ 58:ƒ1232:

2586 2756 663 188 Same ƒ 325:

1439 2807 710 191 4 Juyes 4 de n

958 2884 2326 188 waer vooren mij gelieve t rediteren, niet twijfelende oft ue ten weyteosten

966 2979 2272 177 voldaen sal sijn, vermits alle mogelijcke devoiren doen, om ue het

968 3116 2276 163 schoonste & beste goedt toe te senden, & waer in ue eenigen voorderen

954 3173 2341 227 dinst can doan gelieve te comanderen die altijt et genegontijt sal sijn

2665 3277 547 171 Adij 9 di 1720

827 3314 722 179 Brugge rentergen-

974 3349 2316 192 oo 3 deser wat a ul: mijnen laetten, waer aen mij gedrage, sedert geene van

997 3458 2303 185 ue ontfangen, segge andermael dat het wel een beclagelijcke lake is, dat door

973 3557 2307 172 de capricien van de schippers soo geprejndicueert worde, & ul doedt niets van

986 3633 2304 211 gene ue geschreven hebbe, dat niet genoech is, patientie salt moeten afwagh

968 3788 750 162 & met gedult verdraghen

982 3791 2308 215 desen om ue te adviseren, dat op gisteren ue toegesonden hebbe een pack ie

999 3878 2296 215 NA. 13 p wagens van gondt adroiture inhoudende vijftigh ps tijken, voor

994 4014 2299 183 iehy mad: rebeeca hemitton & cooke in london, gelieve het selve in eerste

995 4106 2297 169 vertreckende schip te versenden, & de oncolt rck: op het spoedightte toe te

1009 4211 2139 172 senden, om reden ue: bekent waer mede naer groetenisse blijve

987 4327 1611 178 hope rochus aerts tot london gearriveert sal lijn

5176 183 813 125 Adij 9 meet 1720 2

3378 219 858 139 mons prete Francois Camist

3502 268 2515 124 En suite a l'honneur de la vre du 5 courant, ie vous ay envoyez p le messagie

3513 341 2464 171 donard le 3 pieces de perpet: qu'avez mande, dont il vous plaira me crediter

3514 481 529 114 lonnie En suite

5219 460 709 187 ƒ 38:- ƒ 76:-

3513 488 1342 236 le 8 jre mars 1720 a 2 perpet: noires N.1

5290 562 633 155 „52: -„ 52:

4723 603 165 96 170

4104 603 321 156 „1 ditto

5638 679 319 110 ƒ 128:-

3516 744 2479 143 l S. Jonard in a compte aussij pour vre compte la somme de sent florins

3520 830 2461 200 argent de changes, dont ie luy ay donne quittance sil y a d'autre chose

3511 952 1680 172 a vre service comande qui a l'honneur d'estre

5290 978 675 181 Ady 12 meert 1720

3408 1048 480 167 loven Jan fabri

3521 1118 2486 158 tot antwoordt op us seer aengename van 9 deser die gisteren eerst becomen hebbe

3501 1221 2454 161 segge, als dat noch eene bale seer hebbe tot ul: dienste, van het selven laer

3493 1332 2498 121 daer mons. sreven de velers af gehadt heeft bij hebbe, sijdt gerust datter in het

3520 1427 2494 158 minste geen verschil en is, sij sijn te gelijck gecomen, kan ul niet overcoman

3524 1535 2465 159 gelieve mij ul: tolbrief toe te senden, ick sal de bone in de wage laten

3491 1584 2517 195 weegen, & oppacken, & ul wagens ue: toe senden, als oock het waegh briefsen,

3543 1701 2335 148 war op ul: antwoorrt verwaghtende, blijve naer vrindelycke grootenisse

5309 1782 702 148 Adij 13 ditto 1720

3407 1826 777 178 mechelen pieter de Jongh

3528 1906 2447 141 ue mij seer aengename van 24 pass wel ontfanghen, daer bij advies dat

3538 1985 2431 145 ue mijne traitte op s. Nicolas frans. le lievre wel was geworden & dat die

3529 2096 2501 150 aen ul: vrindt hadde versonden, om de betalinge in te voorderen, waer voore

3538 2223 2349 108 ue bedancke, desen andermael tot geleyde van dingeslotene accaptatie

3518 2301 2463 139 door catrine hannecart voor malhien Brans iot ath vervalt 15 deser sijnde

3533 2354 2487 150 aen ue ordre geindorseert versoeckende mede aen ue vrint te senden, & het noodigh

3488 2484 2551 132 daer vooren te laten besorgen, & soo het ick: niet te veel moeyte en is een leteke

3538 2543 2462 139 tot advies van ontfangh deser te geven, aen die naer minsame groetenisse blijve

5340 2643 652 160 Ady 13 d1720

3409 2615 591 183 lier de wed: Collard

3672 2748 141 88 mo

3552 2745 2444 158 op 8 xber 1719 was aen ue mijnen laetten met notitie vant gene ul: mij

3549 2849 2457 157 scholdigh sijdt bedragende ƒ 86:5½ wissel gelde voor 2 drogetten op 18 mat

3539 2939 2284 149 1710 aen ul man saliger vercoght, nu tvee garen geleden, hadde niet

3526 3019 2503 215 getwijfelt, oft soude die somme aen mijn comptoir gest als dan betaelt hebben

3553 3127 2434 185 dat eghter niet geschiet is, nochte tot deser uren wat ul: daer mede mijnt

3534 3203 2448 228 can niet beratten, mij dunckt dat mijne goethijt van soo langh crediet iuk

3546 3359 2459 150 niet eent en heeft doen peijsen, om mij te betalen, come dan met desen ue

3555 3478 2387 127 vrindelyck versoecken, van de voors somme mij & bode toe te senden

3535 3558 2327 160 & eerste, oft sal genoodtsaecke wesen, ick met den reghte daer toe te

3542 3622 2485 182 devinge, & op cost te brengen, dat even wel niet garen doen soude daeroem

3546 3739 2476 181 heeft ik: consideratie voor ul: eere, sult sonder uytstel mij het voors toe

3562 3838 2490 185 senden, dat niet verlangen te gemoet sien, waer mede blijve naer groetenisse
