8419 4719
1076 264 2151 137 mejn schoon dader d' de lannoij de siugnsrecht eenighints te voldoen davoin

1056 361 2203 138 nemite de libertijdt hier benevens een miseve aen di loots te senden biddende den

1050 437 2230 158 selven gelieve te behandighen gesermits die gallenes godt danck gearriveert sijn

1034 566 2178 158 soo derhopen, hij niet ter doet un berliyck man te desen d'heer shellincq heeft

1034 655 2221 170 eyndentlijck nu eerst geantwoordt & gelooft rek. te senden soo wel aen andere

1049 758 2141 162 als aen mijn schoon dader dat aen veele seer aengenaee is de retouren van de

1063 870 2274 158 galleones geeft eenen nuuden moedt aen de negotianten alsoo derobligeert ben geweest

1027 944 2243 145 door mijn huldelijck, de inlanssche oft Engelsche negotie te guitteren dat oven

1065 1087 2212 155 del sonder occupatie mij den tydt verveelt soe soude wel insieren om eenige

1051 1168 2259 155 afferes op spagien t'emplecteren duron neme de libertijdt dan ue te desoecken dan

1054 1298 2231 125 mij eens fer laten weeten dat goederen a costij het gewillighste sijn gdaer bij

1032 1376 2157 181 de meesse avantagie is te becomen soude niet gaeren de goederen op dinten

1081 1476 2246 181 dersenden, maer wel op costij laten vercoopen galsoo al geinformeert ben moeten de

1052 1583 2160 186 goederen op sommnige tijden a cossij sijn om dan die occasien te connen profiteren

1046 1703 2179 175 deete del mij niemant mij beter instructie geven can als ue qniett soude mij

1063 1793 2160 193 aengenaemer wesen als met ul in eenige corresponditie te connen sreden

1040 1878 2249 207 derhalven sal d'eere dan ue antwordt verwaghten mijn heffte versoeckt have

1069 2023 2277 179 complimenten hier l'accepteren & haere graet aen nichte ue beminde af te leggee

1077 2122 2284 185 met versekeringe dan haer respeckt g badde mij mede te gelooven dat ben blijve

923 2188 872 207 London DHr. Joan Catmale

2523 2260 682 148 aij 20 meert 1723

1069 2296 2169 219 18 mij seer aengename dan 4 deser . 5 wel ontfanghen daer benevensn een

1081 2426 2171 192 dissel briefu dae ser £100: a 38:1 dt ten laste henrij hayson tot brugge

1071 2536 2297 192 in antwerpen te betalen aen ue ordre daer van de acceptatie met behoorelijck,

1085 2659 2173 196 addres sal bevoorderen & bij mij laten bewussen e& ul can p den serarda

1087 2763 2199 168 naer ul wel gevallen daer dan disponeren, het is mij liedt dat de taken

1080 2902 2146 137 niet coopen can tot de wijsen als ue desireerdt minder als de notitie

1076 2949 2284 222 ue niet mijnen doorighen toegesonden sal dit jaer niet connen geschieden om dat

1079 3068 2204 209 de garens soo hoogh in pris sijn geweest & die comen maer uns jaers in de

1072 3181 2231 212 maenst gbre als danneer die prijsen gemackt worden gelieft ue mij syne

1080 3293 2123 199 ordre toe te senden seydt derseteert al intrest als cayen sal behertigen

1074 3408 1800 183 daer mede naer dient presentatie & seer winde groet blijve

2748 3475 642 206 Adij 22 meet 1723

917 3579 614 179 hier marge suyers

1074 3625 2328 206 op 13 deser hebbe ul geadviseert dat jouff: Clasens mij de ƒ 283:8 sourt

1064 3717 2275 164 gelt betaelt hadde, voorders referrere mij aenden selven brief, sedert

1081 3863 2351 134 van ul: niets vernomen, maer wel gisteren een brief van dh: rousseau

1073 3963 2309 164 van brussel, die mij schrijft, dat hij vernomen hadde, dat ue tot brussel

1075 4026 2265 177 was, & dat hij door sijnen leneght ue, weder gesonden hadde, het gout

1041 4152 2367 146 dat te light was, & andere spetien die niet goet waren, oock hadde doen

1045 4249 2336 123 vragen het get dat te te kort geweest was in den sack die ick op

1068 4335 2285 126 den eersten jamiarij deses, hem hadde ter hant gestelt waer van de

3573 273 2488 103 notitie hier onder, beloopende in wissel gelde ƒ 21:12¼ & ul hadde aen

3562 341 2450 123 den stneght geantwoordt dat ue selfs ander gelt daer vooren soude

3576 430 2467 144 gebroght hebben, & dat noch eenigh gelt voor mijne rekkeninge soude

3557 495 2438 153 mede getelt hebben & hij hadde met verwonderinge vercomen, dat

3567 575 2421 153 ue sonder eens naer kan te sien, op 19 deser vertoocken was hij

3572 716 2457 116 versoeckt mij ue hier over te schrijven & heeft ue present geene

3574 773 2477 154 occasie om hem dat te doen betalen, ue can het selve mij voor sijne

3564 861 2461 224 resteninge voldoen. ni de ofte wijders comen bij mij al geloopen om

3572 976 2411 186 gelt, & wagen oft ue noch geen ordre gegeven hadde de vrouwe

3558 1071 2445 187 van van der stappen heeft oock al geweest oock livinus de smet

3556 1173 2473 218 vant vlaems hoost hebbe geantwoordt dat ick ul hier verwaghte

3564 1279 2427 167 als wanneer niet twijfelde, oft ue die ordre geven soude daerom

3574 1378 2470 214 bidde van morgen over te comen, om den tatelbrief van Jan rijpens

3549 1488 2378 180 te effenen met den jutrest oock hebbe noch partije light gout

3564 1617 2277 192 & quacj munte, dit alles geeffent sijnde sullen wij het nuwe

3578 1704 2409 161 reguleren ue: dan morgen verwaghtende blijve naer groetenisse

3554 1803 2461 194 jouff: flasens hadde mj geseijdt dat sij ue noch gele scholdigh wat,

3566 1937 1417 190 & dat ue mij bij haer conde bewijsen

3958 2029 1111 184 het gelt van dh. rousseau is

4800 2126 357 182 ƒ18:-

3754 2171 701 133 2 lighte pistolen

4855 2239 308 151 „ 1::4

3748 2266 835 145 3 schellingen quaet

3753 2335 1542 196 gelt dat te kort wat wisselgede „2:10½

4098 2506 1202 182 alles in wisselgede ƒ 21:12¼

3654 2600 2372 195 P.S. ul moet niet peijsen dat iets betalen sal voor all eer

3661 2737 1135 174 dat het hondt geeffent is

3491 2847 1078 204 Amsterdam De hr. Franso Rousseau

4906 2814 734 230 Adij 22 meert 1723

5801 2970 49 108 m

3571 2977 2417 175 op sijn tijdt hebbe wel ontfanghen ul: mij seer aengenam dan 25 passk. 8 & 19

3560 3093 2501 173 deser benevens den persten het segnet daer dan ten uyteyten voldaen ben & blijve ul

3579 3218 2502 231 ten hooghsten derplight door de goede sorge daer ontrent gedragen & ul is voort

3593 3317 2345 225 selve ten danckel gecrediteert in hollants courant ƒ 22:15 & met ue laeste

3582 3462 2434 211 derneme l endentlijck onse 36 cassen thie op de facture derkoght hebt met

3575 3575 2506 183 6 avance suijvere eduist op de incoop penningen & compisatie de oncosten

3594 3657 2481 249 daer op geresen te betalen de ½ op  & dandere op 5 waer mede wel content ten

3587 3773 2493 236 en twijfele niet oft den cooper van dolle satisfactie is & dat ul sal besproken hebben

3586 3940 2422 182 en brabants wissel gelde te betalen heeft ue de onginele facture noodigh

3600 4029 2295 177 sal de selve u toe senden & sal de veroop re dan ue verwaghten

3609 4131 2207 214 als mede notitie door hoe deel iul door mijn  dulen debiteren moete

3601 4250 2470 178 ben ul saer derobligeert door de propositie die ue: doormyn broeder pedro heeft

3617 4377 2469 119 gelieven te doen tot mploy dan vollen om de waerhijdt te seggen den thee

3605 4453 2113 88 heeft mij de coragie benomen om daer inne naert oft deel te nemen
