8317 4726
2699 248 693 131 Ady 26 xber 1726

810 247 981 146 Mons de wed: Francois Canit

973 374 2453 116 le 16 jesine gullet de cette année fat a vre grace ma derniere, p la quelle

980 443 2435 118 ie vous ay priez de me vouloir envoyer p le S. Jonard la somme que vous

972 520 2448 157 me deve, pour les trois ps. de perpetuanes que ie vous ay envoyez en

966 618 2327 181 Jan 1723 patant En semble ƒ147: de change, depuis vieu de vos

974 718 2442 222 nouvelles sinon, que le S: Jonard m'avoit dit que vous mandiez encor

974 808 2457 197 quelque temp, ce que j'ay bien voulue vous ac corder cependant ie ne vou

986 913 2450 217 jusqua presant la suite ou payement, ce pour quoy ie vous escrive de recu

995 1020 2416 241 pour que vous voulusiez satisfaire a mon juste pretention p le preve

981 1126 2410 210 voyage du l Jonard si non, vous ne prendray pas mal, que ie cherche le

974 1227 2306 237 moien, poure me faire payer, esperant cependant comme vous avez

970 1337 2471 214 toujours bien payez, que vous ferray zelon la raison, & en cette attente

953 1518 896 173 Jay l'honneur d'estre

2456 1596 829 196 Adij 8 gber 1726

810 1626 876 178 Turnhout mons: obbr

994 1730 2429 174 up: misere van 5 pass is op sijn tijdt mij wel geworden waer uyt met

1000 1856 2438 126 veel gevoelen verssaen hebbe het afsterven van ul waerde moeder

980 1930 2451 194 godt wilt hare siele de beuwige neste verleenen & ue  vertroofke

964 2016 2425 140 in ue: verlies sal met naelaten voor de selve te beddan bij

985 2157 2394 126 moeten alle dien wegh passeren soude ue derder geantwoortt

954 2236 2388 144 hebben dat met uijter stadt geweest was dom dat ul

985 2360 2432 137 noteert met den eersten houdt overgeconiste hebben om den

986 2415 2439 138 wissel brief van ue: moeder saliger te samen betalen

981 2524 2387 185 t' gene al verkwgght hebbe oermiss daet toe tot nu toe

985 2633 2433 172 daer niets van berneme & dat den wissel brief soo lang over

965 2748 2476 121 stiet is soo versoecke de naeste weeke den selven te comn

963 2839 2447 110 voldoen tis mij hiet om hooren dat ul in de negotie sal blijven

996 2951 2440 106 alsser iets voor valt sullen malcanderen spreken, dhter sal ue niet

990 3016 2221 135 het gelt de naeste weeke verwageten & blijve naer groet

2474 3111 732 159 Adij 11 gber 1726

857 3119 877 142 Turnhout mons: Robert

984 3177 2422 185 ue aeng 9 deses wel ontfanghen waer op tot antwordt segge als dat

968 3294 2466 151 den wissel brief over lang vervallen is gelijck ul: wel weedt & dat die

986 3438 2450 148 promt betaelt moet sijn darom de presentatien die ul doet niet te passe

998 3542 2441 156 comen te meer om dat ul: minder jarigh is niets sonder ul mombaer

968 3636 2335 168 doen dont het stert huijs moet de schulden betalen voor alles

983 3715 2416 177 darom moet ul mij het gelt senden van het import van den

978 3832 2467 138 wissel brief sijnde ƒ 517:3 wissel gelde ick hebbe present geene tijken

990 3950 2411 153 noodigh dien volgens sal het gelt naeste reyle verwaghten

978 4089 1392 175 waer mede naet groetenisse blijve

5234 185 797 150 Adij 11 gber 1726 6

3458 235 1043 144 Breemen dhr John Tshell

3545 293 2505 187 ul mij seer aenge van 21 iulij laest 22 deser wel ontfanghen sijnde

3545 422 2409 199 den eersten door ul swager dhr van aschen mij ter hant gestelt t'is

3543 503 2527 173 mij leedt geweest, aen den selven keere niet veel plaisier t' hebben connen

3544 638 2547 174 doen om dat hij hier sigh soo weyinnige dagen heeft op gehouden wil hopen

3554 739 2456 169 hij mijn goede genegentheydt sal aengenomen hebben sijnde mij echter

3542 890 2428 140 liet te vernemen sijn goeds arrivement a costj a in tegen deel ist mij

3560 937 2438 202 leedt om hooren, dat ue om ul gesontheydt te erwinnen sigh op het

3558 1076 2461 165 lanst heeft moeten begeven ophouden in gedaghten sijnde dat sulx

3579 1170 2438 156 aen nu eene volcome hersteltenisse heeft gegeven t'welck ue uyter

3574 1267 2366 160 hersen ben toewenschende, u versoeckt te weeten hoe de saken

3571 1398 2463 159 met onse ostendische compa al gaen waer op d' eere hebbe van ul

3572 1464 2493 180 te seggen als dat daer inne grooten handel geschiet & dagelijckx

3568 1602 2398 163 gekoght & verkoght wordt t is seker dat dese comp. present

3562 1706 2491 176 bij de gecomen retouren een capitael geasanceert heeft daer sijn

3595 1820 2510 138 present 5 scheepen gereedt om wederom te vertrecken de actien doen

3587 1902 2527 154 heden als aen den voet deser emen maeckt staet als dat de comp.

3595 2012 2418 136 in jannary toecomende een divident sal doen van 12 b ingevalle ue

3611 2135 2432 142 eenige spiculatie maeckt om daer bij geinteresseert te sijn oft wel

3593 2216 2524 131 ul vrinden soo oordeele het nu den besten tijdt is om in te goopen

3608 2312 2489 169 voor soo veel ue als dan het divedent soude profiteeren en bij soo

3606 2402 2428 194 verre de 5 uijtsijnde scheepen die int toecomende jaer in julij staen

3606 2516 2307 155 te arriveren wel comen te arriveren maeckt men staet ten

3624 2614 2459 155 minssen de acsten op 140: pr tot ux gouverno a waer inne ue

3607 2703 2532 192 eenigen aeng dinst can doen t'sij int coopen van actien als andersints

3635 2789 2246 220 gelive te comanderen die met de uterste affectie blijve

3613 2914 2294 160 mijn lieffte doedt haet complimenten aen ue  familie

3637 3037 1077 168 gelijck ick mede ben doende

5311 3127 732 198 Adj 15 gber 1726

3480 3116 915 210 Doel de wed: le page

3652 3194 2488 229 wille niet twijfelen oft ue is noch indaghtigh dat ul mij gelooft

3643 3393 2441 122 heeft als ue in julij gepasseert hier was van binnen 3 maenden

3641 3485 2514 137 daer naer aen mij het jaer paght verschenen bam is 1725 te comen

3665 3591 2441 140 betalen waer naer u groot verlangen hebbe geweest dogh tot

3670 3673 2316 140 nu toe daer geen effert van gesien warom ue bij dese

3659 3778 2372 176 come te versoeken van met den persten over te comen

3650 3899 2467 170 can ul belofsen te volbrengen ue heeft nu 2 jareu goeden

3654 3979 2420 183 cost gehadt die wel gelt gerendeert heeft soo dat geene

3672 4097 2302 220 acusie konnen bij gevroget worden & sal ue vervolgens

3678 4220 2128 199 verwaghten blijvende middelertijdt naer vringelycke

3704 4354 482 179 groetenisse
