8385 4706
1060 250 2269 215 niet meer doen soude terhalven sende den selven volgens ul

1050 379 2277 166 ordre sonder protest te rugge hier benevens waer naed cont requs

1048 508 2280 192 eijndentlijck is het pack N. 23 geladen in den schep van

1023 640 2307 199 John worlell die van brugge naer ostende vertrocken is om

1029 786 2296 178 daer met den eersten faverabelen windt uyt te reylen goet

1029 885 2300 234 gelijde hem in salve glaete die langh verwaghte goederen ue

992 1017 2114 189 swel geconditioneert ter hant comen ingesloten het

1049 1147 2293 236 cognosement om daer van bij tijde te bedienen hope  ue eerst

1065 1284 2257 237 een andere ordre te becomen  moght wel in tijdts ue os

1045 1450 2267 191 senden om dat seer weynige occasien igh presenteerten om

1044 1572 2278 203 de goederen van hier op bruyys te versenden & dat de selve huy

1055 1675 2286 221 wat tijdt moeten blijven leggen gelijck mij sortele noch

1053 1811 2276 233 is over comen dit tot u naeright & blijve met presentatie

1043 1923 698 178 van mijnen dent

861 1994 2476 275 London d'heeren John schoppens & edwans Ady 21 feb1723

1055 2171 2257 215 ue mij altiydt seer aengenaeme van 16 xbre 1721 op syn tijdt

1048 2325 2293 231 wel ontfangen hebbe genoeghsaem vernomen dat de ofinde

1069 2476 2257 214 Compt sedert sot 150 te niet is gevallen nu ben verandert

1072 2603 2252 246 van sentiment derhalven sal ue geene amploste voor mij

1056 2749 2189 226 doen sonder voordee ordre dat de neden is desen u. toy ende

1060 2900 2177 206 twijffele niet of ue heeft het shalf jaed dividens van

1070 3043 2161 225 di'oftindesche compe. veuvalleu 24 aber lest ontfangen

1062 3170 2195 258 dat gelive t'adviseren om un conformtyds te niteren

1073 3349 2140 219 dit afwaghtende blijve naed ue gewenst te hebben in

1068 3456 2268 228 desen loopenden jaere alle heyle segen ggroete ue van het

1111 3628 2180 206 gelieft mij mede eens te laeten weeten hoe de

1065 3762 2272 245 affaires van juffus heck preent staen ofter noch uks te

1061 3923 1539 209 becomen sal sijn voor de crediteuren

927 4058 2069 220 Brussel mons: Stepha: Rousseau Ady 20d 1722

1076 4182 2267 211 ie recois a l'instant l'honneur de la vre d'hier la remise

1093 4359 2152 142 de mons. vossre frere d'ant est payez aunsij vous en

1089 4429 1700 109 et credité pour ƒ 995:9 de change ie vous

3550 250 2348 165 renvoy cy joint la lettre sus mons: Jean Trans vojlenes

3551 374 2338 214 accepte ie vois que mad: mons est desabuse de neevoir de largent

3548 502 2297 204 a bruxelles a espere que cela viendra en peu nous avons

3543 653 2416 206 dilayez nostue voyage de bruxelles pour l'este a venied puis que

3564 739 2435 193 J'ay appres qu'il ny aure pus du tivertirement le coers du grand

3551 884 2385 246 carne valle, cependent noies vous somme bien obligez pour vos

3546 1060 2293 205 offre & oyez pachendee qu'en tous occasions e scray ties

3521 1223 626 122 deuricalement

3448 1262 2212 272 London dheed John Aathalle Ady 21 feb: 1722

3537 1447 2452 239 Op17 deser was aen als mijnen laesten waed aen mij gediage

3552 1591 2443 213 ue remise van £71:8  a 36:2 en is geaccepteert  sal ten

3549 1733 2398 170 verval dage betalinge in voorderen de s00 pstijcken hebbe

3547 1871 2339 228 al over langh becomen dogh voor op 18 deser niet konnen op

3557 2059 2470 195 packen om dat naed de veroghte cantiens hebbe moeten waghten

3560 2165 2372 241 mijn lierste heeft bij alle de peniyse le complieyden geweest

3532 2360 2441 171 & wel 8 dagen gesien cedsij ick naed haedsen conde becemen

3552 2465 2432 250 sjn twee mieue patronen het wel gewerckt dogh sij heet wiet

3536 2616 2310 233 meer daed aen bestedt niet twijfelende oft sullen aen ueer

3552 2768 2460 186 heecle aengenaem wesen de canties en pris gelijck ue meteerde

3547 2931 2467 242 wanen maer vorden sij poste soodaenge niet coopen ue gelieve

3543 3050 2405 232 mij daer vooren te gnediteren als voaght gelijck ick daer vooren

3547 3199 974 198 betalt hebbe te weeten

3547 3358 2065 255 12 gd sijn aa 16 spiyel gevrdta ƒ 4:6 ƒ 68:16-

3707 3491 98 97 73

3554 3524 1997 209 1291„ „ 16 ftaick grondt a 4:14- „ 75:4-

3938 3673 2091 182 samen en courant gelt ƒ144:- is wisselgelde ƒ 125:8

3551 3814 2342 274 waer vooren ue in rek is gedebiteert & sijn op gepackt int

3569 3973 2379 229 groot loot &de bale tycken is voor gisteren van hier vertrocken

3539 4103 2420 204 & hope tot breegge in tepte aen gemen sal om int schijp van

3558 4251 2382 181 John worselle geladen te woorden die gereedt is om met den

3567 4405 2330 112 eersten favoixbelen wintte vertrecken & soo haft de vuly
