8406 4713
1070 286 2245 93 toe te senden met ordre om aen wie het montant te betalen verhope

1061 372 2294 109 ue alderlieffte voor muteenemael sal kerstelt sijn dat van herten tenevens

1063 446 2270 157 mijne huijswet ce beyde syn wenschende qversoecken ons complimenten

1052 533 2195 167 heer te gelieven l'accepteren & deere van ue  met de grootste

1070 632 2198 135 impatientie verlanghen afwaghtende blijve met offres van dnst

1066 739 927 140 & ced vrindelyke groetenisse

879 761 975 202 London diheer. John Batnall

2144 761 739 203 adij 1 sui71

1062 908 2297 118 a aengenaeme van 24 pass. a.5: gisteren wel ontfangen waer bij

1069 1003 2328 146 ue gebedenon, claghten doedt dat de to segels niet naer ue contentement

1058 1094 2289 126 sijn dat mij seer verdriekigh valt hebbe gisteren ust den maker van

1018 1168 2402 170 de savee balen. N.36: p 3 y hier geheeft & hem gecomemeert de clasier

1051 1283 2332 150 die ui mij schrijft seyde reght uijt dat hij liever haede dat voor ick andere

1058 1377 2221 133 werck luyden soude implogeven als altijdt de woorden te hooren ghij

1061 1449 2341 135 blijft daer bij dat het sonder reden is, & iete wille oock wel seggen dat noij

1058 1566 2177 114 bueken van ue gehadt hebbe oft daer was icteft wat van clagen

1060 1644 2334 138 in begrepen van andere vvinden hoore nwyt iet van claghten gnochtans

1062 1787 2217 136 recomanden de goederen voor ue particulier om dat ue soo vies is

1073 1876 2316 121 ick hebbe sekerlijck niet vergeten 2 b van de bale N.57 af te trecken

1077 1951 2276 152 maer wel met voor daghtaghter gelaeten om dat die contant betale

1050 2069 2344 139 & ul remises voor de selve sullen niet betalt woorden als op 23 depu

1060 2145 2198 123 aenstaende soo dat bij de 2 maenden in verschet ben beven dien

1062 2268 2276 151 verdiene huel dobbele proviis met de bale naer brugge te senden

1046 2355 2353 166 daer over te couresponderen & veele poerten van brieven van 2 canten

1071 2435 2316 184 op vallen daer ue niet mede belaste nochte met  eggene brieven

1047 2544 2372 173 dat uk in de gesondene rek courant soo sal bevinden voor desen hadde

1058 2644 2310 177 de rekk belast met den intrest van de penningen die in verschot

1067 2794 2301 111 waeren geweest gsoens hadde geen rabat voorrontante betalinge

1069 2846 2286 183 qul siende sigh daer wat tegens waerom als dan aen de makers

1047 2956 2302 168 seyde dat sy maesten waghten naerhien gelt tot dat ue remises

1079 3083 2310 155 in cassa waeren gom dat die lheyden altijdt verlegen sijn om gelt

1069 3157 2261 190 seyden mij den intuest souden vergoeden om hun gelt te hebben

1083 3258 2316 176 hebbe selfs uk daer kkennisse van gegeven & als daer ontrens gelt

1093 3364 2322 150 van ue in casse hadde oft dat ick remises kort quamen te vervallen

1098 3513 2258 104 hebbe het rabat selfs op de facture gescont que laeten geieten

1081 3592 2251 172 op de maiee gelijck ue sachaiteert soude qualijck den intrest

1093 3673 2326 181 van mijn gelt hebben &de proviie toegelven ue gelieft te ordonne

1083 3823 2338 110 s00 stucken tijken tot de prijsen als voor desen met 2 rabat

1104 3912 2261 117 waer op tot antwoordt segge dat de tijken gemonteert sijn als

1089 3993 2239 170 aen den voedt deser contant betalen sonder een ssuyten voor

1098 4076 2326 176 contante betalinge af te srecken hebbe mijn maker gepresentie

1090 4178 2273 184 den voorighen priys & contant te betalen onder eenigh rabat

1098 4305 2097 155 g heefficl ordre met willen aennemen gou dat c soo

1096 4382 2316 163 mogelijck is hebbe mets derven meer geven sonder ue ordre

3563 227 2440 138 waerem desen ul schrijve om sigh vervolgens te reguleren waer op ue

3563 324 2449 140 reolutie sal alwaghten bedanghe ul voor de moeyte die genoemen hebt

3564 405 2390 150 van m delpesch te betalen qui voordt gecrediteert voor de 8 ƒ5 e

3557 480 2477 172 terliwe a 36 p de wissel in pt:11 qwaer in ue angen aengenaemen

3545 575 2473 160 duist can doen gelieve te comanderen die naer cossiae groese p blijve

3589 701 842 154 3 segels ft ƒ12:-

3589 803 814 174 segels  „00:-

3583 907 804 172 graot loot ..„10:

3585 999 909 199 ¼ groot laet„ 8:2

4907 1072 858 201 Adij 12 sber 1722

3439 1095 846 194 London &hr. Roger Coote

3561 1208 2459 179 p 22 pass was aen u mijnen laesten waer aen mij gedrage dert geene

3567 1359 2462 137 van ue ontfanghen desen tot geleyden van d'ingesloten factiure geoghesen

3547 1437 2391 105 van eene bale met 110 stucken monterende en wissel gelde ƒ1150:007

3557 1529 2456 149 opgepackt g gemerckt .N1e geladen int schip van frans moentact

3521 1631 2471 142 die van brugge naer oftende is ventrocken om den eersten goeden wiit af

3547 1706 2480 200 te waghten gods geleyde hem in salva glaete ue dese goederen wel geconditie

3544 1874 2459 126 terhant somen & voor het begnsel een goede abance bij halen & soo dainge

3553 1921 2444 176 presperitijdt dat die negatie voor iue van groot gevolgh magh wesen dat

3560 2075 2397 107 eel van herten toelvenscke de tijken sijn gemonteert ghebbe comisseen

3550 2186 2338 113 van andere vrinden becomen die niet volbrengen can sonder hen

3555 2267 2460 159 voordere ordre & hebbe de groofte moeyte gehaet om dese partije noch op

3541 2329 2509 178 den ouder voedt te becomen dat de reden is waerom met eerder opgepackten

3563 2474 2434 153 gversonden waeren ickeu leydt geen preseditie de minste prijsen

3559 2566 2465 145 van de sijken sijn als hier onder tot ul naerright ul rck is gecrediteere

3564 2657 1022 168 voor het slot van de comp.

5328 2676 475 151 ƒ 188:8:6

3569 2763 539 127 voor den butset

5340 2792 397 129 „ 267:17:

3551 2853 1300 194 de remise op de feer  £12: a 36 ƒ

5324 2895 397 128 „ 529:12

4949 2998 861 192 samen ƒ 585:13:6

3570 3068 2391 215 In wissel gelde & sal ue voordere remise afwaghten als met mijnen

3571 3225 2444 149 voorighen geschreven qei afwaghtinge blijve naer presentatie van dinst

3557 3297 1087 157 qee vrindelycke groetenisse

5343 3329 652 186 Ady 14 sber 1722

3473 3386 988 176 lier marge sujers taselveresse

3561 3451 2465 186 op 15 pass was aen ue mijnen lesten, waer bij ul adviseerde dat geen

3563 3620 2409 124 penningen meer schieten coste, om reden van eenige andere groote

3553 3716 2502 118 imployen die gedaen hebbe, & dat ter contrarie ten langhttern e

3539 3780 2483 130 tegens bamis een somne van mijn bafelbrieven moeste geranbour

3571 3852 2459 145 hebben, daer op hadde al verwaght dat ul: mij soude gelt gebroght

3571 3952 2434 171 hebben, & vermits mijn tijdt begint seer sterck te korten, soo moet

3569 4050 2397 175 ul dese wesse mij gelt fournieren, om dat betalen moete, & noet

3559 4186 2437 117 genoech in casse hebbe, hier onder heeft ue: de notitie wat op

3541 4245 2477 172 de tufelbrieven geavanceert hebbe, & ue moet mij ten mircken

3559 4341 2465 160 des duysent guldens wissel gelde voor banus of betalen, synde
