8399 4774
1032 338 1262 116 50 ¼ groot loot 10 smal 10 breede

1021 428 1246 153 20 ¾ (groot loos 16 sual p breede

1020 517 1252 158 10 3 segels moorsens Blaeue & wit

964 625 291 145 80ps

988 622 2298 216 6 ps naer dit ingesloteen stael & bij faute niet gemackt sijn de

995 756 1834 165 selve te lasen masen tegens eene toecomende ordre

2542 845 647 154 Adj 12 april 1724

1022 889 751 144 London John Hatuall

1006 936 2270 169 ls aengenaeme van 23 pass. C.S. gpel ontfanghen daer bj ordre voor

1009 1026 2239 197 8ops tjken die soo shaest mogelijck sal besorgen & versenden dogh

1027 1112 2224 186 can die niet minder becomen als de laestte bale N.43. ul: gelieft

1002 1177 2277 205 te seggen dat 2ops ¼ 3 segels soude bespreken tegens ul naeste ordre

1022 1274 2296 155 van beceeding mee ue: seght niet oft het schoe omps moeten sijn oft andere

1013 1350 2307 182 ordinnaire Cost wel naer ul: staeltien waer op breedere geplicatie gelieve

1015 1441 2162 174 te geven, de 6 ps naer het staeltien sal capres laten makon ue

1039 1503 2224 201 remises op frans: Kint tot Bruxelles is hier op 8 deser promt betaelt

1030 1580 2343 224 & hebbe ue daer vooren gecrediteert in wisselgelde ƒ1000:10 & de remises

1023 1691 1798 183 van £100: op pedto van diest, & ditto Borgpamandat

1033 1752 2373 228 5 ditto„ 50:- op amandes iuntrechts tos brukellen sijnde beyde geaccepteert, & twijfele

1040 1835 2330 189 niet oft sullen promt betaelt worden ten verval dage op 19 meij toemede

1019 1923 2261 196 den wissel brief door S. Henrij keicks op 18 febru lest a.1 getrocken

1047 2014 2196 215 op 2 usos ten laste henrij haydon tot brugge hebbe terugge becomen

1032 2101 2263 212 met profest tegens d. haydon & volgens het adres to m: nckd taylor

1047 2177 2323 184 is door ditto taylor geaccepteert dogh tis te bedachten dat ten verval

1044 2248 2234 208 dage niet sal betaelt worden ben verwondert dat ue denek dat die

1049 2335 2351 206 brief geindorseers hebt aen mijn ordre dat niet en is, daron bidde op

1048 2429 2316 224 ontfangh deser den seconda te senden want vervalt op 29 deser darom

1065 2511 2251 258 geen tijdt te verliesen & gelieve mij te crediteeren voor ƒ 1:4: de

1049 2649 2224 182 mijn vriendt tot brugge voor het profest tegens hayden gedaen

1060 2714 2356 205 betaelt heeft den seconda wissel brief dan met verlangen afwaghtend

1053 2793 2153 216 benevens d'eere van ue comande blijve naer seer coeale groet

2481 2896 665 150 Adij 22 april 1714

913 2969 824 178 Deulen dhr Gerard meuser

1119 2996 2295 177 Dp  deser hebbe mij d'eere gegeven aen ul te schrijven met versoecke

1079 3066 2293 157 van mij een haem van den besten renschen wijn overmoeseler toe te senden

1080 3141 2268 185 referrere mij voorders aen den selven sedert hebbe het geluek niet gehadt

1074 3220 2351 181 ceinge van ue: misive te becomen verhopende bchter as: & familie noch

1073 3313 2325 187 in goede gesondthjdt sijdt & dat de meinghvildige affaires ul: belet

1087 3368 2334 220 hebben mij een wordeten tot antwords te laten toecomen oft wel dat

1091 3462 2327 203 ue ayt tor stadt sal geweest sijn & terwijlen geen staedt can masser

1091 3540 2268 239 op mijn versoeck voor aleer ul antwordt became soo neme de

1079 3634 2339 197 libertijdt desen ander mael aen ul: te schrijven beddende de goethejd

1079 3719 2342 200 te nemen van mij op ontfangh deser te adviseren oft al iets paycke

1084 3802 2340 252 soude connen toe senden van het goedt gewas want soude geirne daer

1102 3895 2326 202 eer van haelen & ul: weet wel dat den wijn de meeste honneurs de

1096 4007 2316 192 op een maeltijdt het zesoen begint al wat te verloopen darom

1113 4065 2298 217 bidde van geen tijdt te versuymen int versenden van de haeme wijn

1105 4151 2324 197 mijn lieftte maeckt staedt van binnen & naer ogen te vertrecken om

1086 4255 2275 207 de wateren te gebrugken & het soude bightelijck connen gebeutent

1077 4357 2280 195 dat sij een fourken naer peulen soude comen doen als wanneer

1103 4431 1969 213 sij niet mangieeren sal van ue te comen besoegen

3595 262 2473 142 ick can met mede comen om dat men mij tot den aclemoeseniers dinst

3583 319 2478 128 vercosen heeft die mij dagelijckx in groote occupatien stelt mevroues doedt ue

3585 413 2484 134 & gamile seer vrint groeten gelijck ick mede ben doende &hebbe d'eere van

3591 517 233 110 te syn

5235 502 688 186 Adij dM avril 174

3467 562 793 158 Endon dhr. John Tatuall

3610 635 2364 176 Dp 12 deser was aen ul: mijnen laesten met advies dat ul de remise op

3579 685 2480 174 henrij haydon die op 29 deser vervalt niet hadde geindorseert wil hopen ue die

3589 832 2422 145 brief voor nu sult hebben ontfanghen & dat den seconda wisselbrief met

3587 861 2476 200 behoorelijck indorsement al sult hebben afgesonden om bij tijde het noodigh

3571 1008 2396 153 daer vooren te besorgen can niet gelooven dat sal betaelt worden de

3593 1017 2459 239 geordonneerde bops tijsen sijn op 19 deser opgepaekt & naer brugge versonden

3562 1145 2511 191 soo haest de oncost rek. besome werdt aen ue de facture met het pogno

3568 1244 2447 214 toe gesonden hebbe den maser ul: gesondene stael laeten hen die mij

3570 1337 2496 211 seght dat hij den eenighsten is die die gemaeckt heeft het sijn 3 segel

3576 1443 2464 183 moeten 1o a 12 st p ps meer costen als de ordinnaire trepen al noteert mij

3578 1556 2479 158 niet oft die 6ps volgens dat stael &oft ½ 3 segels moeten sijn warom

3539 1609 2464 212 de selve niet heb derven int werck te lasen stellen hij heeft mij aps

3594 1731 2466 212 gesonden naer dat stael & 3 segels darom bidde op ontfangh deser mij de

3574 1851 2487 137 lasen weeten wat sorte het sijn moet den masser seght noch geen

3570 1960 2443 140 & 3segels daer af gemackt heeft maer alle & 3 segels tot ue: governo

3587 2010 2367 168 ue attwoordt cito hier op afwaghtende blijve naer seer vrin groet

3586 2163 2471 127 P.S. mijn heer bidde al: seer vrindelyck van twee mans sack hoorolgge

3594 2243 2474 154 te laten maken vanden Besten meester segge silvere sacchoercogien

3583 2328 2474 162 ider met een silvere geting alles naer de uste mode daer is tot london

3603 2429 2372 175 eenen hoorbligie maser windenills die se seer goedt maecket hebbe

3591 2505 2415 183 differente van sijn werck gehadt darom bidde hem te imployeren

3611 2586 2369 188 & de selve te proberen oft die just gaen sal p mijn naeste aen ue

3598 2701 2409 196 schrijven op wat maniere die te versenden occuseert dese comissie

3625 2832 2237 137 & als oock ul dinst can doen gelieve siber te comanderen

5250 2893 733 176 Adij 23 april 1714

3500 2932 1175 173 Brugge dhr Jaurenme van Bentergenn

3593 3064 2459 132 Beyde ue mij seer aeng van 18 & 30 passt sijn mij op sijn tijdt wel gewor

3635 3111 2432 137 wat aengaet het betaelt profest tot laste van haydon versckere ue dat

3617 3234 2425 147 hier het gebregern is dat den genen die den brief vereert het profest

3618 3298 2425 197 mede betaelt oft a costy sulx int gebruyck niet en is wil dat met

3628 3429 2379 127 bedispcteren hebbe dan ue voort selve gecrediteert bij ul laeste

3620 3478 2451 179 become de quitantie van d' heeren roes voor £810- 8n wisselg

3626 3577 2423 154 waer vooden ue: oock gecrediteert hebbe & bedancke af: hertelijck u

3610 3671 2448 214 die genoment moyte, desen principael om ue: te adviseren al

3627 3806 2437 106 dat op gisteren  ul: toegesonden hebbe een pack B. N° 44 phonc

3435 3908 60 76 ƒ

3635 3870 2428 141 saghensigh stucken tijken dat vervolgens gelieve te derclaren & p eerste

3643 3956 2429 140 vertreckende schip op london te versenden &te adreseren aen dhr john

3631 4059 2412 155 basuull & aen mij de on ust res benevens ognossement te lasen

3635 4177 2291 142 toecomen waer mede het selve afwaghtende blijve naer seer

3658 4270 881 169 vrindelijcke groetenisse
