8330 4706
2581 250 703 119 Adij 26 meert 1724

874 258 974 141 Piert margo suyers tafeliereste

992 376 2287 99 op 24 deser hebbe aen ue geschreven & versoght ten langhtten op heden met

980 426 2330 100 gelt over te comen, om reden als dan vermelt & in plaets van ue hier te lien,

985 522 2330 125 soo ordonneert noch aen Jacobus gobbaert te betalen waer over seer verwondert

1002 591 2245 125 ben, un moet weten, dat het mn onder het ondt niet sal laten loopen

1004 678 2059 137 & mij compt van ondis noch ƒ8215:6 sonder den intrest te weten

980 803 1360 153 ƒ 1357:18½ tafel brief van Jacobus anne

994 882 1093 134 ƒ5930:12 ½ ditto van diricksens

999 951 1547 141 „ 1426:10 - ditto van Jacobus van der stappen

967 1067 769 172 ƒ 2417:0 want gelt

1019 1137 2285 181 ue maeckt geene mentie in ue brief van gisteren dat mijnen voors ul,

991 1274 2277 147 geworden is, oock noteert niet hoe veel aengobbaerts moet betaelt worden,

949 1361 2216 103 voor sijn eerste t weede payement boven dien is diricksens bij mij

979 1411 2266 230 geweest, oock om sijn tweede payement, & men seght mij dat u jous

1005 1548 2292 154 niuwen huyke oock bij mij bewesen hebt ick hebbe d'eere van ue met

964 1608 2332 183 desen te laten weeten, dat niets betalen sal voor dat de voorige tasel

1019 1697 2095 183 brieven sult hebben ingetrocken ende voldaen, & dit geefertueert

1004 1795 2272 171 hebbende sal wederom betalen, dat ue ordonneren sal al waert het

1004 1890 2267 212 op den selfven dagh, is uls niet wel te passe soo can mejous ue

992 2021 2267 144 dochter wel comen met het gelt & sal dat morgen, oft over morgen

1015 2091 2271 214 verwaghten & bij faute soude genoodtsaecet sijn, selver over te coman

1014 2206 2248 135 want ick moet van de voors somme vodaen sijn, om reden die

1014 2325 2238 148 ue mondeliute geteydt hebbe, & ul heeft mij dat voor seher gelooft

992 2439 1920 146 dit dan met groote patientie afwaghtende blijve naer

1022 2559 680 147 Cordiale groetenisse

1026 2595 2062 160 niuwen huyse heeft oocks aenstonts bij mij geweest, & hebbe hun elle

2745 2703 423 159 Ady 26d

1028 2723 1273 164 wijtgestelt tegens vrijdagh tot u naeright

833 2838 807 147 Mons Picolas hamalt

856 2907 2418 154 en suite a lhonneur de la vre du 12 courant, j'aj tirez aujourd huy sur

1039 3013 2265 148 vre grace la somme de deux cent septante florins argent de change

1035 3086 2307 144 a deux jours de date, payable a l'ordre de mons. frans. van de wijngaerdy

1046 3177 2278 144 vous priant de faire honneur de ma traitte elle servira pour quitance

1037 3329 834 125 absolue jusqua ce cours

1054 3375 2268 156 ie n'ay pas trouve raison pour dininter la moindre chose a contraire

1045 3433 2282 207 pour vous dire le vray, j'aj plustoit perdue, a la marchandise que

1039 3556 2294 199 ie vous ay envoye, que ie profiterois bien p le long credit & le peus

1034 3659 2294 198 de gaigne vous pouvez bin considerer que si jaurois peu profites

1026 3823 2220 109 lenterest de mon argent que ie naurois pas quitte la ne

998 3838 2267 192 e sarqes, si ie vous puis rordre service avec quelques perpit.

1033 3962 2248 167 soit noires qu blanchres, ayez la coonte de me comander & suis

1058 4111 1280 145 avec offres de mes services & de coeur

5276 207 659 144 Adij 28 meert 1721

3380 239 969 189 Turrnhoudt wed: Jan B robert

3494 329 2366 139 hope uk wel thuys sult aengecomen sijn, hebbe brieven van mijn vrindt

3492 425 2394 162 die ue laette gesondene tijken heeft ontfanghen & noteert mij, dat aen ue

3508 504 2407 154 seggen soude, dat die goederen soo goedt niet syn als de voorgaende, is daer

3507 636 2434 122 over gettoort ick sien nu wel, dat maer baedt soeckigh sijdt & dat die laeste

3515 722 2434 122 maer geleurt goedt is, al hoe wel, uk gestoeft heeft van schoon goedt van

3495 800 2434 130 sanis goedt is ij dat noyt geschreven, op dese maniere salt met uk haest

3493 886 2373 114 gedoen sijn, soo soo voorts gaet ingesloten aen den voedt deser notitie

3519 979 2431 132 voor 15 stucken die cito gelieve te senden, tis voor den selven vrindt, & soo

3517 1090 2367 144 uy nu doedt als de voorige partije peyst dat het laeste sijn sal hebbe

3519 1177 2437 126 noch geen ordre van den vrindt die de  groot loot bij provisie gendoneer

3509 1278 1889 163 heeft de tijken te gemoedt siende, blijve naer groetenisse

3635 1366 536 133 20 ½ groot lost

3616 1462 551 156 20 3 segels

3619 1556 619 165 15 ¾ groot loot

3639 1661 536 179 20 ¾ 3 segels

3624 1730 1654 211 75 ps. geaslorteert  smalle  breede stoepen

5398 1833 470 154 Adij 28 d

3430 1882 1055 175 bugge laurena van Zentergent

3521 2015 2385 110 ue aengename van 14 pass wel ontfanghen, daer bij den wisselbrief van

3486 2075 2422 117 £100:- st met belhoorelijse acceptatie te rugge, als oock de oncost ik

3512 2154 2413 157 op de bale tijken N.17 bedragende n wissel gelde ƒ 17:5:6: waer vooren

3517 2263 2456 121 iue is gecrediteert desen omul te laten weeten, als dat tegens het eynde van

3504 2339 2437 149 de haeste weeske een paes tijen gereedt sal hebben, daerom gelieve mij te

3522 2421 2429 144 nsteren, oft het presseert om a cotty op london geladen te worden, & versoecke

3498 2535 2306 143 den jn geleijden wissel brief van ƒ 704:19 wisselgelde, ten laste daeer

3502 2619 2445 171 Coupenolle te laten accepteren & by faute, 'et be laten protesteren, my

3500 2703 2429 194 rugge t senden ue missive te gemoet siende blijve naer vrindelyke

3506 2867 397 154 groetenissen

5380 2852 447 163 Adij 28d

3416 2951 897 180 Brussel Henries Borremans

3525 3030 2424 155 op 15 pass was aen ul mijnen laesten met advies, dat aen ul toegesonden hadde

3510 3171 2434 104 3 perpetuanen swerte, van N.1. niet twijfelende oft de selve sullen ue wel ter hant

3516 3226 2449 131 gesomen sijn, voorders referrere mij aen den selven sedert geene van uls ontfangen

3497 3319 2370 126 de swerte perpet: van N. 30 sijn gereedt, als oock noch andere soorten, gelijck

3481 3423 2465 109 deere gehadt hebbe, ue met mijnen voorigen te noteren derhalven verwaghte

3516 3513 2327 147 in1 antwoort tot de vesendinge & waetr in ue 1 eenigen aengenamen dinst

3495 3613 1969 173 can doen, gelieve liber te comanderez die met affectie blijve

5372 3671 440 162 Ady 29 di

3455 3716 999 144 London rebeccre hanulton & Cooste

3543 3800 2443 143 ick aengename van 20 deser 8:3. wel ontfanghen, daer benevens remise voor ƒ704:19

3540 3887 2434 154 wissel gelde, op 6 dagen naer sight, ten laste dheer giilis van Coppenolle tot brugge

3535 3975 2379 131 iul antwerpen te betalen aen mijn ordre, welke om acceptatie hebbe versonden,

3547 4074 1651 141 betaelt sij de wordt ul voor die waerde gerediteert

3530 4096 2480 187 de ordre voor 25 ps. tijken, sal op het spoedighste volbrenghen, & kope de naeste

3529 4243 2477 135 weeke op brugge te versenden. ben verwondert dat ul. gelieft te seggen, dat

3538 4341 2447 132 de laeste gesondene tijken, soo goedt niet sijn, als voor desen, sijnde van mijn
