9324 4740
3629 258 687 105 Adij 31 meet 1724

1730 280 743 148 Doel wedue le bage

1931 335 2384 146 op 6 febru pass hebbe aen ue: eene missive toegesonden, door den procureir

1904 431 2346 171 Braey die niet twijfele, oft ul wel geworden is sedert van ue niets

1915 482 2398 187 vernomen, dat de reden is, desen aen ul andermael schrijve om noch maels

1938 600 2255 198 ue te versoecken, van niet langer uyt te stellen van het iaer packt

1918 702 2420 154 verschenen & amis 17 22 te comen voldoen, sijnde seer geturpreneert dat soo

1926 754 2373 228 langh hebt getardeert te meer om dat ue de vrughten van twee saren al

1907 851 2230 258 genoten hebt, & het derde jaer vought op het veldt staedt ul: is wel

1923 942 2421 255 indachtigh, dat ue gratiendelijck getracteert hebbe, voorleden jaer, als ue

1923 1020 2399 239 het ian packt verschenen 1725 hebt betaelt daerom hadde verwaght dat

1921 1157 2341 221 u dit jaer soude geconsidereert hebben, & terwijlen ue genoechtaem

1930 1231 2277 230 sdedt dat met alle bedenokelijcke consideratien handele, soo bidde

1934 1324 2404 221 toecomende weeke over te comen, om het jaer packt 1722 te effenent

1937 1412 2165 227 dit van ul: verwaghtende blijve naer seer minsame groeteniss

3528 1560 635 172 Ady pm april 1724

1783 1614 726 170 Leulen Gerard clleuser

1950 1634 2223 243 en lange het geljck niet gehadt aen ul te schrijven, bij faute van occasie

1937 1745 2334 211 verhopende ue & fannilie noch in goede gesontijdt sijn, & some p desen ul

1949 1849 2398 238 vrindelijck versoecken, van mij een hame rjnschen wijn, overmoeseler toe te

1948 1953 2185 211 senden, van den alder besten, wille wel dertigh s daer aen besteden

1944 2043 2276 224 moete een groote teltijn doen, & dien wijn daer toe laten dienen, daerom

1948 2146 2238 232 bidde het exquieste uyt te soecken mijn geheele op ue: hier inne

1948 2244 2288 214 vertrouwende blijve niet presentatie van mijnen dienst & groete ick

1962 2347 2139 192 hertelijck benevens ul: beminde, tgene mijn liefste mede is doende

3592 2420 733 181 Adij 3 april 1724

1812 2493 979 182 Brussel Sterphano Rousseau

1928 2547 2334 210 depuis que j'aij eu l'honneur de vous voir estant a  uzelles rien de

1980 2630 2219 202 vos nouvelles, cette ne servira que pour accompaqne linclure

1964 2732 2320 215 assignation sur mons. Jean de broe, pour la somme de cent soisante

1972 2841 2133 253 & un florins, dix pattars argent de change, vous priant d'en

1990 2943 2303 218 procurer le payement, & ue croire que ie serray en tous occasions

1965 3124 326 147 de coeur

3506 3126 673 186 Adij 8 ditto 1722

2069 3154 980 223 Lohn, engepons & yo Edwads

1988 3318 2319 130 p19 pass. was aen ul: mijnen laesten met advies als dat mijne

2016 3373 2244 177 st £500:- oostindia comp aetien tot amsterdam verkoght hadde tot

2002 3489 2299 112 150 te te leveren op 20 deser voorders referrere mij aen den selven desen

2004 3546 2235 145 dan tot geleyde van mijne ingeslotene procuratie om de selve te

1995 3629 2162 191 transporseren aen die gene dh fran. rousseau onder wiens couvert

1981 3722 2166 165 desen ul: toecomen sal ue sal ordonneren dogh geen transport

2005 3835 2239 128 te doen voor dat ul: de sonie van seven hondert & vjssigh ponden

2021 3933 2219 150 sterhux daer vooren sult hebben ontfangken gelijck aen ue met

2000 4010 2213 159 mijnen laesten daer sargo hebbe over geschreven waer naer

1997 4113 2181 179 gelieve te reguleren ben gesurt dit papitael in andere fontsen

2009 4230 2282 106 te imployeren dogh sijn present te hoogh, soo sal d'occasie daer toe

2024 4306 2165 137 afweghten n twijfele niet oft ul sal mijn den intrest van

2013 4390 2322 156 van 3 Pr u rabo van tijde dat ue peningen onder ae sullen blyven

2016 4508 517 82 laten balideren

4505 237 2506 116 gelijck voor esen Biddende van mij advies te geven als die capitale so

4493 311 2548 116 sult hebben ontfanghen & mij eens ue sentiment te laten weesen wat sontse

4496 434 2446 107 ue het beste & avantagienste oordeelt om een goet amploy te mogen doen

4502 492 2506 150 ingevalle die penningen niet meer als een mandt onder ae blijven sal niets

4510 560 2563 130 voor intrest pretenderen maer wel soo het langer tardeert eer daer van comen

4505 667 2528 125 te disponeren gelijck ul voor desen mij voorschouden hebt waer mede d'eere

4514 757 2474 164 van ue antwords afwaghtende van t gene sal sijn gepasseert blijve naer

4502 840 705 138 seer insaeme groet

4543 949 57 60 ƒ

6263 875 696 205 Adij 6 april 174

4410 900 939 191 Auss franco Rousseau

4506 1083 2503 131 ul: mij seer aeng van 3 deses wel ontfanghen: daer bij verstaen als

4500 1145 2531 135 dat den cooper van mijne stt £500:- engelsche oost endie comp actee

4499 1266 2389 135 bij het transport contant gelt sal betalen 150 b volgens den vercoop

4515 1344 2496 129 ingesloten een bief aen d'heeren john schoppens ajon Edwards tot london

4515 1447 2506 126 waer inne mijne noodige procuratie is om die  £800- actien te transporteren

4499 1514 2497 126 aen den genen ue hem sal ordonneren ul can den cooper adverseren wanneer

4515 1611 2421 114 uy: aen d'heeren schoppens & Edwards ul ordres sult afsenden op dat hij ter

4500 1675 2491 141 selver tijdt de sijne mede magh versenden & soo te gelijck tot london mogen

4511 1771 2516 124 aencomen dit geschiet sijnde sal van ul de notitie van oncosten in hollants coud

4515 1879 2436 121 verwaghten alsoo in banco met ul geene rek. hebbe, voorders ul: gelieft te

4505 1980 2490 100 seggen als dat geen omploij voor mijn penningen vinden cout ten ware

4506 2039 2513 154 ue in den verloop des comp. iets doen conde ben te vreden die aen ul te

4511 2163 2525 131 laten voor den sijds van een iaer tegens 3 p cento soo ul: die selfs quame

4498 2246 2458 104 te employeren dogh aen mandt anders niet waer op ul resolutie sal

4508 2349 2481 155 verwaghten ul moet sijn beste doen om door aeterboom accoman tot

4512 2427 2438 177 reden te brengen wel sijnder weijnige oft geene rechten betaelt geweest

4508 2537 2510 158 soo veel te avantagieuser is het voor den cooper hij heeft immers van

4506 2633 2496 159 ue: de facture ontfangen & de goederen op dien aengenomen soo is

4514 2741 2421 151 het dispaet onredelijck & sonder grondt aekerboom heeft mij geseydt

4510 2810 2506 160 dat hij keen biehtelijck can doen betalen om reden hij hem noodssakelijck

4525 2946 2398 123 & soo hij hem maer eens soude spreken de voldoeninge sonder faute

4506 3012 2437 156 volgen soude soo ingevalle aeserboon sijn devoiren met doet moet

4513 3120 2516 148 den eenen soo wel als den anderen van quaden wille sijn daron siet

4510 3201 2409 157 te doen het beste mogelijck al soude iets moeten laten vallen

4521 3276 2468 128 om van die sake een sijnde te hebben waer op vertrouwende blijve

4531 3391 901 160 naer seer vrinde groet

4416 3458 798 165 Turnhout Egrdius Sanen

5943 3452 675 169 Ady 10 avril 1724

4523 3552 2506 149 sedert dat ul saster ditterente reysen bij mij heeft comen vragen oft geen ordre

4529 3660 2512 108 hadden an tjken hebbe gisteren een ordre becomen voor 80ps dogh hij wilt die goederen

4532 3774 2497 105 minder hebben als de voorge partije seght de garens & lijnwaeten af geslagen

4525 3858 2459 119 sijn & dat hij de tijzen van rotterdam laerder & fijnier becomt daron gelieve

4521 3945 2496 122 de selve cito mogelijck toe te senden & te sorteren als hier onder hij versoecket

4531 4004 2449 149 dat bespreken soude 20¼ 3 segels van cen aetmantende fijnte a wistegheydt

4540 4065 2485 170 & sekoon coulaer tegens sijn naeste ordre als mede a ps naer het ingesloten

4539 4163 2447 172 stael fijn & schoon couleur sal alles contant betalen waer op staet

4521 4260 2167 168 moeght maken dit van ul vertroutvende blijve naer groet
