8392 4747
2566 280 677 150 Ady 24 jauu 1724

797 295 1116 150 Amst dhr Drancisco Rousseau

1039 366 2146 137 16: aengenaeme van 27 deses wel ontfanghen waer bij ue gelieft

1022 451 2208 154 te seggen dat geljck cont voorsien van de ƒ180:3: die se haectman

1028 541 2325 155 noch moet betalen niet van sal comen wat reden ul heeft can niet

1032 630 2335 133 achterhalen ten ware die man buyten staet ware dat echter nmet wil

1024 744 2306 133 hepen voor den quaden wil is het reght van ettitie darom soo

1023 820 2281 146 langh die man in goede repitatie is moet men aen praemen p

1027 933 2306 114 rechte ofte daer buyten twijfele oft ul niet alse veel consideratie

1031 1008 2182 101 voor hem hebt oft mischien s aeterboom waer door ick soude

1016 1092 2280 154 comen te lijden onsidereert d'avance die daer aen voor mij geweest

1024 1171 2357 175 is & soo langh het capitael sonder empley boven dien de schaede

1022 1285 1985 139 op de wissel die nu wel 1½ ubr t mjnser preceditie is

1049 1367 2277 170 versoeckende dan ul uytersse devoiren te doen om de betalinge

1022 1468 2199 182 te becomen op d'een ofte dander maniere soo gereghtigh syn

1025 1566 2335 194 sien uyt. d'hollantsche garetten hoe dat de oostindische comp

1033 1675 2187 126 aetien van london a cossij gemonteert sijn a 148 & 119 p

1050 1803 2199 137 & vermits daer bij geintcresseert ben voor vjt hondert pouden

1047 1856 2331 193 terlinn actien soo soude wel inlineren die a costy te versoope

1023 1973 2315 124 soo ul: die tot honders evjssigh p cento conde aen den man

1056 2061 2113 173 helpen mits dat het divedent verschenen aber passsa

1045 2143 2323 173 t mijnen profijte blijve gelieve die vjfhondert pouden aetien

1057 2251 2306 187 voor mijne ick te coen vercoopen ten prijse & canditie hier

1046 2339 2211 198 vooren vermelt mijn broeder peero geeft heden aen ue

1000 2469 2246 176 de selve ordre can efectueren gelieve my te neteven

1055 2588 2160 147 oft wel aen mjn broeder tgene noodigh soude wesen

1048 2667 2078 141 tot het tranporteren van die aetien bedancke ue

1047 2760 2338 204 hertelijck voor alle ue goede toewenschingen in dit loopende

1052 2891 2198 147 muu jaer & wensche ick andermael alle benedicteen

1048 2997 2162 131 int selve besonderlijck in u enterpriese die verhepe

1055 3098 2287 174 int cort tot ul geleeef & contentement sal voltrecken

1052 3176 2209 153 wesen waer mede naer presentatie van dienst & seer

2664 3301 680 184 Adij 6 febru 1724

1076 3325 1069 169 mensaeme groet blijve

902 3408 785 187 Diel de wedue le paye

1063 3459 2339 229 in lange van u8: niets vernomen, hebbende in hope geweest dat ue. het iaer

1049 3543 2266 259 packt verschenen banus 1722, soude hebben comen voldoen, & vermits de

1046 3671 2297 207 granen nu al daer ontrent, op sijn prijs sijn gecomen, soo wille niet

1062 3789 2218 196 twijfelen, oft ul: van die marten sult hebben geprofiteert, & dat de

1066 3923 2280 152 penningen sult gereedt hebben, om het voors jaer packt te voldoen

1042 3998 2376 148 biddende dien niet langer uyt te stellen, considereert dat nu twee volle

1049 4132 2375 193 geeren verschenen sijn, soo dat het meer als redelijck is, dat ul schrijve

1055 4220 2269 155 sende desen brief p s Braey, om dat de schippers wat onredelijck

1065 4306 2304 190 sijn, & somwijlen de brieven noch niet bestellens sal echter uk: met

1058 4420 2357 143 verlangen afwaghten, waer mede naer seer cordiale groetenisse blijve

5173 240 869 156 Adij 7 febre 1724 233

3468 265 1080 151 Amsterdam D'H francs. Rousseau

3503 382 2566 171 d'eere van u6: mij seer aengenaem 27 passé op sijnen tijdt wel ontfangen

3527 470 2550 160 die niet serder hebbe connen beantwoorden om de menighvuldige ocupatien

3550 553 2445 158 die den dinst van den armen deser tadt mij aenbrenghen hadde aen

3555 659 2388 165 mijn Broeder pedro iclijn versoght als te noteren van mijn vat

3550 783 2503 93 hondert pouren sterlnx oostendische comp actien te vercoopen op

3569 843 2544 165 tijdt oft andersunts op de selve conditien oft ordre die hij al: gegevende

3555 927 2354 167 heeft voor de sijne dat met desen confiriere hij sal ul heden

3578 998 2492 190 antwoorden & naerdere instractien senden versoeckende voor mij te doeg

3567 1143 2429 125 gelijck voor hem segne tgene altijds sal approberen tis niet noodigh

3541 1202 2516 201 dat als aen mij daer over particulier schrijft vermits mijn voors broede

3564 1328 2554 146 mij genoeghsaem informeert en gene ul aen hem des wegen comt

3564 1431 2508 140 te noteren echter deere van ue miseve sullen mij altijdt aengenag

3565 1514 2398 181 wesen & hope int sors te verstaen dat si haeckman sal hebben

3573 1601 2513 182 voldaen waer mede naer presentatie van mijnen dienst & seer vrinde

3578 1733 277 145 groet

5291 1740 800 238 Adij 8 sevre 1724

3471 1818 1072 167 mont mad. la veufe caniot

3592 1920 2427 133 J'ay differre jusqu a present pour respondre a l'honneur de la tres

3562 2037 2532 162 chere & agreable vre du e court & j'ay l'honneur de vous dire que

3579 2163 2525 167 i'ay fait presenter vre assignation sur mons. Lemandes capitain

3571 2224 2507 183 dans la regiment du marques de losrirs qui ay donne pour responce

3569 2337 2518 197 qu'il et un proce a Bruselles & qu'au sibost qu'il aura gague

3577 2472 2503 117 ce proce qu'il payerez vre assignation ce pour quoy ie vous renvoye

3580 2567 2455 157 vre assignation cy joint vous priant d'en decherger nre compte

3580 2694 2437 130 jespere madi que vous aurez la bonté de me faire courter

3580 2815 2496 128 de l'argent p le messagier jonard cas ce fort disicile a trouved

3569 2881 2512 121 de messir de guerre je vous ay recomande mons: aythoveu mon

3584 2992 2483 164 amis le quel j'ay mis dans mes afaires si vous avez besoing

3583 3096 2398 120 la moinder caas chose je vous prie de me donner vre ordre

3589 3180 2382 146 & ie ferray mon devoir que vous serray servie a vre grand

3602 3319 2477 146 souhait vous souhaitant recmproque cette anne port heureuse

3609 3393 1887 175 core aussij ma compe j'ay l'honneur d'estre

3503 3487 936 212 Turnhout Cordiues Samn

5126 3514 817 161 Adij 11 febru 1724

3607 3632 2334 184 ue aengenaem van 16 pass op sijn sijdt wel ontfanghen

3606 3711 2439 178 waer bij ul de prijsen van de tijfen considerabel hoogher moteerde

3608 3840 2362 143 als wel te vooren betaelt hebbe hebbende daer over aen mijn

3609 3951 2186 118 vrinden geschreven & hun genoteert de prijsen te weten

3734 4056 952 151 & groot loot aƒ 90

3735 4114 2349 171 23 segels ...„ 11:E met 2  rabat voor contante betalinge

3743 4225 951 176 43 segels„ 130

3631 4319 2474 132 waer op eenen vrindt mij heeft geantwordt ingevalle IAp pieck

3621 4428 2036 89 minder wilt laten de onder staende ordre te leveven
