8324 4726
972 275 2447 161 Cincq cent livres sterlinx, si vous pouvez les avoir a cent un quart pl

979 339 2460 153 ou moins, ce n'est pas ne affaire, j'ay encor £500:- Capitall en annut

985 458 2453 157 eutre les mains dune autre personne, en vous recomandant mon ter

985 568 882 152 ie suis tres inserement

2652 534 789 229 Ady 25 febru: 172

813 625 834 208 London Samuel Swinfen

965 736 2451 241 le p. de mars 1727 fut a vre grace ma derniere, a la quelle ie me referre

946 887 2449 198 depuis sans l'honneur de la vre, quoy que j'ay este en attente, que vous

977 973 2448 231 m'auriez envoye une notice de ce que vous avez receu pour ion comte des

923 1104 2496 205 dividents, de mes actions de la comp. du sud de mesme de mes annuities

938 1180 2481 260 & quay que mon frere piere mlijn mat dit de vre port que la comp.

957 1307 2464 176 du sud ne payera le divident eschue le 25 sxbre 1127 qu'a raison de

973 1425 2473 236 2½ e ie vous prie p cette de m'envoyer un petit escrait de ce

968 1548 2468 211 que vous auray receu pour gnay, tant de l'un, que de lautre d'abord

968 1699 2445 119 que le predit divident schne 25 xbre 1727, sera satisfait, pour anioter

971 1793 2471 189 he tout de conformite. Comm le change n'est pas favorable, ie vous

974 1899 2451 196 prie de ne pas me remettre, esperant, que vous me bonne fieray un

974 2014 2467 212 interest de mon avance da raison de 3  p an, comme d'autres amis

993 2156 1852 215 me fout p en cette attente, J'ay l'honneurs d'estre

2642 2266 732 191 Ady 5 meert 1728

811 2272 847 212 Turnhout Jan B. robert

949 2379 2456 228 come p desen ue versoecken, van op ontfangh deser my tot te senden

893 2519 2542 214 Cde prijsen van 25: beste tijken, van ue ey gen maechsel, ue  moet die op

926 2636 2387 216 den alder laeghtten puijs wissel gelde stellen ooc met 2 p voor

948 2750 2413 222 contante betalinge afgetrocken worden, a l ordinaire waer naer cont

984 2876 1684 160 reguleren & ue  antwoordt afwaghtende blijve

2720 2937 693 205 Adj 1mar ris

809 2984 753 191 London John batuall

979 3039 2442 237 J'ay reccu en son temp les cheres vres du 4 gbre 1727 & 6 fevrir du passe, que ie n'ay

969 3204 2475 189 pas respondue a la premiere, ettoit pour ne pas vous charger d'esports des lettres mubi

955 3335 2488 118 & a la derniere, j'ay l'honneur de vous dire, que ie ne peu avoir les cotils a moins

960 3417 2485 189 prix, que ie n'ay vous ay marque le 2 d'aoust 1727 cependant si vous voulez

982 3576 2463 154 me donner vos ordres pour une bonne partie, ie ferray mon devoir pour les

973 3660 2481 118 oftenir au prix comme au pied de cette sur quoy j'aftendray l'honneur e

971 3758 2029 183 vre responce p le premier, estant toujours tres parfaittement

963 3861 1092 204 gread leadd.. a ƒ7:12

1712 3986 333 171 „ 9:12

992 3991 511 171 43 seales

988 4094 1107 172 ½ greud leads ..„9:12

978 4207 1124 256 3 sealis .-„11:12

5263 201 820 192 Ady 15 meert 172810

3454 251 1120 169 Brussel Jiel verhulte procurent

3480 314 2518 213 ue: aengename van 24 pass as op sijn tijdt mij wel ter hant gestelt

3540 435 2473 180 waer bij de copiye van de sehre van replicque op delatie van lede

3549 564 2408 171 ven wegens iverant gedient ul die op ontfangh aen dhe advocaet

3542 646 2442 216 van der voorst getoont hebben, waer op tot antwoorrt tayde, heb

3524 803 2493 176 stellen van duplicque soo niet presseerde & dat hier den tijet wet

3537 882 2393 190 hadde sulx te doen door de menigl valdige deeupatien die het

3527 1009 2527 200 sterfhuys van meyruss sijne moeder saliger aen hem quiamen te

3548 1120 2567 202 geven ditto heer is de voorleede waste van hier naer costij geregt

3501 1215 2457 235 shebbe aen hem ulle de pappieren ter hant gestelt des halen

3561 1335 2536 204 ingevalle het stellen van duplicque presseert gelieve sogh bij hem

3539 1450 2498 257 te addresseren de noodige inttructien oft duselveque van hem

3532 1572 2565 206 te versoecken mij geheeel ofp ditto heet, & ul vertrouwende blijve

3520 1683 1544 235 P versoeckte mijn respect te betooren

3559 1808 2335 215 aen dhe van de voorst twlck mij leffre made is doende

5291 1907 715 233 Ady 9 april 1728

3463 1980 917 201 Turnhoudt  gidius sanen

3570 2119 2472 192 eijndelijck op mijnen laesten brief naer engelant gesonden te come een

3579 2222 2439 161 ordre voor 100 ps. tijken & al soo ue: noch wel preferreren wille voor

3559 2328 2503 221 andere & dat niet twijfele oft sult van uen alder beste goedt senden,

3568 2417 2499 221 soo gelieve die 100 ps. te besorgen, ten pryte gelijck ue suster saliger

3595 2587 2385 150 mij heeft voor gestelt, & de selve  eerste mij tie te senden y in

3566 2694 853 202 afwaghtinge blijve

3592 2808 1925 201 40¼ groot loot 20 scalle 20 breede oƒ 2:12

5173 2931 379 150 19:12

3634 2943 1115 203 20 ¼ groot lost 20 malle

3641 3049 1942 238 20 ¼ 3 segels. 20: smalle 10 breede„ 9:12

3449 3202 2137 217 20 3 segels ..10 smalle 16 breede. 111:12

3628 3325 1981 209 200ps: met 2 te ratat voor contante betalinge

5585 3314 527 246 Adij 10 d. 1726

3472 3458 612 192 London John tatnall

3631 3562 2485 192 J'ay bien receu celle que vous m'avez fait l'honneur de m'escrire le 22 du passe V

3621 3683 2399 178 y joint une remise de  £100:- a deux usances sur frans de voller a Gand

3605 3789 2507 171 a 34:10 et la quelle j'ay envoye pour acceptation, outre vre ordre pour cent

3618 3926 2428 133 ps de cotils seront execute p le premier, dont ie vous envoyeray la

3609 3998 2453 198 facture & cognossement au plustost possible estant le luy et de cette

3619 4120 1138 202 & que ie suis tres parfaittement
