8324 4699
933 262 1177 130 voort voldoen, dit tot gooverno

953 266 2174 169 ick hebbe geen acties oft annidtijten onder den naem van dher

952 376 2345 163 bollengier elles sraedt op mijn name soo supponere dat op de boecken

948 507 2298 151 can gesien worden, tot de securitijt van de executeur in de lottenige

961 593 2208 132 annuitees is voor mij door dheer voors £1000:- ingescoght

957 721 2321 145 geweest & heeft mij genoteert op mijn name gestelt waren waer

930 794 454 167 mede blijve

826 821 2436 213 van de £1000:- annuities is tot noch toe niet gedisponneert soo die

975 979 1203 168 moeten der noeh gevonden worden

2693 1004 636 157 Ady 12 xber 1721

828 1096 705 171 loven steven deville

962 1121 2364 226 desen om ue te laten weeten als dat een partije versche engelsche alfville

966 1264 2358 165 becomen hebbe, sijn al van brugge vertrocken, soo dat die in 3 a 4 dagn

978 1333 2337 212 hope hier in huys te hebben, & sal met plaisir ue thier van bedienen

978 1443 2311 186 mij recomanderende in ue gunste het sal mij aengenaem syn soo

990 1556 2244 194 eenigh gelt gelieft aen mij te laten tellen, waer mede naer cordiale

2828 1625 338 195 Adij d

968 1686 636 161 groeteni ssal blijve

816 1766 632 153 Loren Jan Labru

1000 1853 1212 154 als hier boven maer niet gemaende

2792 1842 435 174 Adj 12d

791 1955 1161 206 London rebecca hamiston & coske

984 2055 2328 207 op 28 pass was aen ul. mijnen laetten met facture & cognossement

982 2171 2345 175 van de bale N.15: door haertigheydt hebbe een erreur begaen, ontrent de

973 2280 2296 191 somme van die bale beviede maer bedraeght ƒ 1082:18: derhalven

982 2379 2287 163 hier boven een correcte facture van de selve, & gelieven de eerste te

984 2475 2107 189 scheuven, hope dat uk: die 91 ps. naer uys contentement seeb

1005 2560 2241 159 bevinden, het is nu het goedt lesoen, om tijssen te coopen, sal ue

1011 2674 2026 184 ordre afwaghten waer mede blijve naer cordiale groetenisse

2808 2706 387 211 ƒ67:12d

826 2811 733 161 London John Johnall

1001 2843 2311 221 ue aengename van 9 passt. 9.:3. wel ontfanghe, daer benevens ordre voor

1018 2994 2199 141 100 ps tijken hebbe maer 4ps: 3 segels single stript blve & wite connen

994 3071 2322 177 becomen, derhalven samen maer p ns die op 8 deser hebbe naer brugge gesonden

997 3182 2252 152 in een pack N. 20. waer van alle dage de oncost ick: verwaghte, & soo haest

994 3256 1939 185 die become, wert ue de facture & cognossement toa gesonden

994 3343 2291 182 ick geloove wel dat ick s'ennisse genoech hebt van tijsen, evenwel wil ue

1012 3463 2244 139 wel seggen, dat geen beter goedt senden can als ick: altijt van mij gehadt

997 3553 2340 155 heeft maer wel sleghte goedt, nempt eens refletie op de  3 segels die in

992 3639 2275 168 de bale N. 26. het waer te wenschen dat ul mij e jaer ordre geef voor

1020 3724 2288 165 2500 ps. de tijten die a cottij gemaeckt worden, connen bij de onte niet

1001 3801 2303 223 comen, dat is het selve, oft wij onse lakens bij de engelsche lakens, wilden

1019 3905 2308 188 vergeljcken mijn haer het sal mij seer aengenaem lijn, dat ul met mij in

1011 4033 2216 131 meerdere correspondentie wilt doen, syt versekert dat ue intrest in

1004 4087 2322 209 groote aght neme, & nimant soude soo danige devoiren don, om ue: wel

977 4197 2348 202 te bedienen, als ick doen, eghter het is wat moeyelijck ue te contenteren

1030 4304 2306 215 uls seght, dat op us treesen soude, bij aldien ul mij niet remitteerde

3537 206 2431 142 ick oordeele, dat sulx voor ue seer schadelijc soude syn vermits de wissel

3542 276 2431 148 wel 5 tt schildt, uls sal mij connen remitteren a 34:6 ent & ick van hier

3532 388 2356 115 boven de 33 s niet becomen derhalven sal ul remises af waghten

3532 440 2424 158 als oock ordie voort gene noodigh soude mogen hebben, dit afwaghtende

3535 544 2160 193 blijve met offres van dinst quaer seer minnelijcke groetenisse

3505 638 2430 172 M soo aenstents become het cognossement vant voors pack N. 26 du tijdt

3537 712 2427 188 is te kat om de facture te senden sal p mijn naette volgen is geladen

3536 876 811 136 int schip van Rochus aets

5282 847 637 174 Ady 14 sber 1720

3383 941 789 182 London Schoppens & Edwards

3535 1029 2426 163 op 9 deser was aen ue mijnen laesten, via onende waer van hier boven de Copye

3514 1120 2469 170 &waer aen mij ten vollen referrere desen via hollant on ul te seggen, hoe dat wij

3537 1203 2446 154 vercomen hebben de overgroote bilverseringe van alle aetien de luytse

3533 1291 2454 156 was 105 de banck geen cours  men seght voor een spreckvoort ue troubel

3534 1371 2454 189 weeter itt goedt visscheen derhalven hope mijnen voorgen ul sal sijn geworden

3516 1480 2475 157 & dat tot den incop van vijfhondert ponden terlinx in de banck, volgens mijn

3526 1599 2377 142 ordie sult ten reghten geraeckt sijn, & dat die wel tot hendert sut hebben

3528 1684 2396 143 ingekoght vermits de brieven langhs ostende soo spoedigh niet overgaen

3520 1740 2394 225 gelijck wel de brieven langs hollant soo ist dat desen via hollant sende

3516 1857 2485 174 om mijn ordre in tijjts te hebben latende alles aen ue goedt oordeel directe

3537 1936 2462 189 vertrouwende mijn intrest sult beherigen, dat uls ten uy tersten recomandere

3546 2051 2435 166 oock de dilirentie op dat aghte het het noet vissche, versoeckende prompt

3517 2134 2436 179 advies vant gene passeert & wat sut hebben geeffectweert & trecht op mij

3531 2256 1973 159 het noodigh waer mede naer minsame groetenisse blijve

3509 2327 2508 210 B hede op de borte sijn seer veele discoursen omgegaen ontrent de aetien

3503 2422 2467 181 tgemijn gevoelen is dat de luytzie niet subtisteren com, van de banck

3525 2529 2461 177 oecht men de schonders om dat het betalen in clijne spetien, in de banck

3544 2637 2326 187 ider een groot achterdencken geeft met een woordt de goede trouwe

3530 2780 706 147 at crediet is benomen

3551 2798 2399 232 ul is in alles hier ontrent beter geinformeert, daer om late & stelle het

3548 2913 2452 193 en ul handen van te doen oft te laten, vertrouwende niet gepaslionnt

3543 2988 2422 230 sult sijn, maer met goedt oordeel voort gaen, sijt niet te haeltigh also

5344 3084 459 223 Adij 14d

3538 3159 607 168 niet noodigh is

3426 3271 754 140 London thomas sceuven

3544 3306 2443 209 il y a aunze années pasé, que j'ettois en comp. avec mon frere Jean michel

3565 3444 2389 166 melijn, & depuis que nous somnes separe, ie n'aij point eu l'honneur de vous

3558 3538 2227 176 eserire, faute doccasion, ie prend la liberte, de vous envoijer cij joint

5845 3582 155 92 ment

3552 3657 2481 148 procuration pour recevoir les dividents des amneities de lotterie qui m'appartie

3566 3740 2383 180 y estant interesse pour nul livres sterlins, dont fen mons. Charles Bollengier

3552 3812 2450 195 ettoit le directeur le dernier dividant que j'aij reccu, ettoit eschue le 24 mars

3569 3924 2394 169 1720 de sorte que vre grace aura la bonte de recevoir in demij anne

3553 4047 1784 177 eschue le 24 sbre 1720, & men crediter pour £25:s

3561 4141 2472 148 mons: nous avons appris, que toutes les cretions sont terriblement boulverse

3553 4245 2434 138 la cop. de ssude a 105, la bancque sans cours, & la comp. d'orvent &
