8056 4740
2402 188 734 150 Adij 28 July 1819

566 193 822 168 Furnant de wed: Robert

744 248 2439 191 up: obliganten Brief Jan 16 deser wel ontfangens waer bij versaen

723 377 2497 136 dat ue sig niet aengelegen laet, dan eenige tijhen Jan iouss: vaeghs

731 450 2481 186 genomen hadde & dat ul geene van mijn onde genegen waen

726 569 2520 147 om te londen, om dat die voor mijne rek. vraeghde & dat al genegen

730 624 2453 203 sijdt te waghten, tot dat ordre soude becomen, die oock voorgistaen

731 739 2485 160 met de Engelse brieven hebbe ontfangen voor soops, tis voorden

713 801 2545 211 eisen vrindt soo versoecke van het bestel schoonste goet te senden

730 893 2495 199 t van ue: eygen maecksel, hier aenden voet desen de nontie & rac

692 1000 2469 191 die tegens toecomende sonderdag verwaghen & hope dat mijn

719 1120 2488 196 stuck lijnwaert, daer tegens mede sal gereedt wesen om mede te

740 1192 2439 178 senden, voorders sendt mede eene assignatie tot voldoeninge

750 1276 2471 200 kan dese 100 gps, tyken sonder te waghten, sal die dan bod=

757 1388 2392 218 couwadd vrisdag prompt betaelen, waer mede naer cordiale

743 1537 874 180 groetenisse blijve

1014 1555 1838 240 40 pt ¼ groot loot alle smalle strepen

1016 1702 1560 170 10  3 sugels alle smalle strepuie

1021 1799 1590 190 50 de 8 Pegiis alle smalle Arepen

961 1971 2212 197 2oaps smalle strespan dese partye is en veltie

2512 2070 607 226 Adj d: 1719

562 2136 1072 177 Den Doel wed: la page

785 2206 2443 229 uyt al: Brief van 16 pasts, hebbe met groet gevoeden

758 2319 2461 188 verstaen de precipitanie door van up: live man peeter

764 2420 2443 180 le page godt wil sijne iele deenwige ruste verleen u

752 2514 2512 219 is ul: vertroosten, voorders soo come ul met desen versoeken

763 2646 2491 219 Jan over te comen, om het paer sant paght 117118 verschen

777 2712 2469 239 bamis, te effenen den tijdt can ue suck nu wel perruten

773 2832 2438 248 permite den hasten oost nu al binnen is, sal ue

742 2918 2507 277 met groot verlangen terwagten  blijve naer groettene

2570 3063 672 166 adj 2 aug. 1719

565 3107 1146 197 London, Therman & son

806 3158 2424 251 ael: aeng. van 17 pas o.3. wel ontfangen, daer benevene

780 3257 2472 190 ordre voor 50 ps. tijken Clijne strepues, in diffferente couleure

693 3337 2556 195 die niet lechtelijck sal connen becomen, omdat die op voor aen

782 3448 2474 182 niet gemaeckt worden moeten ex pres doen methen ech

791 3549 2449 242 geloove de 30 ps. bleue & witte de 10 ps roodtsitt, 2p

791 3630 2467 270 groen friet, sal sonnen hebben omde andere te doen

783 3765 2445 189 maken soude fangen tijdt noodig syn, oock om 2p

806 3828 2380 232 souden de werck luysen die niet beginnen, sal

815 3932 2407 268 eerste of: toesenden die gereedt sullen sijn, waer van

794 4083 2449 206 &p mijn naeste voorden advies hebt te verwoghten

787 4182 2425 219 metsr. het is niet noodig dat ue een Correspondent

819 4249 2428 209 tot gendt aenwijse voor linnes in te chopen ick can

3481 122 2527 148 ij daer enne orck wel betenen ser mjen cayer ie ol aenderene

3468 213 2537 135 hebbe die mij die linnes besorgen, oock hebbe de occasie jan fijne

3480 284 2527 198 turnhaude sinnen te becomen die gebleckt sijn & beguaem

3474 357 2545 198 om heimden te maken slaep laekens, als ander sints van alle

3458 469 2547 204 soorten & prijsen, dersalven bij aldien ue in clineerde zloor

3464 528 2562 215 laemse, oft turchautse sinnes, soo waert noodig dat ue mij

3481 616 2535 228 notteerde kan wat breede te wat prijsen soude willen hebben

3481 712 2519 250 daer sijn turrchautse geblte linnes van ƒ10- tot ƒ4:-

3480 797 2557 303 &hogh hooger de elle, onse tillen maken 3 gd: in engeland

3475 1000 808 176 tot ue narrghe

3480 1066 2533 216 ben verwondert al: geene ordinaire tijken, van breede s melle

3492 1128 2533 247 strepen Graeght te weeten, van 3 groot Lost 143 segels te groot

3778 1268 2211 203 segels, tj groet loot dese sijn de meerte soorten

3493 1356 304 144 Loot

3481 1334 2503 252 die naer costj gesonden, sorden  hebbe dit iaer alle eene

3483 1423 2489 279 contorderabele partije kan dese soorten versonden ben

3475 1480 2556 298 doende met eene partye op te packen om over morgen

3480 1661 2507 290 te versenden & ider pack is ul met tooges a 120 ps

3467 1743 2544 267 met het schup dan frans. moentak over corten tijdt

3486 1895 2454 226 a losten gearriveert hebbe differente packen aen

3493 1988 2458 245 & rinden Jan London toegesonden & aermede naer

3481 2167 1018 227 groetenisse blijve

5334 2171 678 214 Adiy 2 aug 1719

3391 2301 1092 196 Brussel Corneus le Cays

3503 2369 2528 263 op 14 pasto Was aen ul mijnen laesten waer aen mij gedrage

3492 2487 2535 252 sedert geenen dan ue ontfangen, desen dan alleeny tot

3490 2575 2526 223 advies, als dat de resterende perpett. heden aen at toe

3493 2680 2410 270 ende p suut schip aen ule addres in een pachie

3492 2804 2477 209 C.L:S. inhaudende 10 ps waer &an 5ps voor ue

3494 2900 2545 277 is voor mons. de wemen die gjlieden onder mar haud

3483 3055 2512 199 lusel wilt deylen, sijnde ul facture daermede belast

3487 3102 2479 255 soo dat n niets en Rek. moet comen waer uiet

3513 3211 2523 233 eeniegen voorderen diendt can doen gelieve & commad

3486 3345 2073 254 dere die naer ordiale groeteisse blijven

5247 3444 699 209 Adij 4d. 1729

3370 3492 1226 195 furnhaut de wed: Pobert

3488 3553 2556 208 ue aeng. Jan gistren wel ontfangen benevens de 2 packen

3493 3674 2513 244 tthen & ue daer vooren gecredatiet niet voor ƒ 1113„10

3480 3761 2556 188 maer voor ƒ1003 a 26. vermers ul een abuys heefft ontrent

3508 3837 2545 233 de 30 ps  3 segels daer ue stelt ƒ 700: moet maer sijn

3501 4008 1419 247 ƒ6000- sijnde de reke als volght

5090 3986 867 238 aƒ 7:13 ƒ314:-

3676 4128 676 158 4o  groot loot

5147 4137 880 161 9:19.„ 99:10

3688 4211 545 145 20  3 segels

5583 4231 364 129 ƒ 600:-

5169 4260 282 105 „ ƒ2:-

3680 4307 571 139 5016:3 segels

5224 4290 796 148 samen ƒ1013:10

3737 4378 249 93 186 us
