8043 4747
2465 195 741 152 Ady 30 iuin 1729

504 192 972 190 Brussel Steph: Rousseau

642 271 2585 179 J'ay receu en sen temp les cheres vres du 12 21 & 28 courant suivant la

657 381 2526 186 premiere ie vous ay debite pour ƒ200:- de change reccu du S. sonelis

686 468 2506 152 le fays, & ie vous suis oblige pour l'honneur fait la ma traitte de ƒ480:-

692 595 2084 123 courant argent de change ƒ385:14½s dont vous este credite

697 648 2498 198 suivant la deuxierme ie vous ay debite pour ƒ198:- de change receu

699 790 710 135 du S Jan de roe

675 808 2560 258 p vre derniere remise de £300:- de gros ƒ1800:- en lettre du 29 avis

701 939 2511 163 a 2 usances, sur fattudo gillis, de liege payable en anvers chez frains.

667 1036 2491 188 de ceurter dont ie procurerez le necassaire en son temp, &ou ie vous

718 1157 1593 171 puis vendre service, dispose entierement de

2530 1172 584 211 adij d 1719

515 1266 1399 179 Turnhaut dewed: Jan B. Bsbert

713 1289 2509 204 op 19 deser was aen ue mijden laetten, met s 1½ gaenen niet trtijfe.

696 1415 2463 232 oft het stuck sal al nu gewegen sijn  naer den blijck beselle

674 1515 2579 150 dat gaerne sal vernemen voorders soo hebbe neden van en gelan

676 1636 2553 146 ordre become voor 100 ps. geassortien, als aenden voet desen

708 1706 2527 176 devielcke op het sytoebeyte gelieve te besorgen & soo haest

721 1795 2480 242 mogeiyck mij toe te senden dog alle van het reste super

737 1868 2495 270 bynste goet t is voor den viesen man daerom moog

711 2011 2526 185 wel soeken, daer sijn nu 12 ps. & groet loet bij gecomen

664 2128 2568 179 door mijne claghten aen hem gedaen gelijck ue t hebbe

700 2220 2449 190 laeten chen draeght voor alles goede sorge gal de

725 2324 2530 203 selve verwaghten tegens van daeg 8 dagen, doghyt

729 2422 2313 215 een letterken tegens overmorgen, om volgens te

731 2520 1870 216 reguleren waer blijve naer groet messe

823 2638 2058 189 30grso ¼ groot loet„ 20 small 10brecke

844 2786 1581 161 18 d 3 segels. „10 small

866 2813 2060 252 115d: 4 groot loot„ 12 smalle 6 breede

839 2921 2089 249 30d1 10 3 segels„ 20 smalls 10 breede

853 3064 2092 197 12d. 1e groetloete smallo 12 breede

1168 3212 123 116 £

1839 3167 1111 217 62 Jnallo1 def breete

833 3247 451 182 200 1n0

1154 3382 82 98 4

2548 3326 634 175 Ady d. 1719

526 3384 1553 224 Brugge van Pentorgen

767 3444 2411 271 ul: aeng. van £2716 deser wel ontfangen met den xostend

774 3616 2479 166 oncost Rek. van mijn 3 packen sarges bedragende in wislel

748 3694 2506 243 gelde ƒ 149„ 11: waer vooren ue is gecredeteen, met den laeste

769 3768 2386 236 advics, dat het packie drogetten op poperinge ver sonden

747 3868 2477 231 hadde dat wel wat arder had mogen geschieden, mijn

766 3983 2502 225 grindt van Itbomer heeft overr dit retardement geslaegt

771 4071 2480 280 patientie heden become een brief Jan m. satnale

777 4169 2487 236 met de overgroote claghten dat ue: de occasie van

759 4298 2508 207 gregory, die lanck tot londen is geaivee heft sat

3455 162 2531 177 voor bij quen, sijne preneditie daer by geleden can ue in ue

3463 219 2506 183 onse taele soo niet uyt leggen, dit is nu de tweede,oft derde

3444 304 2526 229 Beijse dat ue den eenen schipper voor den andere gepresen

3448 406 2443 215 reert hebt, in preneditie van mijn vrindt, dat tegens

3439 449 2574 322 concreritie is., noch te meer, om dat wel duydelijck georde

3452 591 2523 242 onneert hebbe, p eerste vertreckende schis op bonden te

3461 698 2474 242 verserden cruse gaet dat alles voorbij, & doet naer uy: goet

3443 832 2510 235 duncken tis wel een mans segt mijn vrindt dat sijn

3451 900 2481 308 pack en moentack geladen is. & can uyt sijn bief niet

3459 984 2555 308 bevasten, dft hij tot londen is gearriveert, soo sultx noch

3453 1129 2538 259 soude voorcomen soude verobligeert wesen vrinden

3475 1266 2541 272 a costy t'employeren, die geen denstintie int benifeeren

3478 1359 2538 272 van de schippers maken sijnde ul  mijne obligatie

3467 1456 2503 279 te sorgen dat de vrinden geene rntie bij den. toties:

3467 1617 2455 256 oright ingesloten sende aen ue brefie van k

3482 1757 2445 267 £100 —  36 p ten caste henrij heydon a costy

3479 1864 2501 217 in antwerpen  betaelen waer voor en d'acceptane

3481 1955 2506 276 geluve in te voorderen  het selve met behoorlijcke

3480 2083 2521 243 acceptatie, oft pretest te rugge te senden voorders

3491 2197 2457 259 ue gelave op mij te trecken t gene ul is coorende

3491 2351 2059 238 vlaer mede naer groetmeste blijven

5074 2452 818 181 Adij pm Jjuly 1719

3298 2500 1143 180 London gherman Son

3496 2583 2494 226 ue: aeng. van 9 past. G.S. wel ontfanghen waer op tot antwoort

3479 2706 2430 205 segge, als dat geene tijken voor mijne Rek. naer costij sende

3489 2755 2447 199 niet anders ten sij die wel duydelijk door mijne vrinden

3475 2836 2522 270 geordonneert worden ue moet met ongeriert wesen, ontrent de

3468 2938 2513 211 denght, om dat de beste weevers in mijn denst sijn, den prijs

3493 3029 2529 257 hebbe ul genotteert, gelijck die contant is wisselgelde betale

3473 3139 2463 221 moete & profetere niets dande provisie Jan 2, is

3482 3238 2403 231 us: mistrouwende, omdat van ul niet bekent ben sont

3478 3317 2539 248 naer mijn persoon informeren, a costij bij dheer cha

3468 3424 2529 296 Bollengus, D heer george hergoe, les chaveliers seauade o

3491 3556 2501 295 . & heer bij die het ul gelieft, heb liever wel bekenen

3480 3636 2391 287 als onsekent te sijn, & als ul inllineert, om eenige

3477 3795 2498 257 tijken te ordonneren voor ul: Rek. sijdt versehert volce

3462 3911 2527 281 genoeginge bevinden salt, & als ue van mijn goet san

3489 4017 2510 255 wilt, condt scy addresseren by dheur son totnale, doos

3483 4116 2557 262 Gergoe, & noch andere principaele die en tijken negotleren

3512 4257 2272 208 dit tot ul haigt blijve met presentatie dan diensn
