8255 4692
853 231 2419 104 nu het beste lesven, om tijken te sbeven & daer moet wel 3 maende

828 308 2385 113 tijdt ofte meer sijn om 50 gps gereedt te hebben, inden somen

814 381 2448 162 connen dese treephins too wel niet gemaeckt wordens om dat

858 454 2379 158 het garen dan prock is door de drooghte & de drayer daer door

808 520 2351 208 dich maelt comen te breken, & daer door compt het dat te

856 634 2393 182 tijnen s0o ongelijk van strepkens &wol hnoppen vallon

833 700 2465 234 derhalve sal u ordre naer d'een oft d'ander bij tijde te geman

841 822 2288 209 seen, waer mede naer ue gewenst te hebben in desen

816 945 2426 179 opende jaere alle bedendhelijke benedicnen det hemels

858 1013 2428 244 blijve met minsame groetenisse, & offres van diern

2452 1145 786 210 Adij 13 Janu 1720

702 1175 1414 211 Brugge S van Rentorgen

848 1258 2427 225 op 8 deser was aen d mijnen laesten, waer aen mij gedrage

854 1390 2401 205 sedert geene van ue ontfangen desen principacl on ue

852 1468 2398 219 te laten weeten, als dat op heden op wagens van gende

876 1567 2248 227 advoiture us toegesonden hebbe een pack N 11„

890 1667 2376 209 inhaudende ƒ 26 pd tijken, voor ret van d' heer george

878 1767 2321 243 vargoe de oncosten, gelieve op sijne rek. te belasten

882 1913 2269 188 hope int cort turneville & troobant vertrecken

870 1986 2398 233 sullen vermits het nu open laber is glaede niet

877 2072 2399 265 Rek benevens mijne retcourt. p eersten afwaghten

878 2223 1719 210 sdaer mede blijve naer groedeniss

2323 2286 923 188 dy 13 jauu 120

597 2395 1176 212 Mechelen preterde jong

914 2404 2368 229 het is mij leedt dat niet geweten hebbe ed. gistren

905 2512 2297 207 en stadt geweest hebt, vermits een brief van mijne

901 2587 2274 250 prinden van bremen become hebbe, die mij serijf

894 2703 2322 248 om den prijs vande grance, & terewjlen wese wete

900 2816 2336 224 ul daen veel indoet, soo soude ull mondeleur hier

911 2883 2279 262 over gaerne spreken, eer dat antwoore, soo dat

906 2989 2302 259 ull occesie hadde on overte somen scito het sende

910 3086 2332 267 wel wesen, vrant t cangebeura dat schoone

890 3194 2312 308 commissie soude becomen waer van u deckacheer

919 3266 2361 271 sende maken  a trijfele niet, oft wij sonder mallanden

910 3405 2364 281 connen accomoderen & vermits dese sake met bieyn

901 3540 2353 253 niet cangeschieden, soo soud u sefs moete spreken

913 3621 2283 268 hij vrseght veel, soo ontren de mate, als vraght op

900 3758 2357 213 amsterdam die u selfs soude connen avanseren

921 3875 2361 241 dit tot p hanghe blijve in ofvrogkinge van

920 3998 2368 231 eel: be sien, oft wel een lesterhen tot antwoort

5153 196 775 152 Ady 3Jane 1769

3328 204 1312 242 Brussel desssed: Borremans

3489 252 2478 226 ue aeng. 11 deser soo aenstonts onlanghen, daerbij sien, dat aen

3488 413 2483 193 uie voor het groen perpett. geboden rort, destigh guldens vielie

3460 494 2491 278 gelde, het is wel drocf dat ick dat verlies soude moeteredragen

3473 583 2404 233 daer ick het groen verven door ue ordre beloopen hebbe

3478 683 2425 245 moyte & gelt roegeven is deerlijk, evenwel liever als dat ul

3462 800 2485 224 dat voor mijne rek soude laeten leggen hebbe het verles

3486 921 2474 238 te dragen, mag peysen 8oor een quadt gelag gespeelt hebbe

3490 1034 2462 226 & deser met meer op dencken ue voort gerediteert voor

3461 1100 2496 259 de ƒ600:- aen d heer rousseau betaelt, bedancke u voor

3435 1202 2449 230 de goede betaernge besraet in us dinstig can wesen

3481 1288 2437 309 geluve te comanderen die blijve naer ue reciproquelijk

3491 1405 2387 285 gewenst te hebben alles bedenckelijcke dinedctien de

3486 1514 2484 303 hemels indet loopende muue jaere groete ue van

3487 1740 327 192 senta

5159 1693 820 247 Adij 18 Janu 1728

3402 1751 1293 281 London Pr. Ramilter Corke

3498 1903 2473 255 op 13 casto  3 deser waeren aen ue mijne laesten, waer aen

3506 1987 2452 275 mij gedrage, sedert geene kan ule ontfanghen, desen tot geleyde

3497 2090 2446 265 van het Cognossement Jan de bale N11. geladen en seera

3495 2225 2486 219 trodbant die met den dersten Cavorabelen tendt staedt te

3490 2295 2507 254 vertreaken, godt geleyde hem in salve & laete dese goederen

3513 2414 2349 240 ude wel gesondit ionneert ter hant comen, ul voordere

3493 2517 2450 278 ordre sal gaerne vernement  waer in ue eenige aeng.

3502 2618 2439 274 dienst can doen gelieve leberste commanderen, die niet

3501 2795 1494 215 d'uyterste genegentijdt blijve

5149 2873 793 208 Adij 19d. 1720

3386 2936 798 187 turnhouts: sanen

3533 3073 2424 153 aƒ5 brief. van gistren wel ontfangen benevens de 4 packin

3489 3133 2508 258 tijken, waer voore ue is gecrediteert in wisselgelde als volght

3672 3239 2261 217 80¾ 3 segels „ 60 smalle„ 20 breede a. ƒ12ƒ 960:

5371 3333 596 164 „69:49 199:-

3679 3359 1334 203 20 24 groot foots 15d„5d

5359 3432 601 151 „ 7:17. 314:-

3666 3484 1234 170 409 groot toot 4o smali

5668 3533 296 151 ƒ4173:-

5589 3641 428 154 „ 58:18

4679 3607 545 219 af 4620

3632 3663 452 166 14o ps

5209 3720 819 156 rest ƒ1414:2

3462 3773 2549 189 ick sal de retterende oock verwaghten, & sent eene afsignatie

3558 3918 2439 189 aen ue: surten, in voldoeninge, ul afteguasie van ƒ300:

3553 4021 1993 174 hebbe prompt voldaen, waer mede blijve
