8043 4740
2211 191 934 139 3 Adij 22 Juny 17109

598 185 1189 201 Amst Frans: Rousseau

699 250 2518 211 at mij seer aeng. man 13„ 319 deser wel ontfangen, volgens

658 396 2441 183 den eersten hebbe aen mijn broeders gelijdt dat sij op ue

683 486 2401 194 trecken soude aen mijn ordre dog waeren daer tael met

688 590 2468 236 gepressien, seggende het soo groot niet was & dat sij dat

702 672 2491 213 wel in meerdere sommerd bvinden souden, oock bedancke

692 790 2319 207 use voor deere aen gedaen aen mijn traitte Jan £400-

685 874 2528 251 hold court door mons. Telbvnger dan Coningsbergen

694 1014 1917 255 geluve op my te trecken t gene ue p ordirst

693 1117 2520 217 met aflaeste become de goede tijdinge dat schip per amce

699 1265 2502 229 putersen valck op 16 deser in tessel was gearrivven

698 1333 2523 216 hier aenden voet desen heeft ue de nome tot de verse

703 1442 2442 242 tinge vande twee vaten Borssels in sijn schip voor

695 1549 2521 244 mijne Rek. geladen die vervolgens gelieve te verclaren

679 1672 2528 240 yte versonden gegandaen als vooren, & tersoecke een paers

725 1788 2506 273 pout van den Besten groenend shue toe te senden de

712 1923 2475 204 oncost Resie met het import te belasten waermede

717 2093 822 163 in naeste Blijve

1116 2196 1607 259 in schip van amse peoerte dulch

872 2331 1801 224 tvea vaten borssels B C. 4 a 1„2

732 2481 2410 197 wegen netto Conings berger gewigt 58 N° 25 8 a l 234

2865 2563 274 136 516

736 2593 1302 211 af 2268 antB. gewight

2048 2695 1143 222 Demetto 1829

751 2783 2494 238 antwerps daer noch of moet 5 tt hoel gewight aen

708 2941 1211 156 nhet onse vieert ƒ 860„

2422 2940 653 192 adij 28 d 1719

621 3006 977 189 fsomen sfune marcottes

750 3062 2409 211 J'ay receu l'honneur de la vre du 18 court y joint une remise de

758 3169 2432 173 linegsent quatre ringt, quatre florins doule patters argen

747 3268 2387 215 courant d'hollande a 15 jours de veue, sur jacques end. de la

749 3359 2475 224 place a Rotterdam, la quille j'ay negone, a hir a 3  p de

729 3448 2519 224 fre perte, & vous este credite pour cincglent, soisante cineg florir

729 3555 2517 245 & deu pattars, argent de change mon amis de Brugls m'ac

726 3667 2521 206 marque que le ballot avec les drogetts est partie de bruges

736 3766 2494 228 le  court ne doutant point que vre grace l'aurea receu

747 3851 2470 223 si ie vous puis rendre service, ie vous plaire me comm

755 3967 2450 199 ander, & su vre grace at en cor besoin des drogetts, ie vous

727 4050 2514 287 plaira menvoyer des eschantillinis, pour les envoiier

758 4164 2477 203 en enleterre lar ie n'en cairez port venir pour mon

751 4280 2496 195 compte a raisen du pauvre profet, ie vous saliue suis de coeur

5136 155 844 162 Ady 23 juny 1119

3316 174 1100 179 th dewed: Ignace horion

3460 237 2484 225 pay bien receu l'honneur de la vre du 18 courann y joint

3426 343 2558 184 deux remises Chacque de cincquante levres de grov argent

3441 429 2510 205 de change, ensemble la somme de cent livres de gros psus

3449 562 2487 227 francois de smee, payables a vene, pour les quelles ie

3448 635 2392 264 procureres le necessaire, en son temp vous en serez

3467 744 2531 233 creditie, le nouveau convoy est arrivie estant tres bien

3466 819 2514 256 assortie de tout dorte a vre service, vous prine dem

3440 993 2350 244 evployer en touto occasions celuy que le dit de coee

5183 1097 666 199 Adij d 1710

3363 1123 995 235 Berden M. Hamals

3453 1211 2491 220 J'ay bien reccu les vres du 20 mey 20 court pour responce

3473 1342 2475 169 a la premiere ie vous avone quil y a 14ou 13 ans que nous

3470 1440 2466 214 laisrens ensemble, a que vous faissiez bien endtemp du feu

3473 1484 2516 247 vre espouse & de puis trois ans passée soin de la pour les

3459 1613 2519 242 payement, ce qui regard les affaires de mad: Brova. cela

3482 1704 2499 203 ne me regarde pas ie ne puis vous marquer autre chose

3469 1847 2520 236 que est bien crulle, que vous este si long temp sons payer

3470 1921 2540 257 ne pouvant point profiter a la marchandise liotteres

3476 2053 2537 189 de trois pour can quand on les vendenfor argent contant

3485 2115 2514 249 la derniere partie vous est envoye le 9 d. lavie 11718 plus

3467 2239 2403 268 que quatoile mais passée & sur ce pied la il m'est

3471 2349 2533 207 im posible de vous servire la marchandise estant tres

3483 2420 2450 269 chere, & le change tres hant, quil est imposiblie y

3480 2563 2477 268 profiter, p vre derniere vre grace m'ordonne de thre

3489 2624 2467 318 ƒ500„- Plorins argent de change, ie ne peut tiner

3444 2740 2470 254 a moins qu'un de me pour cent de perte, ce que le

3485 2843 2509 313 guigne ne peut souffrirr, cependant ie verres sur la

3491 2939 2528 309 bousre si jy peus arriver & le succe sera marque au pied

3457 3087 2522 231 de cette. vre grace me demande aussy t ps. de larges

3483 3200 2457 221 leton les incluses esch antillions que ie vous envoye

3489 3308 2498 291 p la barque marchande de Bruxelles a laddresse

3476 3400 2412 234 de belle frose a la trom pette marine, epperant que ie

3492 3511 2480 207 receverez de vos remises pour salder la pervie preditte

3472 3607 2159 236 du 9'avril 18 ie vous plaire me crediter

3475 3664 2527 350 23 juin 17194 sarges pray batt. 229d. brun esprnes a lettoil

4152 3857 982 134 4 ditto flaires spines

4153 3961 989 151 14 ditto breun rouses

4150 3955 1346 220 1 ditto I offee fail de fracs

4149 4058 1774 224 „1 ditto Blenats jaspee a la caivve

4134 4210 1662 233 „14 gpri batt. 22 gert. a ƒ 23:10
