8214 4692
885 219 2363 116 us te verstaen, oft die al inde maeck is, hobt ul ontrent het

878 275 2324 201 couleur kant hout, daer mede ingeleght moet worden ten

873 350 2390 208 reghten geraeckt is, alles blijft ul noch maels gerecommande

776 454 2469 180 desen principael tot geseyde van dingeleyde facture van

898 548 2364 203 eene bale N.11 in handenoe 80ps tiyken, monterende in terest

874 675 2383 212 gelde ƒ 883:5 dese bale is op 18 pas. van hier versonden

858 772 2389 217 geweest, & heeft tot gendt,  door den vorst, omdat de waters

883 830 2308 221 bekrosen waren, soo lang moeten blijven leggen sal

881 963 2341 195 met het eerste vertreckende schip uy toegesonden & sorden,

873 1089 2352 172 & mijn naeste hebt het cognossement te verwaghten

862 1171 2372 184 de lijnwaeten sijn seergemonteert, om de duerte dergarens

893 1295 2360 225 het is te bedughten, dat de tijken volgen sullen mijn beste

877 1398 2383 222 tijck maker van de lijne strepies heeft gistren hier geweest

883 1490 2319 220 & seght ontrendt de 20ps blauw & wit & eenige rood=

886 1591 2319 217 & groit gereedt heft als ue die gelieft, versoecke spoedig us

890 1653 2352 250 ordres, benevens voor andere ord. strepen die ue souden

897 1825 2360 178 noodis mogen hebben wensche ul in desen coopende jaere

900 1910 2346 215 alle bedenchelijke benedictien des hemels  blijve met offres

892 2080 692 171 an ta dnst

2457 2094 737 192 Ady Aianu 11119

740 2196 1216 167 brugge  Van Rentergem

918 2223 2307 243 ud: aeng v an 19„d 8 past  deser veee ontfanghen

908 2350 2315 189 met den Eersten onfaet Rek op de twee packen puipits

914 2458 2295 220 swaer voor en ul is gecrediteert in ƒ61:18:6 t schipper

897 2562 2342 185 marten de suypere is noch niet aengecomen sal werans

930 2678 2163 188 bevresen leggen, volgens den weeden hebbe ue

904 2754 2323 239 gedebiteert, voor ƒ 105:- wissel gelde ontlanghen van

827 2848 2256 194 den heer procuraser der gelniet ue voorde gesondene

918 2910 2321 290 quittantie van £ t7:10p met dene laesten de oncost rek.

921 3066 2324 186 van het pack tijken, N.11 bedragende in wessel gede

917 3138 2277 266 ƒ 47:4: die mede en Rek gepasseert sijn, voorders soo

916 3265 2220 196 verneme, dat Jacob torne ville schanden is gearriveert

919 3348 2340 214 vervolgens hier engesotende noodige cortibicatie, d'eene

940 3451 2296 207 voor de verflaringe & d'andre voorde tolsen onderwey en

862 3553 2392 209 die comesin laten de goederen passeren op de Certificain

919 3628 2327 228 Londer tolbrief: ue: gelieve de 3 balen salfr vellen, te verslanen

938 3710 2199 229 als hur onder, & oft dher Cleus desijne minder aengod

947 3816 2303 209 verclaert de mijne, gelijk de syne, vrant heeft doch dba

943 3896 2278 216 int tselve schop, van een grootte gewight wende

931 4027 2266 196 moete ue recommanderen dat den schhpper sig niet

931 4141 2259 160 lanck a costy ophout, vant ick heb de experientie

958 4206 2296 205 dat hij sien braegh is, om tot hier te comen, omdat hij

953 4318 2290 175 sijn vrooninge a costij heeft, & daer door eijde groote preeuditie

3491 160 2498 179 daerom alle mogelijke devoire te doen, om hem te verhaesten

3489 230 2510 200 vermits het nu open rator is, & dat noch al voorst te verwaghte

3484 332 2509 206 hebben, soo moet hij hem spoeden vraer toe gelve te rerchen

3484 396 2485 228 soo ue de oneyst rest van de salftvellen sendt, soo sendt dan

3498 494 2479 222 mede mijne rete cours dit van ul: afvraghtende blijve

3501 576 2482 246 naer ud ingelijck gewenst ue hebben alle benediet eende

3487 687 2519 272 hemelt indesen &opende muue jaer  groete ue van

3474 902 408 141 herten

3646 904 2315 262 3 dalen Calfsvellen, wegende £ 2250„- weeert ƒ1575:-

3504 1041 2430 220 ingesleten een brisselbrief Jan s  75: 13:8 en ten laste Jamee

3515 1129 2453 289 price a costy welcke versoecke be laten accepteren & by faute

3505 1184 2495 327 met prorest terugge te senden oft wel met behoorlyck addras

3518 1421 644 194 geeccepheerten

5288 1405 708 229 Ady 17 Janu 1720

3382 1503 1179 236 Brussel Step: Rousseau

3506 1595 2445 239 pour responce a D'honneur de sa vred. du 5 court ie procurere

3513 1634 2471 288 le necessaire pour vre. remise de £148:9: 4 et de gros, mons.

3521 1727 2464 311 vre frere grans. Rousseau a tirez £150:- de change pour tre

3521 1881 2335 237 compte en attendant le reste qu'il tirera jusqua £500:-

3518 1986 2479 263 alon quil me marque a be ie vous puis estre etile ordonne

3497 2096 2406 265 7 librement qui a 'honneur d'estre sus porfaitemente

5212 2195 722 183 D 2 D. 1720

3445 2292 688 191 seulen d: meser

3488 2309 2476 257 dul. seer deng. Jan 30 pasto wel ontfangen, dat u uijt verneme, dat

3540 2465 2375 247 u: wel maken sal dat in goedt het van den sijn mijne tegen

3534 2567 2480 244 partije, wel overhalen sal  det mits ue soo goedt sal sijn Jan

3534 2637 2488 245 mij 30 4 proeykens over te senden, om den ceus te hebben, sal die

3535 2746 2491 269 afwoghten, & as: als dan mijne openie laeten reeten, het can

3546 2874 2496 215 rel sijn dat abuys hebbe, dat tant leste gewas vraeghde ue moch

3541 2957 2410 215 weeten, dat hij maer inden toecomende somer dienen moet

3544 3081 2449 250 & die soorten vanertijnen worden inden somen meer gedroncken

3536 3158 2445 275 sijnde te koght voor den winten, ick sal ul opinie daer in

3523 3258 2467 210 volgen, maer gelieft reflectie te maken, datter van deegh de

3536 3361 2427 269 maek van catte pis in is, het compt op 2 a 3 mainden

3550 3453 2483 266 niet aen, sijnde de stinterse maenden, soo haest de resolutie

3540 3553 2492 240 sal genomen sijn sal ue scryven hoeveel hamen, dat sult

3540 3647 2467 336 geluve te laten toecomenn dog ider haem, sal particulier

3545 3782 2449 280 moeten sijnn, om dat het voor differente vrinden is, tot ue

3554 3884 2354 308 govrno de proefkens met terlange afroghtende

3546 4022 2320 244 blijve naer seer vrindelycke groetenisse aen ul

3575 4242 493 194 Beninde
