8413 4713
873 240 2204 161 Memusse de wed: le page golder dendoel ady 13 gber cen

1056 311 2206 152 ben verwondert geleeeft dat ue op de rek van den polder niet ghebt

1052 412 2247 166 gecompareet & hadde oock verwaght dat ue ten minsten het jaet paght

1074 496 2189 142 verschenen baus 1721 soude hebben comen betalen vermick het meer als

1058 625 2270 117 redelijck is terwijlen ue al twee oosten in de schuere hebt deshalven

1078 670 2071 160 versoecke het voors jaer paght te comen voldoen dit van ue

1072 790 1073 167 verwaghtende blijve naer groet

901 854 1944 212 den dael deet quesier vergoueven Adij 13 d 4722.

1049 985 2343 187 lsoo id h. de lannsij keere van wijndreght myn schoon vader geobtineert

1075 1121 2157 113 heeft inden grooten rade van mechelen brieven van terried tot het

1067 1216 2236 141 verniever van sijnen chijnsboeckk sijnde die publicat ie van over langh

1070 1314 2242 110 in behooveljcke forme gedaen om ieder een sijne santen gabouten

1069 1393 2349 127 te daen over brengen & daerwouyt bevonden dat cl een stack lants het

1079 1515 2203 143 onder de voors heerelyekheeft uyt den hoofte van ul hueseaelve sijnde in

1058 1578 2322 172 45 caren geen cheanse betoelt gom dat u oft den genen die dat lant aengaet

1055 1689 2322 173 geen schade soude leyden soo ende aen ul hier ingesloten een oxlraet uyt

1063 1780 2342 183 den heerelijcken mijns boce versoeckende tuschen dit gib dagen de canten

1064 1895 2279 184 gabouten over te brengen met de aghterstellinge deniers beboute g

1064 1991 965 172 waer mede naer groet blijve

2664 2017 651 172 Adij 16 gber 1722

923 2122 939 187 amsterdam Francisio Rousseau

1063 2174 2348 158 ue mij seer aengename van 21 sber 9 & 2e pass op sijn tijdt wel ontfanghen

1053 2282 2290 152 het inhouden wel verstaen, de twee boutenage thee bossen sijn mij wel

1056 2369 2311 204 behandight p schipper Rijer clooster, bedancke ue voor de moeyte & sorge

1069 2468 2302 172 hier ontrent gedraghen. Sacherboom heeft mij hier van alles siemise

1054 2547 2352 215 gegeven, rakende onse thie, dogh mijne opinie is soo goedt niet als de sijne

1036 2649 2363 219 & nu noch minder alsoo vernomen hebbe, de twee naeschepen der cong

1083 2732 2302 194 ontrent hondert & vijftigh duysent pouden thie hebben mede gebroght

1052 2805 2305 194 dat mij seer serancke gmoet geeft, e ben bedught tot ons capitael te

1052 2959 2285 167 comen watter van is, oft sijn sal moete dat van ue: vernemen

1064 2995 2284 236 naest comende jaer wort maer een clijn schepie met thie tot

1073 3092 2285 243 oftende verwaght wat onse comp: aengaet isser tet nu toe wets

1065 3213 2286 204 van te melden, & sijn heydeblijcke mayestijdt heeft permissie gegeven

1067 3299 2310 225 de drij gedestineerde schepen, te weeten een op moece, een op bengale

1040 3403 2328 207 & een op canton te laten vertrecken, op conditie nochtans, ingevalle

1069 3524 2345 178 de comp. voor het eijndighen van Janu. 1723 toecomende geformeert is

1058 3608 2276 195 dat het aen die comp. voij sal staen, die schepen over te nemen

1066 3691 2331 245 ten prijse gelijck gelieft hebben, & de geintresteerde te rambourseren

1068 3808 2298 189 met den intrest en gelde oft actien in ditto comp., dogh mmant

1068 3884 2308 191 is van opinie dat voort escpireren van den voors tijdt de comp.

1058 3991 2155 249 geformeert, oft in staedt soude connen wesen soo hier ontrent

1061 4096 2258 207 iets van vemarque verneme, sal niet naelaten ue: paert van te

1063 4291 256 104 geven

1086 4232 2287 234 mijnheer terwijlen ul soo goedt gelieft te sijn, van wel te willen

3575 213 2438 117 een sachet voor mij te laten graveren, a costy, soo neme de libetijdt van

3570 312 2456 128 ue: hier benevens toe te senden mijn wapingh daer bij iwetie voor den

3562 377 2443 138 graveerder het soiude int silver moeten gegravert worden, & eerst een sack

3553 449 2450 120 signet dogh versoecke eerst eens dens iets te sien vant werckk van den

3552 551 2273 120 meeste als maer wel soude syn soude op den gluys soo niet lien

3570 596 2455 154 excuseert dete importune comissie & waeren ue van gelijcken eenigen

3570 678 2459 163 aengenamen dienst can doen gelieve te comanderen, die met de uyterste

3558 808 519 148 fectie blijve

5386 805 599 168 Adj 17 gber 1722

3481 862 913 172 hier margo suyers tafeliereste

3568 986 2433 106 volgens ue ordre soo sende aen ue hier onder de notdie vant gene mij noch is

3571 1047 2319 154 comende tot voldoeninge van de twee taselbrieven van van der stappen

3560 1141 2035 130 voor ƒ 2000:-& van diricsens voor ƒ 4000:- is als volght

5620 1236 335 113 ƒ 2000:-

3576 1243 1289 114 den tatelbrief van van der stappen is

3562 1320 2398 114 waer van den intrest was 6 maenden min 10d. a ½P: maendt „ 59:

3569 1413 2410 149 den tatelbrief van diricksens het eerste payement was 7 meert 1722 „ 2000:-

3574 1522 2450 119 intrest van ƒ 2000:- sedert 3 meert tot 6 gber sijn 8 maenden a ½  „80:-

3555 1605 2465 116 het tweede payement van diricksens wels 8 april 1222 voor„2000:-

3575 1676 2112 131 intrest van ƒ 2000:- sedert 3 april tot 14 gber sijn 2 maenden 6 dage

3577 1764 2057 120 doch rekene maer t maenden al hoe wel mij noch comt gelijck e

3557 1843 2033 127 stot hier onder om dat hier vooren een dagh meer resene quat ick

3571 1973 2105 116 ƒ 210:- meer betaelt heeft op 8 sber als de brief van van der stappen

3571 2016 2031 149 met den intrest importenrde & hebbe liever minder als te veel dus

3589 2110 2078 129 intrest van de laeste ƒ 2000:- sedert 8 april tot 14 sber resne

5786 2100 187 194 20:-

5596 2205 70 68 „

3567 2198 479 164 1 mainden zjn

4979 2257 1006 174 is daen want gelt ƒ 6209:-

3804 2363 1183 192 daer op heeft ick mij betaelt als volght

5601 2458 387 165 ƒ 714:-

3562 2487 1329 143 op 21 sber van ue tot hier sijnde ontfanghen .

5606 2581 329 107 „1555:

3571 2598 1783 137 op 8 sber van ue. selver hier t'antwerpen synde ontfanghen

5616 2659 372 125 „ 2030:-

3562 2663 1310 149 op 6 gber door ue dochter mij toegesonden

3569 2752 2380 165 op 14 gber van ue selver, hier tot antwerpen sijnde ontfanghen ... „ 1498:

4740 2919 1243 135 samen op rekeninge ontfangen ƒ 5797:-

4042 2992 1962 143 dus moet ue mij noch senden tot salde bant voors„ 412:-

4816 3143 1143 129 es dan samen het slot ƒ 6209:-

3589 3215 1859 142 soo gelieve mij toecomende brijdagh dan toetertenden dese

3581 3296 2465 124 ƒ412:- courant gelt sal dan aen ue den taselbrief van diricesens toestuven

3563 3403 2410 140 & hier aenden voedt deser, heeft ick, de voordere notitie vande taselbrieven

3588 3493 2376 147 die dan noch onder mij blijven, tot uu gouverno dit gelt dan afwaghtende

3579 3581 869 151 blijve naer groetenisse

4070 3629 1533 187 resterende bafelbrieven onder mij beruttende

5561 3740 379 161 ƒ 2729:-

3575 3755 1076 147 den tuselbrief van hoefwagels

5567 3851 462 143 „2595:19

3576 3856 1046 158 den tatelbrief van Jan Rijpens

5571 3931 406 173 „ 1231:-

3572 3954 1104 164 den taselbrief van niuwenhuyse

5587 4092 431 133 „ 5595:19
