8276 4692
921 225 2386 143 Jonard, sil viend aujourdhuy en ville sinon, ie vous l'envoyerez l'amedy prochain

904 323 2383 128 p la barque marchande de brulelles, a la trompette marine, il vous plaira

938 421 1231 128 cependant me crediter comme en suite

948 462 1365 192 e 3 sarges balt. brun rousses a l'ettrel 22 gd a

2059 554 1199 180 al g p 8 ps ƒ 23:10  ƒ188:-

971 606 573 136 „4 ditto espines

2061 655 263 166 22 d.

970 710 578 125 a 1 ditto Jaspee

946 744 2315 197 paijable en argent de change, & qu ie vous puis rendre servie commande

931 878 795 150 qui a l'honneur d'estre

2563 869 662 170 Ady 20 april 1720

758 973 840 158 Brussel Steph: Rousseau

920 1005 2365 236 J'ay l'honneur de vos lettres du 5.22, & 12 contt: & celon vos avis, ie vous

915 1155 1585 190 ay debite pour ƒ300:- receu de de werner

1434 1240 1020 151 „312:- de Jean de broe

920 1323 2408 203 p vre derniere deux lettres de change que ie vous renvoije cy joint

949 1424 2269 223 accepte, c'est le suject de cette, & suis avec ffres de mes services

2658 1514 567 149 Adij 22 d

781 1566 783 172 Londen herles Bollengier

962 1620 2279 195 ue aengename t deses wel ontfanghen dienende tet antwoordt op mijne

955 1712 2322 182 van 3 a8 ditto & vervolgens mijne ordre met de laeste remitterrt uk mij

969 1810 2292 156 in brief ten latte dheer francises de latistrate  £250:- a 36:6 waer

962 1876 2304 190 vooren het noodigh sal besorgen, & op sijn tijdt ue: daer vooren frediteren

975 1984 2312 174 wat aengaet die sntrest die ue goedt doen wilt van mijne penningen

961 2064 2330 175 voor dien tijdt van 3 maenden, segge dat sultt eene bagatelle is, voor soo

959 2126 2347 215 laten tijdt & sien oock geene occasie a cottij voor comen sal om de selve

956 2230 2336 199 tot profijt te employeren derhalven sal  mij gelieven te remitteren

966 2321 2349 225 op ansst oft wel op antwerpen, soo als met mijnee voerigen vermelt, mis

974 2411 2286 202 instaende voor de brieven eghter als ue mij in ue eygene brieven

962 2485 2369 243 remitteren can, sal mij lief sijn vermits in soo hoose proovisie nit

968 2583 2303 232 vallen sal, op antwerpen onder 36:6 niet & op antf a 36: 157 & dat

972 2758 1820 182 sal mij dan op amtt. avant agieuser sijn tot gauverno

963 2809 2362 221 hebbe heden op Cort connen trecken a 364 en dogh dans vreele dat

956 2898 2387 206 voorders houdt geremitteert hebben hebbe sulte niet derven aenveirden

971 2969 2338 280 op 2 usos it a 36 p sal dan cito ul remises afwaghten blijve

982 3136 1470 186 uk: is gedebiteert voor £15- divident van

2593 3174 668 196 Ady 24d. 1720

995 3280 1143 188 de Zetze: vervalln sbr 1719

801 3410 793 159 Londen Charses Bollengiel

997 3396 2331 229 op 22 deser was aen ue mijne laetten via hollent waer mede positive

990 3492 2349 209 ordre gegeven hebbe, om mij te remitteren, tggne mij is comende dogh

995 3569 2375 254 onder de 36:6 en op antwopen  36:1 e op amts niet voorderghne

1006 3681 2228 201 mij aen den selve  heden hebben wij wederom van costij brieven

1004 3778 2368 206 becomen, daer onder geene van up & de wissel was a cottij op antwopn

999 3846 2327 219 36:8 ent menterende a lus: rutteert mij niet dat mij wat gevoelee doedt

1017 3909 2339 255 wille niet dencken, dat ul de laege wissel voor mij soecht af te waghten

1008 4018 2305 238 op remst. wat de selve 36„3:7 oock monterende tot die pruijs salt

1027 4110 2327 256 mij altijdt avantagieuser sijn remises op ans als wil op antwerpnen

973 4176 2370 233 d'een en dander sal mij eghte aengenaem sijn soo desen dient of

1018 4272 2350 259 te seggen, dat mijne kenniegen wille geremitteert hebben, & van

3545 180 2455 158 dee wissel profiteren sonder meer maer nede blijve in fwaghtinge

3543 287 2371 140 van de renises voort gene mij is comende, & groete ue van lherten

5269 358 721 145 Ady 26 april 1720

3394 373 770 168 £s chowet wed: robert

3542 442 2458 174 beyde ue aengename van 16 gand. lest & 18 deser wel ontfanghen, met den

3536 535 2474 169 eersten drij pont suysier candys dat ue met occasie voldoen sal & tot antwoorde

3539 633 2422 195 op ue. laeste segge, dat de stucken lijnwaten noch bij hebbe, sijnde geene

3528 727 2471 142 occcasien voorgecomen, om die te perpacken, ben selfs verwondert dat geene

3530 824 2385 167 ordre voor tijken crijge, oft het willens becomt weete niet hope dat het

3537 879 2469 190 beteren sal, & soo occasie sae hebben, om ue stuck lijvoet te verpackenn

3531 988 2385 184 sal dat dan employeren, om ue: geene onnodige vraghten aen te doen

3532 1092 2321 169 soude verlede wesie geantwoordt hebben, maer als brief is mij te laet

3538 1200 1655 202 behandight geweest, groete ue van haten & blijve

5415 1196 464 192 Adij 26 d

3405 1337 543 176 brugge rentergen

3538 1368 2449 179 op 14 deser was aen ue mijnen laetten waer aen mij gedrage sedert geene van

3554 1455 2427 184 ul: ontfanghen, dat mij doedt vermoeden, ue: de larges niet cont aen den man

3540 1551 2481 156 helpen, soo sijnde versoecke de stalen wederom te senden, & waer in ul dienst

3539 1644 2012 192 can wesen, te gebreden die naer vindelijcke groetenisse blijve

5421 1749 470 158 Adij 22d

3406 1783 765 184 Brussel Steph: Rousseau

3510 1815 2508 213 le 20 jme court. fut a vre grace ma derniere, a la quelle ie me cerfore

3507 1956 2518 165 dpuis j'ay l'honneurs de la vre du 23 court: avec avis, qu'avez receu de

3524 2041 1919 219 la verfve le fays ƒ300:- dont ie vous ay debite

3542 2164 2443 164 ie vous envoye y jjoint une lettre de change de £100:- sterlin a

3536 2277 2464 140 la charge de S: Cristophere de clons & van deu berq, que ie vous prie de

3522 2341 2443 159 faire accepter ou protester, & me la renvoijer, ie vous salue & lus de

3530 2502 282 145 Coeu

5412 2490 452 175 Ady 29 d

3434 2573 807 175 Turthaudt Cgidius Saven

3543 2652 2470 166 met ue laette brief van 14 deser sien dat ul: begeirde de 6 ps. tijtken

3547 2799 2470 114 voor ue rek. tot london soude laten leggen, alhoewel geschreven hadde

3549 2921 2479 127 aen mijn vrindt die ten besten mogelijckx te benefveeren, & dat de schade

3555 3011 2414 144 hem soude vergoeden, uk sulter heeft mij geleydt dat aen mijn vrindt

3563 3121 2432 128 niet voorder schrijven sodde, ghen die laten vercoopen, dat oock soo

3546 3193 2464 168 gedaen hebbe, dogh noch geen antwoordt becomen, ick vreele dat die

3511 3301 1187 153 balant wel moghte quyt rasken

3564 3363 2457 194 een ander vrindt vraeght mij een partije moorkens van alderley couleur

3559 3512 2367 146 als hier onder daerom laet mij weeten, hoe veel ul van ider bij

3569 3612 2480 152 heeft, sonde faute tegens donderdagh, & sal vrijdagh ul dan antwoorde

3563 3692 2473 186 waer mede blijve, & bedancke ue voor de sneppen die mij hebt gesonden

3550 3813 410 160 blouw & uit

3553 3924 383 106 goodt & wit

3562 3990 479 124 voort op roodt

3568 4073 400 158 groeu & wit

3535 4157 525 141 brang ie & wit

3568 4269 470 132 rrort & geil
