8310 4740
1856 287 1435 138 Aens 3 pr cobrogeger. vernal ceb won

736 361 2628 144 if semoire des terres achetes pour Monsr. facque

707 467 2665 174 de fannoy bug de swijndrecht d'anvers chebrpe

730 559 2669 208 dans la iense de s bouvriee a  ambrechies occupe

752 662 1543 174 par Pierre CBoussemant

756 772 2632 165 60 oft tom Dix Bens de Herres achates le 5 suillet 1711

1056 900 2230 172 pour le dit csieur blacques de lannoy par s pold

1013 998 2273 141 sderbonnet de Guillebert die mont fils de seu

1037 1095 2280 162 quillaume a lavoir trois ons ou environs

1050 1207 2283 129 dee faleur gisans au dit lambrechies tence die

1033 1280 2266 150 domaine de Lille aboutans de biese, medy

1041 1391 2259 112 loonnchant pete ebbouse nau de ferres de sieur

1036 1465 2158 151 de  kamnoy et sencor trois autres ens ou

1034 1536 2326 179 environs de pareil faber prise ene fie bens

1030 1645 2355 167 gisans que egerses tenus dela ofne dherseaux

2831 1734 58 69 2d

1004 1762 2372 152 bouta de bieges cott logichante aure herres

1010 1845 2375 120 die diegerhisder fangvoy e me a celles e senne

991 1920 2405 159 die ½ mont Peuves ve de ber e d halleure elt d'escase

1010 2049 2279 122 auxd Acois loens de fabeur appentenants sau dit

985 2132 2322 143 lieur de lannoj par achapt quil en a fait

969 2188 1820 231 de christophe, Jan I Dame ƒ35108

3080 2260 165 177 98

1025 2353 2257 210 Hen trois bens de terres as falaer gisans a

734 2397 212 186 a55

3340 2490 53 96 s

1034 2468 2122 173 il lambrechies teie de  g & hergeaute

1031 2597 2358 151 Jt de len habbutas de bieze et bouchanu

1031 2654 2299 156 lause cheritage de sj de lannoy et des cosse a celles

1014 2771 2382 145 des heritier de fece guijslaume Ide mont  stern deux

1024 2856 2342 114 bens trois quartron et cincg prrtites arges aussi

2039 2945 53 72 le

2569 2968 53 72 d

2612 2964 56 73 2

2367 2966 100 67 mej

2869 2988 79 53 126

3170 2989 59 71 2

1041 2925 2347 204 on f meg fuledulre de laurs hautes ouc kamges a causes de saur salle de selly

1008 3062 2342 101 Aille noy onfans de breze est j'excosse a theritage

999 3139 2303 95 die dit s de fannoret de ouchant a celle des holrs

986 3203 2388 90 die dit quillaune e mont, I tem csept quartions ou

1001 3244 2391 123 en l aussi labeur gisand al dit luy fenes de la

1010 3349 2353 126 sigue de le ign aboutant, de visre a Theritage

1009 3444 2329 97 de cupe par aistone, bix de triedy a cheritage du

959 3501 2437 129 dit a chteur deversse a 3 cheritage jonause a pars pases

999 3569 2398 142 cfeles de lafleour etrde lopuchants au dit sacheter et

1006 3642 2391 122 en enter ou zeusipons aussile Labeur gisans au dit

1011 3731 2280 120 lien kenuy den e cie de le igne habouitant de

1014 3809 2352 143 biege ae fheritge occupe  par an thoime lix de midy

1017 3914 2338 119 et eoouchansteres themtage, die dit achiseer et dacosse

1008 3983 2385 148 a heritage occupe par plles charles de la loount

1669 4059 242 95 uillet

1020 4074 490 111 a chete tous

3069 4091 270 121 Jacques

1042 4079 1779 123 als ge andre. hacesilion, pe lobel furu

2794 4090 274 142 urd £

1044 4174 1697 111 er kannois pa seo pole desbontiet de gnechel

2827 4177 556 99 gllies preseureu

776 4189 703 163 en qualite de proqurest

981 4203 2362 163 Specuat de schriftophe an Costame, et marie therese

998 4315 918 164 Parent Dafemine

760 4411 1800 184 £ 555 verges be kers rapportes a lautre cootte

2019 4506 56 76 ƒ

3423 243 2623 161 dit de ne lavoir jamais occupe, ce quilleveut sipposes devoir estie des terres 18

3443 339 2493 122 nequise p son pere, ou il y at une piee de pareille grandeur, mais elle est

3435 420 2366 133 sene de domaines de lille en francqlloeus comme vous verrez plus

3455 479 2533 195 amqplement p le mrnoire icy joint t le quelle vous verrez aussij quil y

3447 587 2518 164 580 veryes de terres d'avaitages, p luy aschete quil ne marque p le

3449 684 2515 162 memoire, que vous avez eu la bonte,  m'envoyer puis que les dittes terres

3458 782 2462 160 chete montent a 2435 verges & vre etite memoire ils ne porteroint en

3450 861 2571 186 totae que 1855 verget ce qui est cerainement un erreur mais a legard que

3467 952 2459 203 bousfemart. le plaint de ce quiloceux moint desterres, que son baille ne

3456 1044 2566 210 morte, ie ne slaurois entrer la dissuren descutions, mais il est vray, que ie vois

3452 1159 2593 214 p la vielle priserce faite le 16 avre 1701 quelle monte a 19 bonuers qu'atte

3471 1234 2517 219 ant d'heritage, & p la lettre de balle de desbonnet, passe a lille le 15 jullet

3472 1328 2533 235 ƒ209: ie vois quelle est love, pour ee bonneers on environs, sans rien livrer

3470 1460 2565 215 p mesures & la grandeur des pieces de terres ne saceordent mullement ie ne

3478 1554 2457 215 siay point dai provient cette disfrence ny mon espouze ne scait point

3473 1632 2541 262 que son pere auroit a chete quelqe terres entre ce tems la, cependant elle

3495 1751 2489 227 a trouve a propos que ie vous envojerois une memoire des grandeurs des

3482 1831 2532 281 pieces des teres, comme ille sont marque, dans la vielle prisirie, pour que

3475 1954 2549 221 vous pourriez la confronter contre celle que vous avez a lille, s'il vous plait

3489 2024 2572 282 car comme nous ne scavons pout combien de cent quil y vat dans un bonnier

3493 2162 2451 234 a lentour de lille, nous ne sairont en fain le compte vous me ferriez

3479 2235 2578 237 plaisir de me le vouloir marquer p creasion, comme aussj, comme vous auray

3456 2374 2579 240 frouve le tout en vous demandant mille excauses des penus, que ie vous donne

3473 2449 2567 245 vons remerciant tres huniblement de celle que vous avez bien voulu prendre

3487 2593 2535 182 de mesme fait aussij mon espouze, qui ne souhaiteroit comme moy que les

3489 2667 2515 250 cccasions de vous pouvoir aussij estre le faire plaisir, & dans cette attente

3499 2789 2466 208 elle vous assure de ses respects  permette ma chere tante, que nous faissons

3502 2868 2522 243 biens de complimenss. a toite vre chere famile estant tres respectuensemt

4121 2964 1959 196 nie vous prie de me vouloir marquer le change Ady 2 xber 177

3453 3074 1543 181 Gudt Cozar ferdiand Coppens d'auvers ou d'amsterdam

3504 3131 2451 179 J'ay appris avec bien du plaisu p la chere vre du 22 du passe, vre proces gague

3489 3214 2542 218 coutre les leerse & consorts en vous en felicitant de tout mon coeur, comme aussij

3516 3321 2482 191 mon espouze, qui dit, que peut estre vous n'auvez point considerd la grande

3428 3457 2583 161 volome de trois comptes adjitte & liguide avec feu le S: ferdinand loetaert de

3420 3553 2558 164 bruges & que vous trouverez egalement les originailes reciproquet a la ditte

3423 3634 2603 214 maison, signe p la dit desfienr toetant & feu vre beau pere, dont le dernier

3528 3746 2508 163 compte lwy fat presente le 22 jullet 1718 estant a bouges en personne je

3528 3890 2530 135 le quel revenoit a nre dit beau pere, £21:2:11½ de gros dont mon espouze

3419 3943 2618 212 a ditt le payement du solde estre fait selon la memoire le mesme date a fen

3521 4057 2528 174 son pere, que vous pourriez mieu voire cependant p la quittance en donne

3524 4200 2394 129 si ne an moins, vous iuge avoir besoing de ce dernier compte de soetaert

3521 4255 2537 224 on vous en fera tirot copce p vous r'envoyeray ausitost, quil sera fait dont

3403 4394 78 90 mat

3518 4360 2555 188 le tems liite, que vous marque, devoir partir pour bruges fut trop court & a le gard
