8317 4733
3744 1127 1220 197 Antwerpen da 3 deaner 1725

2932 1243 1640 162 2 wijndrecht Monsr. Schockaert procurecer

2980 1480 421 87 1ondieur

2951 1522 2001 206 verhope dat Lu mons Moensens mijne

2979 1646 1916 154 conmissie aen hem gegeven an ue te

2968 1760 1878 121 versoecken van de heerelijcheyt van

2932 1806 1820 172 sewyndrecht met alle haere premitentien

2904 1879 2080 224 appendentie en dependentiel van dien wel

2940 1994 1985 158 te willen schatten gesaementlijck met

2954 2071 1977 198 den Borgeneerter verstraeten  sal

2960 2194 2029 133 hebben olbracht doch alsoo o daer van

2939 2234 1981 184 geen de over geen de mino te tijdinge

2945 2326 2007 157 becommen hebbe soo is desen diekende om

2980 2421 2031 153 ue 4 selve andermael te versoecken

3017 2507 2010 132 sale ue daer oor brijder voldoen onder

3732 2610 178 73 willes

2922 2623 371 98 als med omp

2924 2597 2091 187 oock appaert te schatten de twee gemetens

4832 2679 197 64 n packt

2959 2694 2061 159 280 roeden landts gelegen onder beurght aen

2962 2766 1973 194 oornelis Coattoir en alsoo d heer Raedtheer

2967 2865 1906 165 Cooppens schickt over te coommens tegens

4638 2941 222 130 Se

4528 2968 90 88 4

2977 2968 1531 152 seers mes soo alsenschte issel alle

3559 3016 1465 124 geroete aende sal ue gaer over bej v sdoen

2987 3099 1976 150 daer tegens geda te hebben aen verhope

4349 3143 177 74 sijn

3632 3140 1294 136 goet sult willen ans den

3414 3201 183 90 soo

4410 3239 55 72 4

2957 3209 1454 139 ue  omparcken op ssheeren huijs om

3908 3241 1134 144 danoererens de leynse

2948 3291 710 126 denden jaers dagh

3009 3297 1271 141 aldaer op ontfangen volgens gewesonte

2972 3341 1975 148 to vallen tgen hopende de voors chreve

2977 3427 2029 176 heerelijckheijt en de selve aen te teeckenen op

2988 3504 1985 157 den beynoboeck en als ue ondertusschen over

2986 3602 1961 155 cromt sult mij plaisir doen van mij te

3020 3651 1954 171 oomen bec het noenmael te ccommen

3040 3722 2068 162 houden en in dese verwachtinge met de voongenels

3047 3829 732 98 blijve Timerelijck
