8262 4685
2629 221 661 136 Adij 31 meiy 17201

791 256 573 153 Cortrijck le Camus

946 302 2348 156 in gevolge het advies van dheer L.S: Waldaer, met sijn aengename van 25 courant

925 449 2374 94 ck ul absentie mij gegeven op mijn versoeck soo neme de libertjt hier beneven

938 536 2338 115 ue toe te senden drij quitantien ider van een hondert guldens, tijfrente tot latte

905 599 2372 174 de Casselarge van Cntrijck voor het iaer 1703. & hope dat uks int cort die voort

923 694 2380 190 jaer 1708 mede sal vragen, vermits andere die garen al hebben ontfanghe me

909 807 2379 137 seght mij dat die van cortrijck hier crediet, bij die van antwerpen soocken te

924 904 2353 162 eerstellen, om des noodts sjnde, gedient te sonnen worden int opschieten van

937 953 2322 223 penningga, & dat bij daerom alle mogelijcke devoiven doen sullen, om de aghter

930 1081 2370 155 stallige croisen te voldoen, mij vertrouewende op ue vrindtschap, & dat geweten

946 1162 2168 187 sal dat andere al hebben ontfanghen  noch int sint becomen tullen.

873 1257 2436 171 de brief poorten & andere oncosten die daersonden connen comen sal ue s mit

900 1358 2396 193 duuytende obligatien vergoeden, & t sal mij aengenaem sijn als ue de waerde

948 1478 2364 176 van de voors 3 quitantien mij sende resvilteren een lettersten tot antwoodt

953 1591 2301 138 van ontfangh deser dat de quitantien uf: toegecomen sijn sal mij veel

962 1676 2311 182 gerustjt geven waer mede naer dienst presentatie & met respeet blijve

2741 1748 418 175 Ady ditto

782 1793 1212 209 Brussel advianus van den dressche

962 1934 2312 153 tot antwoorrt op ue aengename van 26 deser sugge als dat met het

961 1999 2365 204 nieus convoij aengecomen, geen sarges becomen hebbe, te weeten gemenget

953 2105 2377 183 couleuven sarges maer wel perpet: & swerte geverfde larges tant claverttre

958 2222 2361 139 het sleght de biet de menige vuldige differente couleuren die men un sacqus

974 2338 2322 150 hebben moet, & soo wijnigh profijt, heeft mij genoodssaeht de gacouleurde

969 2437 2350 129 sarges te quitteren, soo dat niet anders sal doen, als in perpet: witen

977 2509 2265 164 libert & geverf de larges, tot dat den tyt betert, dat goet wil verlienen

977 2617 2289 174 can ue dontt don met eenige witte oft swere perpet: ot sacqes

983 2670 2291 248 gelieve te comanderen die alteiyt met de uyterste genegentijt sal sijn

2739 2819 407 175 Adij ditto

946 2845 337 173 & blijve

798 2930 1114 222 Brugge Lauvenca van Rentergen

993 3011 2208 209 op 29 deser was aen ue mijnen laesten, waer aen mij gedrage heden

1002 3158 2288 162 examinere de oncost rek. op het pack perped: & bevinde dat ick: in uk

992 3231 2326 213 prejuditie stelt de vraght 30 ps a ost: wisselgelde, uyt getrocken in

970 3342 2335 196 courant gelt £1:15:0. moet sijn £2:6:10 et de velt is wel,  compt nm

1002 3454 2342 209 in plaets van £6:16:2 en courant £7:2:0 et waer voeren ge creditar

984 3580 2283 157 hebbe in wissel gelde ƒ36:10:6 et dat voorders gelieve tenamineren

984 3717 1208 152 &soo bevindende conform te noteren

978 3774 2238 168 de oncolt  opt pack tijken is wel, & ck is gecrediteet oock in

1013 3883 2313 180 wissel gelde ƒ 10:2:6 en dit tot ul. naeright & blijve naer groetenisse

5192 183 776 160 Adij 3 Junij 1720

3557 218 117 69 m

3394 213 883 180 amtt: francisio Rousseau

3505 289 2366 178 ue mij seer aengename van 8 & 11 janu lest & 30 pass wel ontfanghen

3522 371 2449 162 met den eertten advies dat uk voor ick: van ue broeder dheer steph: rousseau

3516 492 2322 155 op mij noch getrocken hadde £323:6:8 en  dato ordre thomas ray

3506 585 2417 150 weirde melchior van susteren wilsse prompt voldaen hebbe, & ick broeder

3513 678 2452 133 ick: daer mijde belast met den t weeden verneme mijne remise va ƒ 129:1

3505 764 2403 144 malkende holb: court £21:10:2 en op hoogerwoert s loon, ue wel was geworden

3460 884 2498 148 dienende tot slot onser voorige ik & in gevolge ue laeste, sal aen ue traitte

3514 964 1872 145 van ƒ2000:- voor rk: als vooran alle pere bewijsen

3521 1031 2468 190 hebbe geen intrest in de banck van engelant maer wel in de lettoye anuities &n

3472 1155 2504 148 de luyt die comp. gehadt daer al te haestigh mede geweest hebbe die actien volgen

3510 1197 2426 210 den missilippy, & het it sterck te beduchten dutter metter tijt veele daer door

3505 1293 1815 200 sullen gecrment worden, & bangiueroeten uyt spuyten.

3518 1384 2402 195 ingesloten remittere ue £520:- banoo in brief van so £300:- a 36 p uyt

3504 1480 2490 205 london van  april een uso ten laste dheer melchier van  tuusschr

3855 1632 183 75 3 mey

3506 1593 2469 222 sijnde heden den verval dage welke gelieve in te voorderen & sal daer niet

3519 1694 2417 173 occasie van disponeren sijnde de wissel te laegh om hier in te trecken

3476 1778 2534 209 dattor a costij occasie war om eenige perninge tot prosijt t'employen

3497 1832 2515 233 soude mij aengenaem sijn den ontfangh deser weort ue gerecomandet

3506 1940 2479 239 p'adviseren, aen die met ofres van dienst & seer minsame groete. blijve

5329 2052 581 172 Ady 5 Junij

3397 2139 788 175 Brussel Steph: Rousseau

3501 2155 2490 268 J'ay receu l'honneur des vres. u P & 3 courant la traitte de mons: frans.

3468 2302 2433 214 rousseau vre frere pour vre compte de ƒ2000:- est satisfait, p vre

3451 2403 2562 185 derniere, i'ay remise pour ƒ2000:- courant argent de change ƒ857:3

3519 2476 2494 251 sur moiss Jacobus de Coniices dont, vous este credite ie vous salue & suis touyois

5352 2575 423 171 Ady 7d

3391 2645 871 197 Turnhut hendrick Vieghs

3537 2754 2430 198 ue aengename van 21 pass op sijn tijck wel ontfanghen dien volgens

3519 2834 2476 175 hadde de 6ps. moorkens groe & wit al verwaght verwindere mij dat

3528 2928 2484 227 ick die niet tendt synde ten hooghteen dae bij verlegen versoecke at

3494 3038 2518 227 desen de selve op het alderspoedighste te senden & in afwaghtinge blijve

3518 3188 1240 163 naer seer vrindelycke groeteisse

3512 3212 2465 275 soo de andere geordonneerde couleuran bij nae genecectt bij

5394 3358 444 204 Ady 12d

3534 3397 1146 186 veseece cito te late weeten

3411 3510 866 189 London Schoppens &Edwards

3529 3556 2446 243 ue aengename van 13 pass 0:5. op sijn tijdt wel ontfanghen, hebbe met

3526 3693 2427 172 mijn broeder pedro volgens ck schrijven, ontrent de aetren largs gesprofien

3522 3797 2408 165 & hieft ue op 29 pass daer over geschreven, als men van eerst af aen

3518 3858 2515 197 daer niet inne compt sonder eenigh avance te betalen, ist niet geraedsaen

3530 3997 2429 154 want soo wel als alle de actien clinmen comen op den selfven voedt

3527 4086 2427 154 dalen alles gaet present sonder fondament & woort maer uijt drief en

3530 4182 2399 183 caprieden gepousseert. de hollantsche gazette massen doorgaens

3533 4288 2467 184 gewach van de visserije comp. & mn is van vast gevoelen, dat
