8406 4713
2464 267 722 157 Adij 31 aug: 1722

854 274 968 155 Turrchout Egidius samen

1044 363 2248 192 met verwonderinge hebbe gesien uyt ue brief van 23 deser

1024 439 2268 183 door ue huysvrouwe mij behandight dat de geordonneerde

1026 573 2241 188 tijken niet meer wilde leveren als voor desen, waer over seer

1023 660 2291 189 gestoort was, te meer om dat ue: suster alle weeken heeft

1023 741 2227 198 comen sien, oft geen ordre hadde & op haer versoecke, hadde de

1048 831 2281 209 eerste aen ue gesonden, considerent als ul: benoodt van gelt was,

1046 956 2075 136 hebbe iue geholpen, & die occasien connen noch voorcomen

1032 1065 2319 146 soo aenstonts comt ul suster nu wederom seggen, als dat die voor

1043 1155 2122 147 dese rejke noch senden sult soo ist, dat ue andermael de

1039 1235 2257 156 notitie hier onder sende dogh moet ul recomanderen van

1032 1319 2213 189 het beste schoontte goedt te senden, want tis eenen goeden

1032 1436 2175 190 calayt, & eenen viesen dief daer om moet ue wel letten

1048 1528 2268 195 & om dat alles wel soude sijn, can ul die op vrijdagh niet

1048 1602 2270 209 senden, soo laet die op sondagh mj toecomen, & gelieft mede

1033 1707 2242 191 van het impert te disponeren, sal contant promt betalen,

1047 1820 1956 174 waer mede in afwaghtinge blijve naer groetenisse

897 1918 1830 216 Amsterdam D'hl ranco Rousseau Ady 7 sber p

1040 2032 2327 177 beyde uel mij seer aengenaem van 27 passt 95 deses op syn tijdt wel ontfangen

1011 2133 2244 164 dat ue aendecl ot den thee niet getrocken hebbe is om dat van ue

1036 2227 2305 203 de oncossen op de selven afgewaght hadde q als soo u die noch niet alles

1056 2329 2312 191 betalle heeft sal noch niets trecken voor sal eer ue mij die netto somme sal

1050 2416 2320 241 gelievens te notteren om den thee daer medeope mijne boecken te belaesten

1066 2511 2291 236 que voor die oncosten op u net particulier te crediteren, dan het

1072 2611 2312 217 restant van ue ½ deel tot ue meesse voordeel trecken hebbe de nitto som

1067 2703 2282 215 van den beloop van den thie op 29 passo. alhier betaelt tis mij liet

1062 2809 2285 174 dat de qualitijdt van eenige cassen hie die ue geproeft heeft goedt bevinde

1073 2917 2308 208 hope de andee volgens sorte mede wel bevinden sult & dat hwiy daer nich een

1060 3006 2317 241 goede intrest bij sullen behalen supponere met wat te waghten met den

1038 3122 2345 172 vercaop geen schade sijn sal echtes reseree mij aen ue dinecke toecome

1066 3214 2305 242 jaert, ander maer een leyn schiphe met thee ap ossende ccamen het

1047 3340 2320 208 schip flandria blijft genomen & den capiteye vant selve is al in Enge

1090 3442 2289 170 aengecomen sijnheyterlijcke mijestijdt hadden t pasporten vergent een op

1092 3522 2292 221 moeca een op bengale qhop panten dogh die sijn ne ingttrocken ghet

1093 3652 2295 190 hof heeft aen het publiey doen te kennen geven dat het aenniemande

1080 3754 2287 212 meer geperinteert sal sijn eenige scheepen op dindien uyt te russen also

1086 3849 2299 136 de copp. tot weeken geformeert & geratificeert is oft dat wercke hier lucken

1088 3940 2283 203 sal woordt sterck getwefelt even wel die comp. sal sekerlijck in staedt

1096 4078 2284 125 niet connen sijn can dit aenstaende gesoen eenige schepen naer canton

1077 4145 2278 166 te senden dit dienst tot ue piculatie nu hett ondt spreeck woordt is

1087 4207 2269 229 beeter te sijn eene sleyne winste seker als een groote oncher doedt naer

1084 4350 1951 188 geraeden waer mede naer seer minsaeme groetenisse blijve

5848 237 149 136 474

4846 237 777 125 adij 9 sber 1722

3466 252 1141 154 Brugge d'hr. Lacerene van Rentergem

3505 371 2504 129 u: aengenaeme van 25 pass wel ontfanghen daer bij de miest reck op de 3 cassen

3552 433 2450 145 waer vooren ue gecoediteert hebbe in wissel gelde ƒ46:8:6: us: sendt mede een

3542 532 2463 170 smeede oncost rek op de bale tijken N37 die van geender waerde is vermits

3566 665 2385 116 ue voor dat montant al geprediteert was desen tot advies als dat op gisteren op

3549 719 2469 168 wagens aen ul toegesonden hebbe en pack D.N.1 inhoudende hondert sthien

3559 797 2455 214 stucken tijten dat vervolgens gelieve te verrlaren 9 p eerste vertreckende schip

3544 925 2467 148 op londen te versenden yt addresseren aen e r Rops cooke gaen mij de oncest

3547 1023 2485 180 trek: op het selve, aso mogelijckx als mede het cognossement bij tijde dit af waghtende

3557 1132 1125 177 blijve naer seer vrandelijcke groetenisse

3479 1200 1087 222 Bruxelles mons: shephano CRousseau

4801 1234 744 195 Adyj 10 dy 1ye

3555 1362 2377 187 a mon retour du petit voyage, mon grere prede melijn au 'a mye en mainis

3564 1465 2436 206 celle que vous m'avez fait l'honneur de mt que le 13 passé qil a eu & soin

3514 1532 2453 203 de procurer payement de vre remise de  400 - a 41¼ as addresse chez mons:

3564 1695 2442 181 martin van hasselt dont vous en est credite en argent de change pour ƒ417:10:

3553 1814 2430 168 g hier ie recois vre agreable du   courant y joint deux aussoe remises

3544 1870 2430 216 seavoir sur mons. ssuyck graequeel ƒ 264:7 courant argent de change

5412 2031 470 169 ƒ 226:1029-

3548 2042 844 204 sur mons: Jean Stephanes

5298 2153 512 125 „ 357:18:

4944 2239 934 190 ensembn ƒ 681:9:9

3569 2269 2360 285 sont ie procureray le requis q 'en an temps vous seray predite de meme

3555 2451 2476 214 ma comp. vous est bien obligt du pait. que vous avez pris de son incomedile

3560 2506 2476 239 quelle a eu a gund grace a dieu cela n'a point en de suile pelle est remise

3565 2674 2483 186 intierment ellt vous fait ses compliment recproque comm aussij a madau

3570 2771 2465 217 vre chem moihy vous priant d'agreer les mee aussij &suis tres cancerement

3484 2838 819 184 ostende d'El van Oottere

4861 2888 795 168 Adij 11 gber 1722

3565 2970 2462 190 uen mij seer aengenaeme van 30 passo op syn tijdt wel ontfanghen met advies dat de

3560 3061 2398 171 recipisse van dh. Jan D2 Cogells voor ƒ7878:4:8 ul wel gevoodden was, dat

3526 3162 2508 180 de selve mijne reste gecrediteert & gesaldart hadde dal seerwel is voorders ue gelieft

3549 3321 2420 135 te notteren datten binnen 2 a  enen bijlander van costij soede vertrecken op

3558 3417 2457 136 antwerpen & dat met den selven alle mjne veroghte comisien als oock die van myn

3564 3499 2444 109 broeder ede afgeonden hebben gsot nu toe hebbe van ue met het minte voordere

3521 3563 2529 193 daer van vernomen soo ift dat ul met desen andermael com indaghtigh te maken

3554 3707 2476 153 m geene occasien voor bij te laten passeren mijn liefste verlanght alle daghen naer

3575 3779 2361 187 ul misive met advies van veyendinge gingevalle noch niet vertrocken is

3569 3881 2411 170 veroeck de 5 dosijnen sailhoren te vergrooten tot aght dosijnen soo het mogelijck is

3562 4014 2495 151 & op heb spoedighste te versenden met het tuck sal qu dat tak huyse gebroght

3563 4124 2454 138 hebbe & het stuck pou seau ingesloten siwee certifcatien van eenen enhoudt

3531 4182 2529 180 d'een om u cossij van te bedienen & d'andere om met den schippermede te geven

3571 4295 2483 154 om onder weghen van de swaere tollen bevrijdt te sijn gbidde ul oostmoedelij

3575 4418 2208 112 van met de versendinge niet se landeren geseckt mede de rek
