<?xml version="1.0" encoding="UTF-8"?>
<alto xmlns:xsi="http://www.w3.org/2001/XMLSchema-instance"
      xmlns="http://www.loc.gov/standards/alto/ns-v4#"
      xmlns:page="http://schema.primaresearch.org/PAGE/gts/pagecontent/2013-07-15"
      xsi:schemaLocation="http://www.loc.gov/standards/alto/ns-v4# https://www.loc.gov/standards/alto/v4/alto.xsd">
   <Description>
      <MeasurementUnit>pixel</MeasurementUnit>
      <OCRProcessing ID="IdOcr">
         <ocrProcessingStep>
            <processingDateTime>2022-02-11T21:40:22.832+01:00</processingDateTime>
            <processingSoftware>
               <softwareCreator>READ COOP</softwareCreator>
               <softwareName>Transkribus</softwareName>
            </processingSoftware>
         </ocrProcessingStep>
      </OCRProcessing>
   </Description>
   <Layout>
      <Page ID="Page1" PHYSICAL_IMG_NR="1" HEIGHT="4754" WIDTH="8077">
         <TopMargin HEIGHT="0" WIDTH="8077" VPOS="0" HPOS="0"/>
         <LeftMargin HEIGHT="4754" WIDTH="0" VPOS="0" HPOS="0"/>
         <RightMargin HEIGHT="4754" WIDTH="0" VPOS="0" HPOS="8077"/>
         <BottomMargin HEIGHT="0" WIDTH="8077" VPOS="4754" HPOS="0"/>
         <PrintSpace HEIGHT="4754" WIDTH="8077" VPOS="0" HPOS="0">
            <TextBlock ID="region_1644472708649_544"
                       HEIGHT="4364"
                       WIDTH="2825"
                       VPOS="127"
                       HPOS="446">
               <Shape>
                  <Polygon POINTS="446,127 3271,127 3271,4491 446,4491"/>
               </Shape>
               <TextLine ID="region_1644472708649_544l1"
                         BASELINE="778,274 898,272 1018,270 1138,268 1258,268 1378,266 1498,266 1618,264 1738,264 1858,264 1978,262 2098,262 2218,262 2338,260 2458,260 2578,260 2698,260 2818,258 2938,258 3058,256 3178,256"
                         HEIGHT="106"
                         WIDTH="2431"
                         VPOS="192"
                         HPOS="762">
                  <String ID="string_region_1644472708649_544l1"
                          HEIGHT="106"
                          WIDTH="2431"
                          VPOS="192"
                          HPOS="762"
                          CONTENT="ontfang deser mijne voonge te beantwoerden om na te"/>
               </TextLine>
               <TextLine ID="region_1644472708649_544l2"
                         BASELINE="794,396 911,390 1029,384 1146,378 1264,375 1382,370 1499,368 1617,366 1734,364 1852,362 1970,360 2087,358 2205,356 2322,356 2440,354 2558,352 2675,350 2793,346 2910,344 3028,340 3146,336"
                         HEIGHT="185"
                         WIDTH="2384"
                         VPOS="269"
                         HPOS="778">
                  <String ID="string_region_1644472708649_544l2"
                          HEIGHT="185"
                          WIDTH="2384"
                          VPOS="269"
                          HPOS="778"
                          CONTENT="reguleren &amp; met verlange ned messiue te gemoet "/>
               </TextLine>
               <TextLine ID="region_1644472708649_544l3"
                         BASELINE="786,504 884,500 982,496 1080,492 1178,488 1276,485 1374,482 1472,478 1570,475 1668,472 1767,469 1865,466 1963,462 2061,460 2159,458 2257,456 2355,454 2453,452 2551,450 2649,448 2748,448"
                         HEIGHT="205"
                         WIDTH="1997"
                         VPOS="353"
                         HPOS="767">
                  <String ID="string_region_1644472708649_544l3"
                          HEIGHT="205"
                          WIDTH="1997"
                          VPOS="353"
                          HPOS="767"
                          CONTENT="seende blijve naer ordeele groetoniste "/>
               </TextLine>
               <TextLine ID="region_1644472708649_544l4"
                         BASELINE="2286,614 2331,610 2376,606 2421,601 2466,597 2512,592 2557,586 2602,581 2647,578 2692,574 2738,570 2783,566 2828,562 2873,560 2918,559 2964,558 3009,558 3054,558 3099,560 3144,564 3190,568"
                         HEIGHT="263"
                         WIDTH="947"
                         VPOS="415"
                         HPOS="2262">
                  <String ID="string_region_1644472708649_544l4"
                          HEIGHT="263"
                          WIDTH="947"
                          VPOS="415"
                          HPOS="2262"
                          CONTENT="Adij 9 augusi 17719"/>
               </TextLine>
               <TextLine ID="region_1644472708649_544l5"
                         BASELINE="564,618 609,618 654,616 699,616 744,614 789,613 834,612 879,610 924,610 969,608 1015,608 1060,606 1105,604 1150,602 1195,602 1240,600 1285,598 1330,596 1375,594 1420,592 1466,590"
                         HEIGHT="211"
                         WIDTH="938"
                         VPOS="464"
                         HPOS="547">
                  <String ID="string_region_1644472708649_544l5"
                          HEIGHT="211"
                          WIDTH="938"
                          VPOS="464"
                          HPOS="547"
                          CONTENT="London George Virgoe"/>
               </TextLine>
               <TextLine ID="region_1644472708649_544l6"
                         BASELINE="566,756 607,752 649,750 690,749 732,746 774,745 815,744 857,742 898,742 940,740 982,739 1023,738 1065,737 1106,736 1148,734 1190,734 1231,732 1273,730 1314,728 1356,726 1398,724"
                         HEIGHT="179"
                         WIDTH="867"
                         VPOS="623"
                         HPOS="547">
                  <String ID="string_region_1644472708649_544l6"
                          HEIGHT="179"
                          WIDTH="867"
                          VPOS="623"
                          HPOS="547"
                          CONTENT="Turnhand R: eeeges"/>
               </TextLine>
               <TextLine ID="region_1644472708649_544l7"
                         BASELINE="2530,754 2561,752 2592,751 2624,748 2655,747 2687,746 2718,745 2749,744 2781,744 2812,744 2844,744 2875,743 2906,742 2938,743 2969,744 3001,744 3032,744 3063,744 3095,744 3126,745 3158,746"
                         HEIGHT="200"
                         WIDTH="661"
                         VPOS="594"
                         HPOS="2513">
                  <String ID="string_region_1644472708649_544l7"
                          HEIGHT="200"
                          WIDTH="661"
                          VPOS="594"
                          HPOS="2513"
                          CONTENT="Ady 14 acgu119"/>
               </TextLine>
               <TextLine ID="region_1644472708649_544l8"
                         BASELINE="788,856 911,847 1035,837 1158,831 1282,825 1405,820 1529,818 1652,816 1776,814 1899,814 2023,816 2146,817 2270,819 2393,822 2517,825 2640,828 2764,832 2887,836 3011,838 3134,842 3258,844"
                         HEIGHT="182"
                         WIDTH="2503"
                         VPOS="745"
                         HPOS="772">
                  <String ID="string_region_1644472708649_544l8"
                          HEIGHT="182"
                          WIDTH="2503"
                          VPOS="745"
                          HPOS="772"
                          CONTENT="us aeng. hangistren wel ontfanggen oock de 63 gprtijken"/>
               </TextLine>
               <TextLine ID="region_1644472708649_544l9"
                         BASELINE="802,956 883,951 965,944 1047,940 1128,936 1210,930 1292,927 1373,923 1455,920 1537,916 1619,914 1700,912 1782,910 1864,907 1945,906 2027,904 2109,902 2190,902 2272,902 2354,900 2436,900"
                         HEIGHT="157"
                         WIDTH="1668"
                         VPOS="824"
                         HPOS="785">
                  <String ID="string_region_1644472708649_544l9"
                          HEIGHT="157"
                          WIDTH="1668"
                          VPOS="824"
                          HPOS="785"
                          CONTENT="waer voorere gecrediteert hebbe als volght"/>
               </TextLine>
               <TextLine ID="region_1644472708649_544l10"
                         BASELINE="2184,1008 2212,1008 2240,1008 2268,1008 2297,1008 2325,1007 2353,1006 2382,1004 2410,1004 2438,1003 2467,1002 2495,1001 2523,999 2551,998 2580,996 2608,994 2636,992 2665,992 2693,991 2721,989 2750,986"
                         HEIGHT="149"
                         WIDTH="600"
                         VPOS="911"
                         HPOS="2167">
                  <String ID="string_region_1644472708649_544l10"
                          HEIGHT="149"
                          WIDTH="600"
                          VPOS="911"
                          HPOS="2167"
                          CONTENT="aƒ 7:17 ƒ 157:"/>
               </TextLine>
               <TextLine ID="region_1644472708649_544l11"
                         BASELINE="848,1048 879,1043 911,1040 942,1038 974,1036 1006,1034 1037,1033 1069,1032 1100,1030 1132,1030 1164,1028 1195,1028 1227,1028 1258,1027 1290,1026 1322,1026 1353,1024 1385,1022 1416,1021 1448,1019 1480,1016"
                         HEIGHT="135"
                         WIDTH="666"
                         VPOS="945"
                         HPOS="830">
                  <String ID="string_region_1644472708649_544l11"
                          HEIGHT="135"
                          WIDTH="666"
                          VPOS="945"
                          HPOS="830"
                          CONTENT="20 ¾ groet loot"/>
               </TextLine>
               <TextLine ID="region_1644472708649_544l12"
                         BASELINE="2162,1096 2196,1093 2230,1091 2264,1090 2298,1088 2333,1086 2367,1084 2401,1084 2435,1082 2469,1081 2504,1080 2538,1080 2572,1078 2606,1076 2640,1075 2675,1074 2709,1071 2743,1068 2777,1066 2811,1064 2846,1058"
                         HEIGHT="137"
                         WIDTH="717"
                         VPOS="1005"
                         HPOS="2145">
                  <String ID="string_region_1644472708649_544l12"
                          HEIGHT="137"
                          WIDTH="717"
                          VPOS="1005"
                          HPOS="2145"
                          CONTENT="„ 9:19 x. 99:10"/>
               </TextLine>
               <TextLine ID="region_1644472708649_544l13"
                         BASELINE="878,1118 904,1118 930,1118 956,1118 983,1118 1009,1118 1035,1117 1062,1116 1088,1116 1114,1114 1141,1112 1167,1111 1193,1110 1219,1108 1246,1108 1272,1107 1298,1106 1325,1106 1351,1106 1377,1106 1404,1106"
                         HEIGHT="139"
                         WIDTH="560"
                         VPOS="1033"
                         HPOS="861">
                  <String ID="string_region_1644472708649_544l13"
                          HEIGHT="139"
                          WIDTH="560"
                          VPOS="1033"
                          HPOS="861"
                          CONTENT="104 3 segels"/>
               </TextLine>
               <TextLine ID="region_1644472708649_544l14"
                         BASELINE="2236,1172 2266,1172 2297,1171 2328,1170 2358,1170 2389,1168 2420,1168 2450,1168 2481,1167 2512,1166 2543,1166 2573,1166 2604,1166 2635,1164 2665,1164 2696,1163 2727,1162 2757,1162 2788,1161 2819,1160 2850,1158"
                         HEIGHT="151"
                         WIDTH="646"
                         VPOS="1078"
                         HPOS="2220">
                  <String ID="string_region_1644472708649_544l14"
                          HEIGHT="151"
                          WIDTH="646"
                          VPOS="1078"
                          HPOS="2220"
                          CONTENT="„9:19 „ 99:10"/>
               </TextLine>
               <TextLine ID="region_1644472708649_544l15"
                         BASELINE="884,1218 912,1213 940,1211 968,1208 997,1206 1025,1205 1053,1203 1082,1202 1110,1202 1138,1200 1167,1200 1195,1198 1223,1198 1251,1197 1280,1196 1308,1196 1336,1196 1365,1194 1393,1193 1421,1192 1450,1190"
                         HEIGHT="158"
                         WIDTH="601"
                         VPOS="1107"
                         HPOS="867">
                  <String ID="string_region_1644472708649_544l15"
                          HEIGHT="158"
                          WIDTH="601"
                          VPOS="1107"
                          HPOS="867"
                          CONTENT="10 de arbot Loot"/>
               </TextLine>
               <TextLine ID="region_1644472708649_544l16"
                         BASELINE="2238,1262 2265,1259 2293,1258 2321,1256 2349,1254 2377,1253 2404,1252 2432,1252 2460,1251 2488,1250 2516,1250 2543,1250 2571,1250 2599,1250 2627,1250 2655,1250 2682,1252 2710,1252 2738,1252 2766,1252 2794,1250"
                         HEIGHT="119"
                         WIDTH="588"
                         VPOS="1186"
                         HPOS="2222">
                  <String ID="string_region_1644472708649_544l16"
                          HEIGHT="119"
                          WIDTH="588"
                          VPOS="1186"
                          HPOS="2222"
                          CONTENT="„12:-„ 240:-"/>
               </TextLine>
               <TextLine ID="region_1644472708649_544l17"
                         BASELINE="874,1316 900,1318 927,1318 954,1318 981,1318 1008,1316 1035,1316 1062,1315 1089,1314 1116,1312 1143,1311 1169,1309 1196,1308 1223,1308 1250,1306 1277,1305 1304,1304 1331,1304 1358,1304 1385,1304 1412,1304"
                         HEIGHT="151"
                         WIDTH="571"
                         VPOS="1205"
                         HPOS="858">
                  <String ID="string_region_1644472708649_544l17"
                          HEIGHT="151"
                          WIDTH="571"
                          VPOS="1205"
                          HPOS="858"
                          CONTENT="20  3 segels"/>
               </TextLine>
               <TextLine ID="region_1644472708649_544l18"
                         BASELINE="2228,1364 2255,1363 2283,1362 2310,1361 2338,1358 2366,1358 2393,1356 2421,1354 2448,1352 2476,1352 2504,1351 2531,1348 2559,1348 2586,1346 2614,1346 2642,1344 2669,1344 2697,1342 2724,1342 2752,1340 2780,1340"
                         HEIGHT="144"
                         WIDTH="588"
                         VPOS="1258"
                         HPOS="2208">
                  <String ID="string_region_1644472708649_544l18"
                          HEIGHT="144"
                          WIDTH="588"
                          VPOS="1258"
                          HPOS="2208"
                          CONTENT="„10:10„ 21:"/>
               </TextLine>
               <TextLine ID="region_1644472708649_544l19"
                         BASELINE="918,1422 962,1422 1007,1422 1051,1420 1096,1418 1141,1418 1185,1416 1230,1414 1274,1410 1319,1409 1364,1406 1408,1403 1453,1401 1497,1398 1542,1395 1587,1394 1631,1390 1676,1389 1720,1388 1765,1386 1810,1386"
                         HEIGHT="220"
                         WIDTH="931"
                         VPOS="1269"
                         HPOS="898">
                  <String ID="string_region_1644472708649_544l19"
                          HEIGHT="220"
                          WIDTH="931"
                          VPOS="1269"
                          HPOS="898"
                          CONTENT="2 3 segels moor here"/>
               </TextLine>
               <TextLine ID="region_1644472708649_544l20"
                         BASELINE="2488,1510 2513,1507 2539,1503 2565,1501 2590,1499 2616,1494 2642,1493 2667,1490 2693,1488 2719,1486 2744,1486 2770,1486 2796,1488"
                         HEIGHT="231"
                         WIDTH="346"
                         VPOS="1344"
                         HPOS="2464">
                  <String ID="string_region_1644472708649_544l20"
                          HEIGHT="231"
                          WIDTH="346"
                          VPOS="1344"
                          HPOS="2464"
                          CONTENT="ƒ1613:"/>
               </TextLine>
               <TextLine ID="region_1644472708649_544l21"
                         BASELINE="854,1590 879,1588 905,1587 931,1585 956,1584 982,1581 1008,1580 1033,1579 1059,1577 1085,1575 1110,1574 1136,1573 1162,1570"
                         HEIGHT="217"
                         WIDTH="353"
                         VPOS="1439"
                         HPOS="830">
                  <String ID="string_region_1644472708649_544l21"
                          HEIGHT="217"
                          WIDTH="353"
                          VPOS="1439"
                          HPOS="830"
                          CONTENT="6 2 9d"/>
               </TextLine>
               <TextLine ID="region_1644472708649_544l22"
                         BASELINE="1754,1616 1811,1616 1869,1616 1927,1616 1985,1614 2043,1614 2100,1614 2158,1614 2216,1612 2274,1612 2332,1610 2389,1608 2447,1607 2505,1604 2563,1602 2621,1599 2678,1594 2736,1589 2794,1585 2852,1579 2910,1572"
                         HEIGHT="193"
                         WIDTH="1188"
                         VPOS="1467"
                         HPOS="1735">
                  <String ID="string_region_1644472708649_544l22"
                          HEIGHT="193"
                          WIDTH="1188"
                          VPOS="1467"
                          HPOS="1735"
                          CONTENT="af16„ 6:3"/>
               </TextLine>
               <TextLine ID="region_1644472708649_544l23"
                         BASELINE="1626,1754 1692,1754 1758,1754 1824,1754 1890,1752 1957,1751 2023,1750 2089,1748 2155,1746 2221,1744 2288,1742 2354,1740 2420,1736 2486,1734 2552,1730 2619,1725 2685,1720 2751,1714 2817,1709 2883,1703 2950,1694"
                         HEIGHT="216"
                         WIDTH="1358"
                         VPOS="1586"
                         HPOS="1607">
                  <String ID="string_region_1644472708649_544l23"
                          HEIGHT="216"
                          WIDTH="1358"
                          VPOS="1586"
                          HPOS="1607"
                          CONTENT="rest nett russel gelden ƒ 616:1½"/>
               </TextLine>
               <TextLine ID="region_1644472708649_544l24"
                         BASELINE="790,1870 912,1863 1034,1858 1156,1854 1278,1850 1401,1848 1523,1847 1645,1846 1767,1846 1889,1844 2012,1844 2134,1844 2256,1844 2378,1844 2500,1842 2623,1840 2745,1838 2867,1836 2989,1830 3111,1826 3234,1818"
                         HEIGHT="171"
                         WIDTH="2479"
                         VPOS="1710"
                         HPOS="772">
                  <String ID="string_region_1644472708649_544l24"
                          HEIGHT="171"
                          WIDTH="2479"
                          VPOS="1710"
                          HPOS="772"
                          CONTENT="waer dan toecomende donderdag geleve te disponneren, ben"/>
               </TextLine>
               <TextLine ID="region_1644472708649_544l25"
                         BASELINE="778,1974 901,1966 1025,1958 1148,1952 1272,1946 1396,1943 1519,1940 1643,1936 1766,1934 1890,1933 2014,1932 2137,1931 2261,1930 2384,1930 2508,1928 2632,1928 2755,1926 2879,1925 3002,1923 3126,1920 3250,1916"
                         HEIGHT="192"
                         WIDTH="2503"
                         VPOS="1837"
                         HPOS="763">
                  <String ID="string_region_1644472708649_544l25"
                          HEIGHT="192"
                          WIDTH="2503"
                          VPOS="1837"
                          HPOS="763"
                          CONTENT="gestren voot negen uren smorgene thuys geweest  van vrans"/>
               </TextLine>
               <TextLine ID="region_1644472708649_544l26"
                         BASELINE="766,2080 890,2070 1015,2061 1140,2053 1265,2046 1390,2040 1514,2036 1639,2032 1764,2028 1889,2026 2014,2024 2138,2022 2263,2021 2388,2020 2513,2018 2638,2018 2762,2016 2887,2016 3012,2014 3137,2012 3262,2010"
                         HEIGHT="174"
                         WIDTH="2532"
                         VPOS="1911"
                         HPOS="748">
                  <String ID="string_region_1644472708649_544l26"
                          HEIGHT="174"
                          WIDTH="2532"
                          VPOS="1911"
                          HPOS="748"
                          CONTENT="seght dat van immersiel, met eene assignaie van 1080:2"/>
               </TextLine>
               <TextLine ID="region_1644472708649_544l27"
                         BASELINE="782,2172 901,2163 1020,2156 1140,2150 1259,2145 1379,2139 1498,2135 1617,2132 1737,2128 1856,2126 1976,2123 2095,2120 2214,2118 2334,2116 2453,2114 2573,2112 2692,2110 2811,2107 2931,2104 3050,2100 3170,2096"
                         HEIGHT="161"
                         WIDTH="2422"
                         VPOS="2022"
                         HPOS="764">
                  <String ID="string_region_1644472708649_544l27"
                          HEIGHT="161"
                          WIDTH="2422"
                          VPOS="2022"
                          HPOS="764"
                          CONTENT="rissel gelde heeft geweest, sijnde dittt afsignaee van 30"/>
               </TextLine>
               <TextLine ID="region_1644472708649_544l28"
                         BASELINE="794,2272 913,2261 1033,2252 1152,2244 1272,2238 1392,2233 1511,2229 1631,2226 1750,2224 1870,2222 1990,2220 2109,2218 2229,2216 2348,2214 2468,2212 2588,2208 2707,2204 2827,2198 2946,2192 3066,2184 3186,2174"
                         HEIGHT="235"
                         WIDTH="2426"
                         VPOS="2097"
                         HPOS="777">
                  <String ID="string_region_1644472708649_544l28"
                          HEIGHT="235"
                          WIDTH="2426"
                          VPOS="2097"
                          HPOS="777"
                          CONTENT="post gemaeckt, ben verwondert twaerom die soo lank is"/>
               </TextLine>
               <TextLine ID="region_1644472708649_544l29"
                         BASELINE="794,2384 916,2373 1038,2362 1160,2354 1282,2346 1405,2340 1527,2334 1649,2330 1771,2324 1893,2321 2016,2318 2138,2314 2260,2311 2382,2308 2504,2305 2627,2302 2749,2298 2871,2293 2993,2288 3115,2281 3238,2274"
                         HEIGHT="211"
                         WIDTH="2479"
                         VPOS="2223"
                         HPOS="776">
                  <String ID="string_region_1644472708649_544l29"
                          HEIGHT="211"
                          WIDTH="2479"
                          VPOS="2223"
                          HPOS="776"
                          CONTENT="op gehouden oock dat ue mij niet een voort daer van gesijt"/>
               </TextLine>
               <TextLine ID="region_1644472708649_544l30"
                         BASELINE="802,2468 924,2462 1046,2456 1168,2452 1290,2448 1412,2444 1534,2440 1656,2436 1778,2432 1900,2428 2022,2424 2144,2422 2266,2418 2388,2414 2510,2410 2632,2406 2754,2400 2876,2395 2998,2390 3120,2384 3242,2378"
                         HEIGHT="200"
                         WIDTH="2478"
                         VPOS="2284"
                         HPOS="782">
                  <String ID="string_region_1644472708649_544l30"
                          HEIGHT="200"
                          WIDTH="2478"
                          VPOS="2284"
                          HPOS="782"
                          CONTENT="hebt hebbe die eeden betaelt alhoewel iemant sonder advies"/>
               </TextLine>
               <TextLine ID="region_1644472708649_544l31"
                         BASELINE="802,2564 923,2558 1045,2553 1167,2549 1289,2545 1411,2541 1532,2538 1654,2536 1776,2534 1898,2530 2020,2528 2141,2524 2263,2522 2385,2518 2507,2515 2629,2510 2750,2506 2872,2500 2994,2493 3116,2487 3238,2476"
                         HEIGHT="180"
                         WIDTH="2472"
                         VPOS="2414"
                         HPOS="783">
                  <String ID="string_region_1644472708649_544l31"
                          HEIGHT="180"
                          WIDTH="2472"
                          VPOS="2414"
                          HPOS="783"
                          CONTENT="sende betaelen derhalve gelieve mij te notteren, dat wel betaelen"/>
               </TextLine>
               <TextLine ID="region_1644472708649_544l32"
                         BASELINE="814,2660 935,2654 1056,2648 1177,2643 1298,2640 1419,2636 1540,2634 1661,2630 1782,2628 1903,2626 2024,2624 2145,2622 2266,2618 2387,2616 2508,2612 2629,2608 2750,2604 2871,2598 2992,2592 3113,2584 3234,2576"
                         HEIGHT="215"
                         WIDTH="2454"
                         VPOS="2487"
                         HPOS="797">
                  <String ID="string_region_1644472708649_544l32"
                          HEIGHT="215"
                          WIDTH="2454"
                          VPOS="2487"
                          HPOS="797"
                          CONTENT="hebbe tot geviertigheyt sent met eenen oock een ofsegnen"/>
               </TextLine>
               <TextLine ID="region_1644472708649_544l33"
                         BASELINE="802,2764 924,2759 1047,2755 1170,2750 1293,2746 1416,2742 1538,2738 1661,2734 1784,2730 1907,2726 2030,2722 2152,2718 2275,2715 2398,2710 2521,2708 2644,2704 2766,2700 2889,2697 3012,2694 3135,2690 3258,2688"
                         HEIGHT="184"
                         WIDTH="2489"
                         VPOS="2589"
                         HPOS="785">
                  <String ID="string_region_1644472708649_544l33"
                          HEIGHT="184"
                          WIDTH="2489"
                          VPOS="2589"
                          HPOS="785"
                          CONTENT="voorde loven d partije, tis voor mij met repatatienden "/>
               </TextLine>
               <TextLine ID="region_1644472708649_544l34"
                         BASELINE="818,2868 939,2864 1061,2860 1183,2854 1305,2850 1427,2846 1548,2841 1670,2836 1792,2832 1914,2827 2036,2824 2157,2820 2279,2815 2401,2811 2523,2807 2645,2804 2766,2800 2888,2796 3010,2793 3132,2790 3254,2788"
                         HEIGHT="143"
                         WIDTH="2467"
                         VPOS="2738"
                         HPOS="800">
                  <String ID="string_region_1644472708649_544l34"
                          HEIGHT="143"
                          WIDTH="2467"
                          VPOS="2738"
                          HPOS="800"
                          CONTENT="ue de luydern segh te waghten om de penninge te nkans"/>
               </TextLine>
               <TextLine ID="region_1644472708649_544l35"
                         BASELINE="814,2980 933,2972 1053,2964 1173,2957 1293,2952 1413,2947 1532,2942 1652,2938 1772,2935 1892,2932 2012,2928 2131,2926 2251,2923 2371,2920 2491,2916 2611,2913 2730,2908 2850,2904 2970,2899 3090,2892 3210,2886"
                         HEIGHT="197"
                         WIDTH="2432"
                         VPOS="2803"
                         HPOS="795">
                  <String ID="string_region_1644472708649_544l35"
                          HEIGHT="197"
                          WIDTH="2432"
                          VPOS="2803"
                          HPOS="795"
                          CONTENT="daerom in toecomende sulx niet meer te doen, nimant"/>
               </TextLine>
               <TextLine ID="region_1644472708649_544l36"
                         BASELINE="824,3082 942,3073 1061,3067 1179,3061 1298,3056 1416,3052 1535,3047 1653,3043 1772,3040 1890,3036 2009,3032 2127,3030 2246,3026 2364,3022 2483,3018 2601,3014 2720,3009 2838,3004 2957,2998 3075,2991 3194,2984"
                         HEIGHT="222"
                         WIDTH="2401"
                         VPOS="2917"
                         HPOS="808">
                  <String ID="string_region_1644472708649_544l36"
                          HEIGHT="222"
                          WIDTH="2401"
                          VPOS="2917"
                          HPOS="808"
                          CONTENT="moet bj mij naer gelt woghten, ben niet gelijk blijve"/>
               </TextLine>
               <TextLine ID="region_1644472708649_544l37"
                         BASELINE="832,3190 953,3184 1074,3178 1195,3172 1316,3167 1437,3162 1558,3157 1679,3152 1800,3148 1921,3143 2042,3139 2163,3134 2284,3131 2405,3128 2526,3124 2647,3119 2768,3115 2889,3111 3010,3107 3131,3103 3252,3100"
                         HEIGHT="220"
                         WIDTH="2452"
                         VPOS="3006"
                         HPOS="815">
                  <String ID="string_region_1644472708649_544l37"
                          HEIGHT="220"
                          WIDTH="2452"
                          VPOS="3006"
                          HPOS="815"
                          CONTENT="Cramers, die nous bij casse sijn, gelt is t mijnen allijde"/>
               </TextLine>
               <TextLine ID="region_1644472708649_544l38"
                         BASELINE="826,3296 947,3292 1068,3286 1189,3281 1310,3275 1431,3270 1552,3264 1673,3258 1794,3252 1915,3246 2036,3240 2157,3234 2278,3230 2399,3225 2520,3220 2641,3216 2762,3213 2883,3210 3004,3208 3125,3208 3246,3206"
                         HEIGHT="220"
                         WIDTH="2453"
                         VPOS="3127"
                         HPOS="809">
                  <String ID="string_region_1644472708649_544l38"
                          HEIGHT="220"
                          WIDTH="2453"
                          VPOS="3127"
                          HPOS="809"
                          CONTENT="gereed ben scherlijk hier over dat gevoelgt ue: moet"/>
               </TextLine>
               <TextLine ID="region_1644472708649_544l39"
                         BASELINE="828,3404 947,3399 1067,3394 1187,3388 1306,3384 1426,3377 1546,3373 1665,3368 1785,3362 1905,3356 2025,3350 2144,3346 2264,3342 2384,3336 2503,3332 2623,3328 2743,3324 2862,3321 2982,3318 3102,3315 3222,3314"
                         HEIGHT="238"
                         WIDTH="2426"
                         VPOS="3201"
                         HPOS="810">
                  <String ID="string_region_1644472708649_544l39"
                          HEIGHT="238"
                          WIDTH="2426"
                          VPOS="3201"
                          HPOS="810"
                          CONTENT="niet bescaemt sijn ten selven doege, als ue de lijken"/>
               </TextLine>
               <TextLine ID="region_1644472708649_544l40"
                         BASELINE="818,3510 939,3505 1060,3500 1182,3493 1303,3488 1425,3482 1546,3476 1667,3471 1789,3464 1910,3459 2032,3452 2153,3448 2274,3442 2396,3438 2517,3434 2639,3429 2760,3425 2881,3422 3003,3420 3124,3418 3246,3416"
                         HEIGHT="185"
                         WIDTH="2464"
                         VPOS="3333"
                         HPOS="800">
                  <String ID="string_region_1644472708649_544l40"
                          HEIGHT="185"
                          WIDTH="2464"
                          VPOS="3333"
                          HPOS="800"
                          CONTENT="levert van het import te disponnenen, daervoeren hette "/>
               </TextLine>
               <TextLine ID="region_1644472708649_544l41"
                         BASELINE="818,3620 940,3614 1063,3607 1185,3600 1308,3593 1431,3586 1553,3580 1676,3574 1798,3568 1921,3562 2044,3556 2166,3550 2289,3546 2411,3540 2534,3536 2657,3532 2779,3528 2902,3524 3024,3522 3147,3520 3270,3518"
                         HEIGHT="194"
                         WIDTH="2489"
                         VPOS="3423"
                         HPOS="798">
                  <String ID="string_region_1644472708649_544l41"
                          HEIGHT="194"
                          WIDTH="2489"
                          VPOS="3423"
                          HPOS="798"
                          CONTENT="1p  bedancke ul voort alle plaiseeren mij aengedaen "/>
               </TextLine>
               <TextLine ID="region_1644472708649_544l42"
                         BASELINE="794,3708 916,3706 1039,3702 1162,3699 1285,3695 1408,3691 1530,3686 1653,3681 1776,3676 1899,3672 2022,3666 2144,3662 2267,3656 2390,3651 2513,3648 2636,3643 2758,3640 2881,3636 3004,3632 3127,3630 3250,3628"
                         HEIGHT="195"
                         WIDTH="2491"
                         VPOS="3523"
                         HPOS="774">
                  <String ID="string_region_1644472708649_544l42"
                          HEIGHT="195"
                          WIDTH="2491"
                          VPOS="3523"
                          HPOS="774"
                          CONTENT="de brinden rindirinekeus geleve mijn respeet te"/>
               </TextLine>
               <TextLine ID="region_1644472708649_544l43"
                         BASELINE="810,3824 913,3820 1017,3814 1121,3810 1225,3804 1329,3800 1432,3796 1536,3792 1640,3787 1744,3783 1848,3778 1951,3774 2055,3770 2159,3766 2263,3762 2367,3758 2470,3754 2574,3750 2678,3746 2782,3742 2886,3738"
                         HEIGHT="206"
                         WIDTH="2108"
                         VPOS="3647"
                         HPOS="792">
                  <String ID="string_region_1644472708649_544l43"
                          HEIGHT="206"
                          WIDTH="2108"
                          VPOS="3647"
                          HPOS="792"
                          CONTENT="bethoenen, &amp; taer mede naer groetisse blijve"/>
               </TextLine>
               <TextLine ID="region_1644472708649_544l44"
                         BASELINE="2556,3880 2589,3880 2622,3880 2655,3880 2688,3880 2722,3880 2755,3880 2788,3880 2821,3880 2854,3881 2888,3882 2921,3882 2954,3882 2987,3884 3020,3884 3054,3884 3087,3884 3120,3886 3153,3886 3186,3886 3220,3886"
                         HEIGHT="184"
                         WIDTH="695"
                         VPOS="3749"
                         HPOS="2541">
                  <String ID="string_region_1644472708649_544l44"
                          HEIGHT="184"
                          WIDTH="695"
                          VPOS="3749"
                          HPOS="2541"
                          CONTENT="Adij 14d 1729"/>
               </TextLine>
               <TextLine ID="region_1644472708649_544l45"
                         BASELINE="614,3980 687,3965 760,3954 833,3942 906,3933 979,3926 1052,3918 1125,3914 1198,3908 1271,3905 1344,3902 1417,3900 1490,3898 1563,3898 1636,3896 1709,3895 1782,3894 1855,3892 1928,3891 2001,3888 2074,3886"
                         HEIGHT="243"
                         WIDTH="1502"
                         VPOS="3781"
                         HPOS="589">
                  <String ID="string_region_1644472708649_544l45"
                          HEIGHT="243"
                          WIDTH="1502"
                          VPOS="3781"
                          HPOS="589"
                          CONTENT="Brugge D: Van Rentergen"/>
               </TextLine>
               <TextLine ID="region_1644472708649_544l46"
                         BASELINE="834,4038 952,4034 1071,4030 1189,4026 1308,4022 1427,4016 1545,4012 1664,4008 1782,4004 1901,3998 2020,3995 2138,3991 2257,3988 2375,3986 2494,3982 2613,3981 2731,3980 2850,3980 2968,3980 3087,3982 3206,3984"
                         HEIGHT="206"
                         WIDTH="2406"
                         VPOS="3852"
                         HPOS="816">
                  <String ID="string_region_1644472708649_544l46"
                          HEIGHT="206"
                          WIDTH="2406"
                          VPOS="3852"
                          HPOS="816"
                          CONTENT="ue: aeng. lan 9 deser wel ontfanghen, daer benevens "/>
               </TextLine>
               <TextLine ID="region_1644472708649_544l47"
                         BASELINE="814,4150 934,4143 1055,4137 1176,4131 1297,4126 1418,4120 1538,4117 1659,4112 1780,4108 1901,4104 2022,4100 2142,4096 2263,4093 2384,4089 2505,4084 2626,4081 2746,4076 2867,4072 2988,4066 3109,4062 3230,4056"
                         HEIGHT="161"
                         WIDTH="2451"
                         VPOS="4011"
                         HPOS="794">
                  <String ID="string_region_1644472708649_544l47"
                          HEIGHT="161"
                          WIDTH="2451"
                          VPOS="4011"
                          HPOS="794"
                          CONTENT="vandonce fter op het pack tijken R N.20. bedragende de"/>
               </TextLine>
               <TextLine ID="region_1644472708649_544l48"
                         BASELINE="826,4250 947,4245 1068,4239 1189,4234 1310,4230 1432,4224 1553,4220 1674,4214 1795,4211 1916,4206 2038,4202 2159,4198 2280,4193 2401,4189 2522,4184 2644,4180 2765,4176 2886,4171 3007,4167 3128,4162 3250,4158"
                         HEIGHT="199"
                         WIDTH="2459"
                         VPOS="4120"
                         HPOS="806">
                  <String ID="string_region_1644472708649_544l48"
                          HEIGHT="199"
                          WIDTH="2459"
                          VPOS="4120"
                          HPOS="806"
                          CONTENT="wissel gelde £2„ 16„ 6 en waer roopen ul gecrediveert is, in"/>
               </TextLine>
               <TextLine ID="region_1644472708649_544l49"
                         BASELINE="2666,4226 2695,4224 2724,4223 2754,4226"
                         HEIGHT="88"
                         WIDTH="118"
                         VPOS="4183"
                         HPOS="2651">
                  <String ID="string_region_1644472708649_544l49"
                          HEIGHT="88"
                          WIDTH="118"
                          VPOS="4183"
                          HPOS="2651"
                          CONTENT="gya"/>
               </TextLine>
               <TextLine ID="region_1644472708649_544l50"
                         BASELINE="816,4366 937,4358 1058,4350 1179,4342 1300,4336 1421,4330 1542,4324 1663,4318 1784,4312 1905,4308 2027,4302 2148,4298 2269,4293 2390,4289 2511,4284 2632,4281 2753,4278 2874,4274 2995,4270 3116,4268 3238,4266"
                         HEIGHT="231"
                         WIDTH="2457"
                         VPOS="4200"
                         HPOS="798">
                  <String ID="string_region_1644472708649_544l50"
                          HEIGHT="231"
                          WIDTH="2457"
                          VPOS="4200"
                          HPOS="798"
                          CONTENT="ƒ16:19, die op de baele sarges hebbe noch niet gesen, desen"/>
               </TextLine>
               <TextLine ID="region_1644472708649_544l51"
                         BASELINE="840,4454 956,4449 1073,4444 1190,4438 1307,4432 1424,4426 1541,4420 1658,4414 1775,4408 1892,4402 2009,4397 2125,4392 2242,4387 2359,4382 2476,4378 2593,4375 2710,4372 2827,4370 2944,4368 3061,4368 3178,4368"
                         HEIGHT="204"
                         WIDTH="2373"
                         VPOS="4267"
                         HPOS="823">
                  <String ID="string_region_1644472708649_544l51"
                          HEIGHT="204"
                          WIDTH="2373"
                          VPOS="4267"
                          HPOS="823"
                          CONTENT="ven ue te laeten weeten principael, als dat heden aen ue"/>
               </TextLine>
            </TextBlock>
            <TextBlock ID="region_1644472712978_547"
                       HEIGHT="4329"
                       WIDTH="2742"
                       VPOS="134"
                       HPOS="3320">
               <Shape>
                  <Polygon POINTS="3320,134 6062,134 6062,4463 3320,4463"/>
               </Shape>
               <TextLine ID="region_1644472712978_547l1"
                         BASELINE="5954,216 5994,220"
                         HEIGHT="98"
                         WIDTH="76"
                         VPOS="142"
                         HPOS="5939">
                  <String ID="string_region_1644472712978_547l1"
                          HEIGHT="98"
                          WIDTH="76"
                          VPOS="142"
                          HPOS="5939"
                          CONTENT=""/>
               </TextLine>
               <TextLine ID="region_1644472712978_547l2"
                         BASELINE="3494,296 3615,288 3736,280 3857,274 3978,270 4099,264 4220,260 4341,256 4462,254 4583,252 4704,250 4825,248 4946,248 5067,246 5188,246 5309,246 5430,246 5551,248 5672,248 5793,248 5914,248"
                         HEIGHT="182"
                         WIDTH="2452"
                         VPOS="166"
                         HPOS="3477">
                  <String ID="string_region_1644472712978_547l2"
                          HEIGHT="182"
                          WIDTH="2452"
                          VPOS="166"
                          HPOS="3477"
                          CONTENT="toesende p vragens van gente a l'ordinaire, twee packen"/>
               </TextLine>
               <TextLine ID="region_1644472712978_547l3"
                         BASELINE="3498,398 3623,389 3748,378 3873,370 3998,364 4123,357 4248,352 4373,348 4498,344 4623,341 4748,338 4873,336 4998,334 5123,332 5248,332 5373,330 5498,328 5623,326 5748,324 5873,322 5998,320"
                         HEIGHT="169"
                         WIDTH="2532"
                         VPOS="240"
                         HPOS="3482">
                  <String ID="string_region_1644472712978_547l3"
                          HEIGHT="169"
                          WIDTH="2532"
                          VPOS="240"
                          HPOS="3482"
                          CONTENT="tijken, het eene gemarckt 9: met 120 ged tijken voor rek"/>
               </TextLine>
               <TextLine ID="region_1644472712978_547l4"
                         BASELINE="3498,492 3622,479 3746,469 3870,461 3994,453 4118,446 4242,440 4366,438 4490,434 4614,431 4738,429 4862,428 4986,426 5110,424 5234,422 5358,420 5482,418 5606,415 5730,412 5854,406 5978,400"
                         HEIGHT="183"
                         WIDTH="2516"
                         VPOS="321"
                         HPOS="3479">
                  <String ID="string_region_1644472712978_547l4"
                          HEIGHT="183"
                          WIDTH="2516"
                          VPOS="321"
                          HPOS="3479"
                          CONTENT="Jan dheer george Bergoe, waer mede geluve te doen alsordnaire"/>
               </TextLine>
               <TextLine ID="region_1644472712978_547l5"
                         BASELINE="3502,576 3627,566 3752,558 3878,551 4003,544 4129,537 4254,533 4379,528 4505,524 4630,522 4756,520 4881,517 5006,514 5132,514 5257,512 5383,510 5508,508 5633,505 5759,502 5884,499 6010,496"
                         HEIGHT="170"
                         WIDTH="2542"
                         VPOS="418"
                         HPOS="3484">
                  <String ID="string_region_1644472712978_547l5"
                          HEIGHT="170"
                          WIDTH="2542"
                          VPOS="418"
                          HPOS="3484"
                          CONTENT="laet ander emarck N inhandende 39 ps welcke gelieve"/>
               </TextLine>
               <TextLine ID="region_1644472712978_547l6"
                         BASELINE="3518,664 3642,655 3767,646 3891,639 4016,632 4141,626 4265,622 4390,616 4514,613 4639,609 4764,606 4888,604 5013,602 5137,600 5262,598 5387,596 5511,594 5636,592 5760,590 5885,586 6010,584"
                         HEIGHT="153"
                         WIDTH="2523"
                         VPOS="513"
                         HPOS="3500">
                  <String ID="string_region_1644472712978_547l6"
                          HEIGHT="153"
                          WIDTH="2523"
                          VPOS="513"
                          HPOS="3500"
                          CONTENT="over p eerste vertreckende schip op london te vertrecken segge"/>
               </TextLine>
               <TextLine ID="region_1644472712978_547l7"
                         BASELINE="3494,778 3620,765 3746,756 3872,746 3998,737 4125,731 4251,724 4377,720 4503,714 4629,710 4756,706 4882,703 5008,700 5134,696 5260,694 5387,692 5513,688 5639,686 5765,682 5891,678 6018,674"
                         HEIGHT="202"
                         WIDTH="2562"
                         VPOS="589"
                         HPOS="3473">
                  <String ID="string_region_1644472712978_547l7"
                          HEIGHT="202"
                          WIDTH="2562"
                          VPOS="589"
                          HPOS="3473"
                          CONTENT="versenden &amp; taddresseren aen dhier gege john ferman"/>
               </TextLine>
               <TextLine ID="region_1644472712978_547l8"
                         BASELINE="3498,880 3624,864 3750,851 3876,841 4002,832 4128,822 4254,816 4380,810 4506,806 4632,802 4758,798 4884,795 5010,792 5136,790 5262,788 5388,786 5514,782 5640,778 5766,774 5892,769 6018,762"
                         HEIGHT="242"
                         WIDTH="2555"
                         VPOS="685"
                         HPOS="3479">
                  <String ID="string_region_1644472712978_547l8"
                          HEIGHT="242"
                          WIDTH="2555"
                          VPOS="685"
                          HPOS="3479"
                          CONTENT="&amp;son, &amp; mij t' cognossement, benevens de oncost iek toe te sende"/>
               </TextLine>
               <TextLine ID="region_1644472712978_547l9"
                         BASELINE="3506,978 3549,973 3592,967 3635,963 3678,958 3721,953 3764,950 3807,946 3850,943 3893,939 3936,936 3979,933 4022,931 4065,927 4108,924 4151,921 4194,920 4237,916 4280,914 4323,910 4366,908"
                         HEIGHT="186"
                         WIDTH="899"
                         VPOS="813"
                         HPOS="3485">
                  <String ID="string_region_1644472712978_547l9"
                          HEIGHT="186"
                          WIDTH="899"
                          VPOS="813"
                          HPOS="3485"
                          CONTENT="soo haest mogelijck."/>
               </TextLine>
               <TextLine ID="region_1644472712978_547l10"
                         BASELINE="3508,1080 3628,1068 3749,1056 3870,1047 3990,1038 4111,1030 4232,1022 4352,1016 4473,1010 4594,1004 4715,998 4835,994 4956,990 5077,984 5197,981 5318,976 5439,972 5559,967 5680,962 5801,956 5922,950"
                         HEIGHT="211"
                         WIDTH="2450"
                         VPOS="870"
                         HPOS="3487">
                  <String ID="string_region_1644472712978_547l10"
                          HEIGHT="211"
                          WIDTH="2450"
                          VPOS="870"
                          HPOS="3487"
                          CONTENT="ue sal mij ten uytersten verplighten, soo de informatie"/>
               </TextLine>
               <TextLine ID="region_1644472712978_547l11"
                         BASELINE="3502,1196 3625,1182 3748,1169 3871,1158 3994,1147 4118,1139 4241,1129 4364,1123 4487,1116 4610,1109 4734,1102 4857,1096 4980,1092 5103,1085 5226,1079 5350,1073 5473,1066 5596,1060 5719,1052 5842,1043 5966,1034"
                         HEIGHT="256"
                         WIDTH="2504"
                         VPOS="955"
                         HPOS="3479">
                  <String ID="string_region_1644472712978_547l11"
                          HEIGHT="256"
                          WIDTH="2504"
                          VPOS="955"
                          HPOS="3479"
                          CONTENT="becomen cont, ontrent de opgegevene goederen, die a lostij"/>
               </TextLine>
               <TextLine ID="region_1644472712978_547l12"
                         BASELINE="3506,1298 3628,1284 3750,1270 3872,1257 3994,1247 4117,1238 4239,1228 4361,1221 4483,1214 4605,1208 4728,1202 4850,1196 4972,1191 5094,1184 5216,1178 5339,1172 5461,1166 5583,1158 5705,1150 5827,1142 5950,1132"
                         HEIGHT="251"
                         WIDTH="2475"
                         VPOS="1053"
                         HPOS="3486">
                  <String ID="string_region_1644472712978_547l12"
                          HEIGHT="251"
                          WIDTH="2475"
                          VPOS="1053"
                          HPOS="3486"
                          CONTENT="verkoght sijn, daer can ul lightelijk achter geraeken oock"/>
               </TextLine>
               <TextLine ID="region_1644472712978_547l13"
                         BASELINE="3518,1392 3640,1379 3763,1367 3886,1355 4009,1344 4132,1335 4254,1326 4377,1318 4500,1311 4623,1303 4746,1297 4868,1290 4991,1284 5114,1278 5237,1272 5360,1266 5482,1260 5605,1254 5728,1246 5851,1239 5974,1232"
                         HEIGHT="283"
                         WIDTH="2494"
                         VPOS="1139"
                         HPOS="3498">
                  <String ID="string_region_1644472712978_547l13"
                          HEIGHT="283"
                          WIDTH="2494"
                          VPOS="1139"
                          HPOS="3498"
                          CONTENT="vhat die hopttede is die maer een alf mij le van brugge"/>
               </TextLine>
               <TextLine ID="region_1644472712978_547l14"
                         BASELINE="3504,1480 3628,1467 3752,1456 3876,1446 4001,1437 4125,1429 4249,1421 4374,1413 4498,1406 4622,1400 4747,1394 4871,1388 4995,1382 5119,1376 5244,1370 5368,1362 5492,1356 5617,1348 5741,1340 5865,1331 5990,1322"
                         HEIGHT="219"
                         WIDTH="2520"
                         VPOS="1255"
                         HPOS="3485">
                  <String ID="string_region_1644472712978_547l14"
                          HEIGHT="219"
                          WIDTH="2520"
                          VPOS="1255"
                          HPOS="3485"
                          CONTENT="leght, ick mache geen difficultijdt, ten regarde dat dheer"/>
               </TextLine>
               <TextLine ID="region_1644472712978_547l15"
                         BASELINE="3504,1584 3627,1569 3751,1556 3875,1545 3999,1534 4123,1523 4247,1516 4371,1508 4495,1500 4619,1494 4743,1488 4866,1482 4990,1478 5114,1472 5238,1468 5362,1464 5486,1458 5610,1452 5734,1446 5858,1441 5982,1434"
                         HEIGHT="200"
                         WIDTH="2515"
                         VPOS="1389"
                         HPOS="3481">
                  <String ID="string_region_1644472712978_547l15"
                          HEIGHT="200"
                          WIDTH="2515"
                          VPOS="1389"
                          HPOS="3481"
                          CONTENT="de pmeye a costiy het gelt soude connen becomen maer het "/>
               </TextLine>
               <TextLine ID="region_1644472712978_547l16"
                         BASELINE="3516,1684 3631,1672 3747,1660 3862,1650 3978,1641 4093,1632 4209,1623 4324,1617 4440,1608 4555,1602 4671,1597 4786,1591 4902,1584 5017,1579 5133,1574 5248,1568 5364,1563 5479,1558 5595,1552 5710,1546 5826,1540"
                         HEIGHT="275"
                         WIDTH="2341"
                         VPOS="1440"
                         HPOS="3497">
                  <String ID="string_region_1644472712978_547l16"
                          HEIGHT="275"
                          WIDTH="2341"
                          VPOS="1440"
                          HPOS="3497"
                          CONTENT="seyoidt dat sij liever c'ant tierpere comen, omdat den"/>
               </TextLine>
               <TextLine ID="region_1644472712978_547l17"
                         BASELINE="3522,1776 3645,1766 3769,1757 3893,1748 4017,1740 4141,1732 4264,1726 4388,1719 4512,1712 4636,1706 4760,1701 4883,1694 5007,1688 5131,1682 5255,1676 5379,1670 5502,1664 5626,1658 5750,1652 5874,1646 5998,1638"
                         HEIGHT="283"
                         WIDTH="2510"
                         VPOS="1555"
                         HPOS="3504">
                  <String ID="string_region_1644472712978_547l17"
                          HEIGHT="283"
                          WIDTH="2510"
                          VPOS="1555"
                          HPOS="3504"
                          CONTENT="intrest aen huin vrat avantagienser as, der halve volgens "/>
               </TextLine>
               <TextLine ID="region_1644472712978_547l18"
                         BASELINE="3514,1882 3638,1871 3762,1861 3886,1853 4010,1845 4134,1836 4258,1829 4382,1822 4506,1818 4630,1812 4754,1806 4878,1801 5002,1796 5126,1790 5250,1786 5374,1780 5498,1774 5622,1769 5746,1763 5870,1756 5994,1748"
                         HEIGHT="237"
                         WIDTH="2513"
                         VPOS="1666"
                         HPOS="3497">
                  <String ID="string_region_1644472712978_547l18"
                          HEIGHT="237"
                          WIDTH="2513"
                          VPOS="1666"
                          HPOS="3497"
                          CONTENT="ue informatie  die versocke trouwelijk te verclaeren"/>
               </TextLine>
               <TextLine ID="region_1644472712978_547l19"
                         BASELINE="3510,1994 3635,1980 3761,1967 3886,1954 4012,1945 4138,1937 4263,1929 4389,1922 4514,1916 4640,1911 4766,1906 4891,1903 5017,1900 5142,1896 5268,1892 5394,1888 5519,1884 5645,1879 5770,1874 5896,1868 6022,1860"
                         HEIGHT="241"
                         WIDTH="2547"
                         VPOS="1802"
                         HPOS="3491">
                  <String ID="string_region_1644472712978_547l19"
                          HEIGHT="241"
                          WIDTH="2547"
                          VPOS="1802"
                          HPOS="3491"
                          CONTENT="sal mij reguleren, &amp; blijve in afwaghtinge der selve groee"/>
               </TextLine>
               <TextLine ID="region_1644472712978_547l20"
                         BASELINE="3544,2088 3576,2086 3609,2084 3642,2082 3674,2078 3707,2076 3740,2073 3772,2070 3805,2068 3838,2065 3871,2062 3903,2057 3936,2053 3969,2049 4001,2045 4034,2041 4067,2036 4099,2032 4132,2027 4165,2021 4198,2016"
                         HEIGHT="180"
                         WIDTH="692"
                         VPOS="1951"
                         HPOS="3522">
                  <String ID="string_region_1644472712978_547l20"
                          HEIGHT="180"
                          WIDTH="692"
                          VPOS="1951"
                          HPOS="3522"
                          CONTENT="as hertelj ie"/>
               </TextLine>
               <TextLine ID="region_1644472712978_547l21"
                         BASELINE="5252,2144 5288,2143 5324,2142 5360,2142 5396,2142 5433,2142 5469,2142 5505,2142 5541,2142 5577,2142 5614,2142 5650,2142 5686,2142 5722,2142 5758,2140 5795,2140 5831,2140 5867,2138 5903,2136 5939,2136 5976,2134"
                         HEIGHT="208"
                         WIDTH="755"
                         VPOS="1991"
                         HPOS="5236">
                  <String ID="string_region_1644472712978_547l21"
                          HEIGHT="208"
                          WIDTH="755"
                          VPOS="1991"
                          HPOS="5236"
                          CONTENT="Ady 11Aauy 1719"/>
               </TextLine>
               <TextLine ID="region_1644472712978_547l22"
                         BASELINE="3330,2212 3389,2205 3449,2200 3509,2196 3569,2191 3629,2186 3689,2182 3749,2178 3809,2174 3869,2172 3929,2168 3988,2166 4048,2163 4108,2160 4168,2158 4228,2156 4288,2154 4348,2152 4408,2149 4468,2146 4528,2144"
                         HEIGHT="231"
                         WIDTH="1236"
                         VPOS="2023"
                         HPOS="3307">
                  <String ID="string_region_1644472712978_547l22"
                          HEIGHT="231"
                          WIDTH="1236"
                          VPOS="2023"
                          HPOS="3307"
                          CONTENT="furnhaut de wed: robert"/>
               </TextLine>
               <TextLine ID="region_1644472712978_547l23"
                         BASELINE="3516,2304 3639,2295 3762,2286 3885,2278 4008,2271 4132,2264 4255,2260 4378,2254 4501,2250 4624,2246 4748,2244 4871,2241 4994,2240 5117,2238 5240,2238 5364,2238 5487,2238 5610,2238 5733,2238 5856,2240 5980,2242"
                         HEIGHT="159"
                         WIDTH="2497"
                         VPOS="2154"
                         HPOS="3498">
                  <String ID="string_region_1644472712978_547l23"
                          HEIGHT="159"
                          WIDTH="2497"
                          VPOS="2154"
                          HPOS="3498"
                          CONTENT="ben godt danck gistren morgent, ontrent negenurcke spi de"/>
               </TextLine>
               <TextLine ID="region_1644472712978_547l24"
                         BASELINE="3502,2408 3626,2397 3750,2388 3875,2380 3999,2374 4124,2368 4248,2362 4372,2358 4497,2354 4621,2350 4746,2348 4870,2344 4994,2342 5119,2338 5243,2336 5368,2334 5492,2330 5616,2326 5741,2320 5865,2316 5990,2310"
                         HEIGHT="193"
                         WIDTH="2521"
                         VPOS="2237"
                         HPOS="3485">
                  <String ID="string_region_1644472712978_547l24"
                          HEIGHT="193"
                          WIDTH="2521"
                          VPOS="2237"
                          HPOS="3485"
                          CONTENT="thuysgecomen e hebbe desene morgent de 85ps tijken wel"/>
               </TextLine>
               <TextLine ID="region_1644472712978_547l25"
                         BASELINE="3540,2512 3663,2501 3786,2492 3909,2485 4032,2477 4155,2470 4278,2466 4401,2462 4524,2457 4647,2454 4771,2450 4894,2448 5017,2444 5140,2442 5263,2438 5386,2434 5509,2430 5632,2424 5755,2419 5878,2411 6002,2404"
                         HEIGHT="219"
                         WIDTH="2491"
                         VPOS="2338"
                         HPOS="3524">
                  <String ID="string_region_1644472712978_547l25"
                          HEIGHT="219"
                          WIDTH="2491"
                          VPOS="2338"
                          HPOS="3524"
                          CONTENT="ontfanghen, dog was verwondern, dat direk vrantere om"/>
               </TextLine>
               <TextLine ID="region_1644472712978_547l26"
                         BASELINE="3530,2626 3653,2615 3777,2603 3900,2594 4024,2584 4147,2577 4271,2570 4394,2565 4518,2560 4641,2555 4765,2550 4888,2546 5012,2544 5135,2540 5259,2535 5382,2530 5506,2526 5629,2520 5753,2514 5876,2506 6000,2496"
                         HEIGHT="200"
                         WIDTH="2505"
                         VPOS="2458"
                         HPOS="3510">
                  <String ID="string_region_1644472712978_547l26"
                          HEIGHT="200"
                          WIDTH="2505"
                          VPOS="2458"
                          HPOS="3510"
                          CONTENT="het gelt met is gecomen, Naerom Jan langhen naer"/>
               </TextLine>
               <TextLine ID="region_1644472712978_547l27"
                         BASELINE="3514,2732 3638,2718 3762,2707 3887,2696 4011,2686 4136,2678 4260,2672 4384,2665 4509,2660 4633,2655 4758,2651 4882,2648 5006,2644 5131,2640 5255,2636 5380,2632 5504,2628 5628,2622 5753,2618 5877,2610 6002,2604"
                         HEIGHT="256"
                         WIDTH="2518"
                         VPOS="2512"
                         HPOS="3494">
                  <String ID="string_region_1644472712978_547l27"
                          HEIGHT="256"
                          WIDTH="2518"
                          VPOS="2512"
                          HPOS="3494"
                          CONTENT="sijn bogement hadde gesonden  verneme niets is mede"/>
               </TextLine>
               <TextLine ID="region_1644472712978_547l28"
                         BASELINE="3506,2830 3630,2819 3755,2807 3879,2798 4004,2790 4129,2782 4253,2776 4378,2769 4502,2764 4627,2759 4752,2754 4876,2750 5001,2746 5125,2742 5250,2738 5375,2733 5499,2729 5624,2724 5748,2718 5873,2712 5998,2704"
                         HEIGHT="257"
                         WIDTH="2528"
                         VPOS="2646"
                         HPOS="3488">
                  <String ID="string_region_1644472712978_547l28"
                          HEIGHT="257"
                          WIDTH="2528"
                          VPOS="2646"
                          HPOS="3488"
                          CONTENT="gesomen niet tewijfelenden oft sal toesomende sonderdag"/>
               </TextLine>
               <TextLine ID="region_1644472712978_547l29"
                         BASELINE="3532,2932 3656,2921 3780,2912 3904,2902 4029,2894 4153,2886 4277,2879 4402,2872 4526,2866 4650,2861 4775,2856 4899,2850 5023,2845 5147,2840 5272,2836 5396,2831 5520,2827 5645,2822 5769,2818 5893,2813 6018,2808"
                         HEIGHT="216"
                         WIDTH="2522"
                         VPOS="2738"
                         HPOS="3513">
                  <String ID="string_region_1644472712978_547l29"
                          HEIGHT="216"
                          WIDTH="2522"
                          VPOS="2738"
                          HPOS="3513"
                          CONTENT="het sijn als vanneer hem het gelt sal tellen supponere"/>
               </TextLine>
               <TextLine ID="region_1644472712978_547l30"
                         BASELINE="3518,3028 3642,3018 3767,3010 3891,3002 4016,2994 4141,2986 4265,2979 4390,2972 4514,2967 4639,2961 4764,2954 4888,2949 5013,2943 5137,2938 5262,2933 5387,2927 5511,2923 5636,2918 5760,2913 5885,2908 6010,2904"
                         HEIGHT="223"
                         WIDTH="2524"
                         VPOS="2827"
                         HPOS="3501">
                  <String ID="string_region_1644472712978_547l30"
                          HEIGHT="223"
                          WIDTH="2524"
                          VPOS="2827"
                          HPOS="3501"
                          CONTENT="noch met iel te pas is &amp; bj aldien ey niet lomde"/>
               </TextLine>
               <TextLine ID="region_1644472712978_547l31"
                         BASELINE="3528,3124 3652,3116 3777,3107 3901,3098 4026,3092 4151,3084 4275,3078 4400,3071 4524,3066 4649,3060 4774,3054 4898,3050 5023,3043 5147,3038 5272,3032 5397,3028 5521,3022 5646,3016 5770,3010 5895,3006 6020,3000"
                         HEIGHT="167"
                         WIDTH="2525"
                         VPOS="2957"
                         HPOS="3510">
                  <String ID="string_region_1644472712978_547l31"
                          HEIGHT="167"
                          WIDTH="2525"
                          VPOS="2957"
                          HPOS="3510"
                          CONTENT="heeft ul: occasie om anders te desponneren cont dat"/>
               </TextLine>
               <TextLine ID="region_1644472712978_547l32"
                         BASELINE="3524,3222 3648,3212 3772,3204 3896,3196 4020,3190 4144,3184 4268,3177 4392,3171 4516,3166 4640,3162 4765,3156 4889,3152 5013,3147 5137,3142 5261,3138 5385,3133 5509,3126 5633,3122 5757,3116 5881,3110 6006,3104"
                         HEIGHT="240"
                         WIDTH="2516"
                         VPOS="3008"
                         HPOS="3506">
                  <String ID="string_region_1644472712978_547l32"
                          HEIGHT="240"
                          WIDTH="2516"
                          VPOS="3008"
                          HPOS="3506"
                          CONTENT="doen hal dan ic assignatie met mij gegeven, het vs"/>
               </TextLine>
               <TextLine ID="region_1644472712978_547l33"
                         BASELINE="3526,3330 3642,3320 3758,3309 3874,3300 3990,3291 4106,3284 4222,3276 4338,3271 4454,3264 4570,3260 4686,3254 4802,3250 4918,3246 5034,3242 5150,3238 5266,3235 5382,3230 5498,3227 5614,3223 5730,3218 5846,3214"
                         HEIGHT="235"
                         WIDTH="2356"
                         VPOS="3157"
                         HPOS="3506">
                  <String ID="string_region_1644472712978_547l33"
                          HEIGHT="235"
                          WIDTH="2356"
                          VPOS="3157"
                          HPOS="3506"
                          CONTENT="redersenden het ie mij leedt  in debours is"/>
               </TextLine>
               <TextLine ID="region_1644472712978_547l34"
                         BASELINE="3514,3442 3638,3431 3763,3423 3887,3414 4012,3404 4137,3396 4261,3389 4386,3381 4510,3376 4635,3368 4760,3363 4884,3356 5009,3352 5133,3347 5258,3342 5383,3338 5507,3334 5632,3330 5756,3326 5881,3324 6006,3320"
                         HEIGHT="209"
                         WIDTH="2528"
                         VPOS="3245"
                         HPOS="3493">
                  <String ID="string_region_1644472712978_547l34"
                          HEIGHT="209"
                          WIDTH="2528"
                          VPOS="3245"
                          HPOS="3493"
                          CONTENT="bedaincke uf: noch maels voor  goet onshael &amp; sal"/>
               </TextLine>
               <TextLine ID="region_1644472712978_547l35"
                         BASELINE="3528,3542 3649,3534 3770,3525 3891,3518 4013,3510 4134,3504 4255,3498 4377,3491 4498,3485 4619,3479 4741,3474 4862,3468 4983,3462 5104,3457 5226,3452 5347,3447 5468,3441 5590,3437 5711,3432 5832,3426 5954,3420"
                         HEIGHT="198"
                         WIDTH="2459"
                         VPOS="3367"
                         HPOS="3509">
                  <String ID="string_region_1644472712978_547l35"
                          HEIGHT="198"
                          WIDTH="2459"
                          VPOS="3367"
                          HPOS="3509"
                          CONTENT="verwaghten dat ick soo mij tot mijnent sult doen"/>
               </TextLine>
               <TextLine ID="region_1644472712978_547l36"
                         BASELINE="3522,3654 3642,3647 3763,3642 3884,3635 4005,3628 4126,3623 4246,3617 4367,3610 4488,3603 4609,3597 4730,3590 4850,3584 4971,3578 5092,3571 5213,3565 5334,3559 5454,3554 5575,3548 5696,3543 5817,3538 5938,3534"
                         HEIGHT="273"
                         WIDTH="2454"
                         VPOS="3437"
                         HPOS="3503">
                  <String ID="string_region_1644472712978_547l36"
                          HEIGHT="273"
                          WIDTH="2454"
                          VPOS="3437"
                          HPOS="3503"
                          CONTENT="als ick bij ul gedaen hebbe, waer mede ue haese"/>
               </TextLine>
               <TextLine ID="region_1644472712978_547l37"
                         BASELINE="3520,3768 3545,3765 3570,3761 3595,3759 3620,3754 3645,3751 3670,3747 3695,3743 3720,3740 3745,3737 3770,3735 3795,3734 3820,3733 3845,3732 3870,3734"
                         HEIGHT="130"
                         WIDTH="390"
                         VPOS="3658"
                         HPOS="3497">
                  <String ID="string_region_1644472712978_547l37"
                          HEIGHT="130"
                          WIDTH="390"
                          VPOS="3658"
                          HPOS="3497"
                          CONTENT="blijve"/>
               </TextLine>
               <TextLine ID="region_1644472712978_547l38"
                         BASELINE="5342,3832 5373,3828 5404,3824 5436,3821 5467,3820 5499,3818 5530,3818 5561,3818 5593,3818 5624,3818 5656,3820 5687,3822 5718,3823 5750,3824 5781,3825 5813,3826 5844,3826 5875,3826 5907,3826 5938,3825 5970,3822"
                         HEIGHT="192"
                         WIDTH="660"
                         VPOS="3687"
                         HPOS="5327">
                  <String ID="string_region_1644472712978_547l38"
                          HEIGHT="192"
                          WIDTH="660"
                          VPOS="3687"
                          HPOS="5327"
                          CONTENT="Adij 16d 1719"/>
               </TextLine>
               <TextLine ID="region_1644472712978_547l39"
                         BASELINE="3346,3890 3396,3890 3446,3888 3497,3888 3547,3885 3598,3884 3648,3881 3698,3879 3749,3876 3799,3874 3850,3870 3900,3866 3950,3863 4001,3861 4051,3857 4102,3853 4152,3850 4202,3848 4253,3844 4303,3841 4354,3836"
                         HEIGHT="220"
                         WIDTH="1049"
                         VPOS="3741"
                         HPOS="3322">
                  <String ID="string_region_1644472712978_547l39"
                          HEIGHT="220"
                          WIDTH="1049"
                          VPOS="3741"
                          HPOS="3322"
                          CONTENT="London seorge Birgoe"/>
               </TextLine>
               <TextLine ID="region_1644472712978_547l40"
                         BASELINE="3550,3980 3672,3976 3794,3971 3917,3966 4039,3962 4162,3957 4284,3952 4406,3948 4529,3944 4651,3940 4774,3937 4896,3933 5018,3930 5141,3928 5263,3924 5386,3922 5508,3920 5630,3920 5753,3918 5875,3918 5998,3918"
                         HEIGHT="201"
                         WIDTH="2481"
                         VPOS="3802"
                         HPOS="3532">
                  <String ID="string_region_1644472712978_547l40"
                          HEIGHT="201"
                          WIDTH="2481"
                          VPOS="3802"
                          HPOS="3532"
                          CONTENT="ul. seer aeng. van 24 paso wel ontfanghen daer beneven"/>
               </TextLine>
               <TextLine ID="region_1644472712978_547l41"
                         BASELINE="3534,4080 3598,4076 3663,4073 3728,4070 3793,4066 3858,4063 3922,4060 3987,4056 4052,4053 4117,4050 4182,4046 4246,4044 4311,4041 4376,4037 4441,4034 4506,4032 4570,4029 4635,4026 4700,4022 4765,4018 4830,4014"
                         HEIGHT="157"
                         WIDTH="1331"
                         VPOS="3949"
                         HPOS="3515">
                  <String ID="string_region_1644472712978_547l41"
                          HEIGHT="157"
                          WIDTH="1331"
                          VPOS="3949"
                          HPOS="3515"
                          CONTENT="iavee wissel Briefies te weeten"/>
               </TextLine>
               <TextLine ID="region_1644472712978_547l42"
                         BASELINE="3544,4160 3667,4154 3791,4148 3914,4142 4038,4136 4162,4130 4285,4125 4409,4118 4532,4112 4656,4107 4780,4102 4903,4095 5027,4091 5150,4086 5274,4082 5398,4077 5521,4074 5645,4070 5768,4068 5892,4066 6016,4066"
                         HEIGHT="212"
                         WIDTH="2507"
                         VPOS="3972"
                         HPOS="3525">
                  <String ID="string_region_1644472712978_547l42"
                          HEIGHT="212"
                          WIDTH="2507"
                          VPOS="3972"
                          HPOS="3525"
                          CONTENT="eenen Jan st £100:- op d heer Const. Pedro vermoeler die is geaccepteert"/>
               </TextLine>
               <TextLine ID="region_1644472712978_547l43"
                         BASELINE="3556,4236 3678,4230 3801,4224 3924,4218 4046,4212 4169,4206 4292,4201 4414,4196 4537,4190 4660,4186 4783,4180 4905,4176 5028,4171 5151,4166 5273,4163 5396,4159 5519,4156 5641,4152 5764,4150 5887,4148 6010,4146"
                         HEIGHT="163"
                         WIDTH="2485"
                         VPOS="4084"
                         HPOS="3538">
                  <String ID="string_region_1644472712978_547l43"
                          HEIGHT="163"
                          WIDTH="2485"
                          VPOS="4084"
                          HPOS="3538"
                          CONTENT="een van:  30:- op dher F: beneder. dul tot Brussel enantst: te"/>
               </TextLine>
               <TextLine ID="region_1644472712978_547l44"
                         BASELINE="4542,4278 4614,4280 4686,4280 4759,4280 4831,4280 4904,4280 4976,4278 5048,4278 5121,4276 5193,4274 5266,4272 5338,4269 5410,4267 5483,4264 5555,4262 5628,4260 5700,4258 5772,4256 5845,4254 5917,4254 5990,4252"
                         HEIGHT="176"
                         WIDTH="1482"
                         VPOS="4154"
                         HPOS="4525">
                  <String ID="string_region_1644472712978_547l44"
                          HEIGHT="176"
                          WIDTH="1482"
                          VPOS="4154"
                          HPOS="4525"
                          CONTENT="daer vooren het noodig bij tijde sal"/>
               </TextLine>
               <TextLine ID="region_1644472712978_547l45"
                         BASELINE="3560,4312 3599,4311 3639,4308 3678,4306 3718,4304 3757,4302 3797,4300 3836,4300 3876,4298 3915,4298 3955,4296 3994,4296 4034,4296 4073,4296 4113,4296 4152,4296 4192,4296 4231,4296 4271,4298 4310,4298 4350,4300"
                         HEIGHT="168"
                         WIDTH="821"
                         VPOS="4202"
                         HPOS="3543">
                  <String ID="string_region_1644472712978_547l45"
                          HEIGHT="168"
                          WIDTH="821"
                          VPOS="4202"
                          HPOS="3543"
                          CONTENT="betalen. samen £136:"/>
               </TextLine>
               <TextLine ID="region_1644472712978_547l46"
                         BASELINE="3548,4418 3671,4410 3795,4405 3919,4399 4042,4395 4166,4390 4290,4386 4413,4382 4537,4378 4661,4374 4785,4372 4908,4368 5032,4366 5156,4362 5279,4360 5403,4356 5527,4352 5650,4348 5774,4344 5898,4340 6022,4336"
                         HEIGHT="196"
                         WIDTH="2511"
                         VPOS="4263"
                         HPOS="3529">
                  <String ID="string_region_1644472712978_547l46"
                          HEIGHT="196"
                          WIDTH="2511"
                          VPOS="4263"
                          HPOS="3529"
                          CONTENT="besorght &amp; sorden, &amp; gecrediteert, ul ordre voor 2opstijken"/>
               </TextLine>
            </TextBlock>
         </PrintSpace>
      </Page>
   </Layout>
</alto>
