8413 4733
1069 329 2347 94 pour la melieux teste de la femme 15 ƒ0: cette maison mortuairez

1075 406 2322 111 est tombe presentement insolvent a ce que son dit, cependant un

1053 475 2351 165 de ses garsons, et trouve a propos de lacheter comme mon espourze

1062 554 2377 197 est partie depuis de rechef pour la campaque avec mad. Broeckmans

1049 646 2282 169 et quil y est venu une lettre chez vous, j'aij l'honneur de vous

1059 726 2367 225 l'envoyer cj joint. ceux du passage de la riviere sont venu aussij

1064 881 2353 184 pour apporter de largent, & comme ie ne pouvois point le recevoir

1064 960 2337 156 ils attendront jusqua vre retour estant le suyet de cette vous

1067 1069 2317 199 assurant en mesme temp de mes tres hund: respects & suis avec

1027 1243 458 147 reneration

926 1231 2169 203 Brugge d'hr Lausener van Rentergem Ady 22 sber 1723

1041 1366 2290 171 beyde ue mij seer aengenaeme van 21 meij & 7 junij pass op syn

1089 1489 2278 178 tijds wel ontfanghen met den eersten de oncost rek. van het pack

1074 1588 2291 214 A. N. 4o bedragende ƒ 26:19:6 wisselgelde waer vooren ul

1081 1691 2359 213 gecrediteert is & met den laesten hebbe beomen het cognostement

1058 1783 2379 212 want selve, desen sos advies dat op gisteren ul: toegesonden hebbe

1085 1906 2077 164 een ander pack gemerckt N AH inhoudende hondert

1085 2028 2265 218 & thoinsigh stucken tijken die vervolgens gelieve te verclaren

1084 2134 2329 207 & p eerste vertreckende schip op london te versende & de consigneren

1099 2264 2229 174 aen d'hr shon Fatpalle & aen mij de oncast rck op ontfangh te

1079 2421 2357 178 lasen toe comen oock het sognossement soo het mogelijck can

1073 2504 2288 174 geschieden om dat binnen d a 6 dagen voor een weeke ant

1058 2614 2304 195 de stadt moet gaer als de oneost ick hebbe can de facturs

1072 2656 2373 277 versenden & soo het cognossemens niet can mede comen gelieve

1053 2830 2402 207 dat dan bij tijde te senden aen voors heer satuall d in londen

1024 2952 2175 188 dit van ue verwaghtende blijv naer seer vande groet

984 3075 2171 213 Lille mons: de Lannoy de la raiere Ady 22 d ups

1109 3176 2189 207 je me referre a celle que ie me suis donné l'honneur de vous

1094 3301 2289 183 bserire le 24 du passé depuis sans au qune de vos nouvelle cette ne

1098 3398 2339 155 servira que pour vous dire que malgre mes devoires que j'ay faite

1101 3466 2366 210 pour vre remise de ƒ960: de change sur mons. Jean  de foulan

1099 3608 2337 180 a bruxelles j'aij este oblige de perdre ½ pour cent de sorte que vous

1097 3746 2353 140 est credite pour la ditte lettre de change neut cens ancquante

1103 3810 2158 209 seps fls douze passars de change vous priant de l'anoter

1095 3925 2359 211 de conformite mon espouze le tient encore a la campaque & monsr.

1095 4029 2305 174 de swjndrecht et partie dicy avec un grand cmpressement le 26

1096 4126 2145 224 passé sans reeu dire dant madame sera bien mortifie elle

1095 4259 2273 197 sarmagina qu'il ne partiroit pas sans l'avoir parle & pour le

1102 4340 2348 196 retenir elle rest ie la campaque ie ne l'ay rien marque de son

1118 4487 1909 107 eatrepaise pour ne la point afsliger iusqua present

5954 212 114 112 21

3591 279 2383 142 ie n'ay bien de ses nouvelle dieu scay ou qu'il est nous avoirs icy des

3568 327 2509 216 nouvelle qu'il y ay une tres mauvaise mala die dans l'artois ie vous prie

3565 436 2515 217 de me marquer ce qu'il en est a cause que vous n'anmerious pas d'exposer

3569 557 2490 203 nre neveu a d donay estant l'aniqe garson de la famile vous m'obligeray

3577 659 2448 196 insinement & En toules sorte d'occasions disposez librement de celuy qui

3594 800 1294 173 a l honneur d'estre tres parfaittemene

3465 833 1782 231 Ent o. aen de Lannoy de uijdreckt 11 fbre 1725

3592 992 2453 188 ie Recois a sinstant l'honneur du vre escrit a mon espouze comme madame

3571 1120 2415 164 est a la campaqne & quelle y restera du moins encor 8 jours, elle ne peu

3572 1236 886 172 satisfaire a vre demande

5093 1324 773 188 Adij 14 gbre 1723

3475 1280 1280 222 Brusxelles, mons: Ssephno Rousseau

3614 1451 2406 199 j'ay bien receu. l'honneur de la tres agreable vre du c2m cours y joint

3578 1554 2350 165 deux lestres de chalge, chaequune de ƒ6000:- a la charge de chad. la

3579 1703 2478 141 estienne van preijsen les quelle ie vous renvoy icy joint accepte j'ay envoye

3596 1795 2418 146 quatre fois iez francois volly pour avoir payement de l'assignation u s

3579 1912 2347 173 sumbeur, de ƒ50: courti comme il est ouvrier il n'est pas au logis

3594 2006 2496 180 les jours d'ouvrieres de sorde que ie ne vous peu donner reponce avant qui

3585 2145 2481 167 iel l'auray parle moy meme ie sacheray de l'astrapper ce sois & ie vous

3569 2230 2452 214 donneray avis de ce qu'il sera passé au premiere come ie suis intentione

3582 2352 2402 210 de moner ma mece au couvent des ursile a mons a la fin de cette

3590 2522 2359 165 semaine ie me donneray l'honneur de vous venir faire ma revevence

3590 2603 1370 170 en passant estant tres partaissement

3499 2696 1136 203 Bruxelles mons: Stephano Rousseau

4955 2738 636 160 Adij 16di 1723

3592 2838 2349 194 le 1me court: f ut a vre grace ma derniere avec vos deux lettres de change

3586 2935 2469 168 sur mad la V7 estieunt van praijsen accepte de retour depuis j'ay pasle a S. volle

3592 3032 2361 165 pour avoir payement de la petitte assignation il me responda qu'il estois

3605 3160 2456 157 convenue pour les pieres a ƒ31:- le sent & il me presenta d'abord ƒ42: ce qu je

3592 3232 2391 169 n'ay voulue accepter ce pour quoy ie vous renvoij cy joint la ditte assignation

3604 3351 2105 156 & en attendant l'honneur de vous voire ie me dit tres sincerement

5421 3436 616 165 Adij 18 gbe 1723

3508 3382 666 231 London John Cotnall

3613 3509 2497 191 ue mij hier aengesname Jan 30 passt 8.5. wel ontfanghen, waer op tot vrindelijke

3604 3692 2437 125 antwoordt segge, als dat op 10 deser de versoghte tijken op gepackt & versonden

3608 3752 2447 178 hebbe, dogh daer sijn twee 2 ps. schoe strips minder, als ue ordre & om die te

3619 3847 2451 166 hebben soude noch wel een weeke ofte twee laner moeten waghten dat

3594 3960 2477 184 ongeraedt saem gevonden hebbe, dese bale is generckt .NA2. monterende

3611 4060 2434 176 volgens dingeleyde facture ƒ 1307:16 wissel gede waer vooren naer wel

3603 4191 2394 153 bevinden, mij gelieve te crediteren. dheer venter eem noteert mij dat

3633 4258 2418 193 present geene schepen sijn, die promt staen te vertrecken, dogh dat hij

3614 4423 2347 114 selve p eerste occasie sal versenden, & vermits voor eange deghn
