8365 4699
2608 245 694 166 Adij 12 juliy 1722

857 265 728 167 brugge rentergen

1036 370 2300 142 ul aengename 3 deses wel ontfanghe, daer bij rekeninge & comist

1011 439 2263 178 vant pack tijken A.M.21. waer vooren ue gecrediteert hebbe

1006 554 955 161 in wissel gelde ƒ 12:17:6

1003 627 2282 146 bedancke ue: voor de beleetijt die ue mij betoont int te willen

1009 731 2316 143 ontfanghen mijnen vrint dheer frijes twijfele niet, oft sal bij ul

1011 829 2236 193 gesomen sijn, & dat ue hem satisfactie sal hebben gegeven

988 956 724 158 ontrent sijn Coffes

964 1044 2370 136 desen tot advies dat opheden aen ul stoegesonden hebbe p wagens

995 1133 2323 131 van gent adroiture een pack S N.30 inhoudende 120 ps tijten

973 1247 2356 153 dat  alder eerste gelveve te versenden op london, & consiquere

1006 1348 2195 111 aen oheer John latnall hope een schip inn scort staedt te

1000 1445 2273 178 vertrecken, & laet dogh geene occasien passeren, &versoecke de

1031 1552 2062 134 oncost ick & cognossement mij cito te laten toecomen

1032 1685 2291 150 ingesloten len brifie van sf£60: ten laste hemij heydon

998 1785 2148 154 dat gelieve te laten accepteren & by faute met protest

1033 1862 2183 181 weder te senden aen die naer vindelijke groetenisse blijve

2723 1934 447 169 Adij 18d

878 1963 577 206 brugge Rentergen

1041 2058 2168 214 ue aengename 813 deser wel ontfanghen, tis mij leedt dat alle de

1026 2174 2226 190 schepen, die a costij op london in ladinge lagen, vertrocken waren, eijnde

1032 2299 2271 163 mijn vrindt bij dat pack verlegen, twijfele niet of uk: sal het selve wel

1032 2371 2283 176 ontfanghen hebben, biddende aenstonts doncost rekeninge te senden, om te

996 2513 2200 157 facture te konnen versenden, & daer door aen mijn vrindt mij ne

1010 2626 762 137 deligentie te betoonen

1056 2630 2170 241 ingesloten een wissel briefie van  £ 100: - a 35:6 ten laste

1040 2833 2251 133 hemij haydon, a cottiy, dat gelieve te laten accepteren, & mij te rrugge

1018 2880 2329 213 senden. supponere dheer vrijer a costij niet sal sijn geweest, & dat present

1041 2993 2259 196 tot london al sal sijn geariveert ick van hetten groetende blijve

2731 3096 446 160 Adij 19 d

851 3137 1083 176 London tebecca hamision & cooste

1043 3234 2263 186 op 5 deser was aen ue mijven laesten, met facture & cognossement van eene

1043 3367 2269 126 vale N. 21 monterende in wissel gelde ƒ1078:14 geladen int schp van

1046 3444 2301 172 pieter heye die soo verneme a costy is geariveert oock hebbe versoght

1049 3535 2298 185 van mij noch eene silvere mans sack worlogie met sietinge toe te senden

1049 3651 2301 168 voorders referree mij aen den selven sedat become ue mij atijt seer

1047 3750 2291 156 aengename 26 pass .3: daer by reise voor s £100:- a 35:13 e

1039 3848 2310 170 op 2 usos ten laste si padro van dielt welke is geaccepteert, bij tijde

1039 3959 2285 175 betaelt eijnde, werdt ul voor des selfs weirde gcrediteert. spoediger

1036 4097 2328 142 als dese bale ue geworden is, can niet versonden, mochte oversomen

1046 4147 2297 190 sijet versekert noyt tijdt voor bij late gaen, frans: moentach leght

1058 4285 2301 165 nu in ladinge, & laedt binnen 20 dagen te vertrecken, & daer pretenten

1066 4397 2192 151 giene andere schepen, om in ladinge te comen, soo als e iets

3536 203 2453 144 noodigh heeft waer wel dat ul op ontfangh deser ordre sont om van dise

3535 290 2134 180 occasie te profiteren, waer mede naer dienst presentatie blijven

5302 399 665 163 Adij 19 july 1721

3394 395 715 167 London John Patuall

3531 524 2442 137 op 12 deser was aen ue mijnen laesten, met adies dat de 120 ps tijkvan

3542 614 2414 148 in N. s0 opepackt al waren naer brugge vesonden, voorders referrere mij

3540 742 2433 118 aen den selven, sedert become ul aengename 30 pass met wissel voor

3526 814 2386 156 £100:- a 35:6 et ten laste henrij haydon tot brugge die om

3530 919 2346 118 acceptatie gisteren hebbe versonden sijnde ue voorige remise

3536 1022 2399 159 van £60:- op den selven haijdon geacceteert niet twijfelende oft

3539 1123 1207 145 dese £100:- oock sal accepterens

3539 1217 2467 109 mijn heer dheer rentergen adviseert mij datter maer een schip tot brugge

3539 1321 2449 135 op london in ladinge leght te weeten, dat van frans moentack & dat wck

3536 1391 2417 162 wel 15 a 20 dagen passeren sullen eer hij sal vertrecken derhalven

3514 1512 2476 103 bidde op ontfangh deser ul ordre te senden, om met dit schip te connen

3524 1601 2454 154 floiden, alsoo geene andere schepen soo haest staen te volgen, daer ick

3541 1717 2455 136 niet tegen can, ick versende altijt de goederen, 6 dagen naer ontfangh

3530 1834 2454 112 van ue ordres soo dat de retardementen aen mij niet taltribideren sijn

3516 1899 2353 163 het is mij leert dat ue over de ½ 3 segels claeght sal den maker

3536 1995 2454 142 daer over corigeren & ist dat ue: eenige schade leydt en het geplecht

3526 2078 2414 132 stuck, sal hem doen vergoeden. hebbe oock den teconden brief van

3524 2212 2384 117 £66:- met indorsement ontfanghen ul  voordere ordres te gemoet

3527 2299 1725 155 siende, blijve naer seer vrindelycke groeteniss

5376 2309 416 203 bijnd

3437 2376 758 184 brussel Steph:. Rousseau

3528 2487 2456 174 j'ay receu en son temp les cheres vres du 28 28 courd p la derniere remise

3485 2611 2470 196 de  £33:11:9 et a 2 jourt de veue a 34:8 et faisant en argent de

3513 2752 2480 160 change ƒ390:18 sur mons andre neytier dont ie procureray le requis

3546 2827 1475 180 estant en tous occasions tres sincerement

5363 2872 443 201 Adi9 207:

3412 2925 696 145 London John Jatnall

3528 3022 2481 149 op 12 & 19 deser, waren aen ue mijne laeste waer aen mij gedrage, ue remise

3544 3160 2465 151 van  £100:- a 35:6 op hemij hey don tot brugge is geaccepteert hebben

3513 3241 2493 145 geene van ue missive te beantwoorden, soo dat desen alleenek ick dient

3484 3326 2501 179 tot geleyde van dingeslotene facture van eene bale met 120 ps tijken

3520 3455 2358 164 opgepackt in N 30 monteren de in wissel gelde ƒ 1273:19 waer

3539 3554 2371 157 vooren naer wel bevinden, mij gelieve te crediteren ditto bale sal

3524 3656 2480 135 geladen worden int eerste vertrecende schip, dogh alsoo geene andere

3500 3751 2503 156 schepen als dae van frans: moent ack er presenteren, om op lendon

3514 3868 2377 171 te seylen, soo sal het noch wat aen coopen eer dat dit pack sal

3543 3985 2422 152 vrtrecken, & hope ue ordre voort gene noch noodigh sult hebben

3548 4074 2405 185 tntijdts te ontfanghen, versoeckende geen tyt te verliesen, waer

3538 4154 1819 209 mede naer jan vrindelijke groetenisse blijve

3335 4312 71 109 n
