8372 4699
2623 259 667 143 Adj 22 july v722

842 253 1011 164 London harult on & cooste

1018 372 2209 127 mij referrerende aen mijnen voorgaenden van 29 deser sedert

1009 471 2280 139 vinde mij vercert niet ue aengename 3 deses daer benevent

1021 551 2232 148 remise voor s £70:- op 2 usos a 35:4 ten latte gerard

984 633 2362 136 de witte, waer vooren het noodigh sal besooven, betaelt eijnde

1023 754 1623 175 werrt ul voor die waerde gecrediteert

1021 873 2302 137 tis mij lif dat al de bale N. 21  wel hebt ontfanghen niet

1001 974 2266 126 twijfelende oft de goederen ick: wel sullen bevalen, sal de

1010 1053 2231 131 silvere horologie met de iettingh afwaghten & iets van

1009 1160 2258 164 ue dienst voor vallende gelieve te comanderen, & ue vordre

1019 1247 2280 201 voor eenige tijsen gelieve cito toe te laten comen, om datter

1010 1370 2244 188 geene andere schepen in lange in ladinge staen te comen

1010 1478 2187 157 als frans: moentack gelijck met mijnen voorgen ue

1014 1567 2299 200 geadviseet hebbe waer mede naervrindelycke groetenisse

1035 1707 281 148 blijven

2415 1700 860 196 Adij 26 July 1721

867 1826 1344 191 London d heer John Satnall

1037 1990 2324 171 tijn heer retererende mij aen mijne voorge

1065 2109 2289 160 Jan 12„19 & 23 couraint hebbende e

1064 2193 2220 162 geene: van ue aengenaemen ontfangen

1043 2307 2270 159 desen alleenelijck tot geleyden & can het

1076 2427 2264 192 ingesloten cognossement van de bale

1058 2539 2233 170 N130 die gelaeden is ijot schip van

1073 2697 2255 133 John Ilsfrtelle die heden teen brugge

1081 2770 2226 134 naer ostende tont te vaeren oms mett

1055 2869 2308 140 dene eersten favorabelen Ellint naer co

1072 2991 2270 166 te zeylen godt geleyde hems in salvo ett

1056 3068 2305 194 laete dese goederen ue wel geconditionneert

1064 3173 2204 154 ter handts ccommen ue antwoordt op

1098 3269 2258 192 mijne boorige, beneffens ue ordre afesachten

1096 3428 1995 140 blijve naer oteer cordiale groeteninge

2682 3522 637 151 Adij pm aug. 1721

891 3539 655 145 Cadi Louis Callebout

1069 3614 2249 134 in veele daren d'eere niet gehadt ick te schrijven, nochte eenige van ue misseve

1075 3740 2240 121 te becomen, bij faute van occasie, echter mijn broeder pedro pedto heeft over

1053 3821 2280 134 eenigen tijdt mij geseyt, dat ue han versoght hadde te inuformeren & paert te

1059 3894 2230 161 geven hoe het met de familie al goenck, & oft ick niet getrouwt was, synde

1021 3997 2352 144 voorde genegentijt die ue ten regarde van de familie betoont & ten hooghtten

1070 4120 2292 130 verobligeert, & hebbe d'eee met desen ue te laten weeten, als dat het den goeden

1057 4174 2296 161 godt gelieft heeft mij tot den houwelijcken staedt te roepen, & voor een portever

1067 4259 2298 152 verleent heeft jouff: anna maria josepha de lannoy, dochtere van dheer

1091 4352 2206 160 Jacques de lanvoy, hier van wijndrecht Capelle &e, synde in die

3507 215 2440 120 afamilie ooc wijnige linderen, heeft maer twee dochters, waer van de ontsre

3519 299 2457 155 getrouwt is met mar: lesar ferd: Coppens, raeditheer in sijne may est ydtsrade

3508 389 2491 128 van vlaenderen, & de joucleste mijn comp. niet twijfelende, oft ue desen mijnen

3542 469 2333 133 seeus sal approberen, sijnde mijn houwelyck geschredt nmet contentement

3532 590 2215 123 van de familien van weerkanten, dat groote vergenoeginge geeft

3522 676 2441 110 ditto hier de lannoy mijn schoon vader is present een man van 30garen

3547 743 2416 114 nidt, & heeft over ettige daren groote affaires gedaen op spanien, sijnde om

3531 831 2313 130 syne hooge jaren, nu niet meer capate eenige affairens te ondernemen

3537 927 2460 151 er soeckt maer met eder een te effenen, heeft noch eenigen int rest g open staende

3544 1046 2447 105 rekeningen met eenige vrinden van costij, waer aen seer diewils geschreven

3539 1104 2398 103 heeft, & tot deser uren, geen antwoordt veel min betalinge, oft satisfactie

3533 1206 2451 125 connen becomen, & vermits sijn intrest pretent den mijnen is, soo neme de

3531 1308 2370 124 libertijt, mij aen ue te addresseren, hopende dat ue mij behulpsaem sult

3552 1389 2461 145 wesen, gelijck mijn vader saliger voor ue intrest in dese quartieren geweelt

3537 1482 2463 120 is, oock geljck mijn oudisten broeder noch is doende, & gelijck wij drij gebroedert

3522 1566 2481 137 genegen sijn om  gandere vrinden behugisaem te mogen weten, mij dan

3552 1677 2457 133 vertrouwende op ul: reciproque genegentijet wane de libertijt aen ick. we

3538 1762 2447 137 benevens toe te senden twee mistive den eenen aen dheer in colaet nelliney

3534 1840 2385 156 inhoudende versoeck, tot becoming van de vercoop rekeninge trekeninge

3537 1930 2460 164 courant van een casse witte garen uten N. 21. die ditto heer naer indien

3534 2025 2481 159 versonden heeft, & waer van over soo menighldige saren de retouren in handen

3513 2131 2510 138 gehadt heeft, wat mijn schoonwader geschieven heeft oft niet heeft tot nu toe

3525 2227 2479 145 geene de minste satisfactie becomen ben geinformeert die man in goeden

3507 2291 2402 163 stmedt it & dat alles maer negligentien en sijn, soo bidde ue hertelijck

3551 2422 2445 135 van die man tot ons versoece te bewilligen, & van hem antwoordt op disen

3550 2489 2329 137 ingesloten te versoecken, op dat wij tot het onse mogen gereken

3531 2569 2420 128 den anderen is aen theeren bracchy bayacca y clorts de resteninge courant

3526 2694 2469 126 gesonden hebben, waer van hier bij de copiye, brengen twee posten in rekendge

3534 2781 2457 107 voor quade schlden n debet die geroeyeert moeten wden, alsoosij voorde

3548 2848 2411 126 schulden hebben ingestaen, derhalven niets valrdeert als de ƒ400 die mijn

3551 2968 2442 124 schoon vader getrocken heeft sber 1698 in faveur van Paulo boon, dele

3549 3041 2466 127 mess. hebben over lange saren belooft te betalen, met den intrest van dien

3525 3144 2473 125 &tet heden noch ininst noch capitael betaelt, & selfs den trato van mijn

3541 3216 2364 147 schoon vader voor £100 met pretest laten skeeren, hoe het met die

3553 3314 2416 115 niess. staet, weete niet synde soo veele garen geliden, die in dien tijde

3539 3400 2442 164 goedt waren, sconnen nu wel sleght in hunne affaires sijn, dat echter niet

3549 3488 2391 130 verhope, bidde andermael van den emen & den anderen eens te spressen

3543 3589 2438 140 ofte doen al wat mogelijck is, tot onse satisfactie sal ick verobligent

3563 3700 2426 140 tijn, & blijven, tis een goddcloote salie, van hen soo sleght gehandelt te

3561 3780 2434 162 worden, bidde ue seer vrindelijck van mij ue sentiment ontrent de voors

3537 3881 2382 170 beurutte affaires eens te laten weeten, oock de hant aen te honden,

3553 4006 2447 135 dat men ten migetten hen antwoordt becomt, & raedt te geven, oft men

3554 4083 2428 115 soo met ver minmen geen satisfactie becomen met reght iets soude te

3561 4187 494 137 oftineren syn

3548 4214 2469 177 ege ue & ue bemiede & kanderen noch in goede gesontyt tijdt mijn liefte

3548 4357 2463 132 vessoeckt naer complinrten hier te gelieven t' accepterin, als mede
