8036 4713
2347 217 789 144 Ady 15 meij 149

469 226 1136 173 Turnhaut de wed: Robert

646 280 2490 184 ul: van gistren wel ontfanghen, Benevens de 126p tgh

638 417 2523 174 Bedragende Ritto ƒ1242„14 geassorteert volgens sijn ordre gelijt

631 467 2535 193 al½ seght, maer hebbe rel contrarie bevonden hadde gevraeght

2329 563 151 72 nd

2145 579 166 78 u

1239 590 272 79 12 Jonall

651 563 2538 240 20 Js segels,   breeded strepen & tevind maer 24 snall5

618 687 2565 227 & 26 bred sonalle, 4 breede, inde ¼ 3 segels 28 smalle „ 12 breede

640 778 2568 215 & bevinde maer, 24 smalle, 16 breede, soo dat ue dat niet wel heef

643 840 2420 281 gedaen, dat wat sleght is, nu ul sal sonder faute toecomendie

636 960 2574 247 dondersag aen dirckk eene assignaire geven kan het eon port van

616 1029 2472 252 dese 128ps de 6ps. moorkens steldu 2st pged. te hoogh

643 1137 2468 247 moet maer eenen halven guldens daer vooren meer stellen, als

650 1255 2474 255 voor de ordinaire groot loot, soo maecht  assignake van

649 1364 2569 284 ƒ 1242„ 2 trifsel gelde voorders seen dat ue dien peene nt

655 1442 2481 271 meer wilt geven ick moete mijn beste voordeel soecken

658 1559 2551 279 hadde noch ordre voor een Bale die nu aen een ander hebbe

666 1679 2545 247 moeten geven, dat ue eggen sult is. ue soude, die oock gehat

628 1791 2555 249 hebben, ick hebbe noch mael aen mijn vrindt gescreven

648 1892 2556 254 over de  groet oot breede strepen, ue moet daer mede

669 2025 2492 214 niet terlegen sijn, want sullen metter tijdt wel gevraeghe

654 2199 424 175 88 orden

653 2166 2554 255 het stuck lijnwaert blijft ue gerecommandeert pmijne

661 2297 2422 268 boden hebben noch al iets gesponnen als vl het

677 2418 2495 219 noodig hebt geluve te gasen weeten dog draeght sorge

643 2509 2477 270 dat het door de vingers niet vvagen saer medde

670 2682 1644 227 naer Cordiale groetenisse blijvve

2358 2731 832 233 Ad 1 6 p19

496 2809 1675 254 Brugge Laurence Jan Rentergen

692 2879 2497 247 op 4 deser was aen ul: mijnen laesten met de staelen lande bale

700 2995 2413 260 24. voorders referrere mij aenden selven, sedert geenen van ue

692 3110 2515 212 ontfangen desen principael tot advies, als dat desen morgent

684 3202 2530 235 p wagens Jan gent adroitere ul toegesonden hebbe een

678 3278 2467 299 pack tijken met 126 ps gemarckt h  door ick

681 3387 2458 279 van dheer george Birgoe Jan London, & een ordre daer

697 3518 2460 208 ontrent gelieve te volgen, & sijne rek met de oncosten

684 3588 2537 278 te Belattens voorders sal toecomende saturdagnoeh sen

695 3725 2403 296 pack gereedt hebten, derhalve gelive te laten weeten

705 3808 2517 325 oft het noodig sal sijn pwagens te versenden, oft tijdt

695 3913 2513 334 genoegh te iater, om oncosten te spaeren hebbe het

712 4038 2495 290 voors pack niet derven ogehanden, y: anteedoors e

675 4175 2540 304 gemoet siende blijve naer seer minsaeme groet en ist

5175 150 793 158 Adj 16 meert 1719

3328 196 1015 207 Bergen N. hamalt

3455 253 2481 232 J'aij bien Reeu la vre du 13 mars passée p la queele vre

3411 357 2589 231 grace me repond a la mienne au 5 mars & de mandes encorun

3427 437 2562 258 peu de patience avant de reevoir des vos remises, ma patience

3443 525 2556 220 sur passe vre mal solonte, veu quand vous avez de largent

3437 636 2539 253 pour payer, que vous prennez des lettres de change sur d'autres

3449 752 2492 241 quartiers, pour faire profit avec nos argen, la meto de

3418 788 2602 272 rest bonne, mais il est plas honeste, & juste que ie sois satisfair

3461 933 2495 259 de vous, avant d'entre prendre d'autres affaires, avec d'argent

3448 1041 2492 283 qui m'est due, tous me marquie de me faire remises

3434 1159 2542 236 cpers le paques, qui est long temp passie, cromestes nefont

3449 1254 2587 280 point du payement, ie vous asseure mons que ma patience

3433 1365 2579 232 est a la fin, ce pour quoy, ie viend done p cette vous marquer

3460 1496 2328 247 de me resmestre aup luttoit  me croire que ie suis

3639 1635 2166 190 le Reste de la partie du 20 aoust 1711 est 21 mois passie

3630 1759 2062 200 & la derniere du 9 avrie 1718 plus de 13 mois

5265 1873 619 224 Ady 16d1719

3295 1904 1165 258 Ralle M. Janden Bergen

3462 1999 2541 247 usi aend. van gistren soo aentstenes ontfangen, met alvies dat

3479 2150 2498 194 ue aen dhier rousseau heeft doen tellen, ƒ881:15 wisselgelde

3479 2249 2565 224 vlaer van dheer rousseau op ontfang mij heeft en iesse gegeven

3467 2326 2546 263 us is tendanckk daer vooren gecredetert en voldoenin ge san

3474 2517 661 172 alles tot heden

3493 2526 2553 285 soorders Wat ue gelieft te seggen dat ue bevonden heeftt 10 es

3474 2631 2571 233 sarget dapies met het marck vande schulp &dat meiousf ue

3468 2726 2581 272 doghter gemeijnt hadde, vande starre wae is kan haer een abuyt

3482 2846 2568 276 glant hebbe haer wel dujdelijck gelijdt dat die van de starre

3481 2959 2522 267 niet waeren, & die mij die soo veel costeden, als de ordinaine

3476 3052 2584 305 couleuren dan de sterre, om dat het gejaspeerde viaeren, boven

3495 3168 2565 274 dien hadde sij eenige bas pes vande starre uyt gesoghe, die

3515 3268 2408 297 voor den prijs niet laeten soude com haer in alles te

3518 3409 2511 230 vordoen, hebbe die tot den andee prijs gesedt alhoewel

3364 3500 2692 244 daer bij verluse, & us can het reght op de facture bevinde

3475 3617 2558 220 het profijt op de sarges is soodanig dat men den intrest

3488 3697 2547 299 dan sijn gelt niet winnen can, & het is ommogelijck

3505 3817 2541 300 goedt te onsbuden, om profijdt te doen, sijdt versehert

3476 3914 2585 241 dat alles aen haer op trouw versoght hebbe, & niet anders

3494 4033 2489 301 gedaen als sij genotteert heeft ick senste dattor noydt

3500 4156 2539 302 gegas peorde getraeght wirden, &want daer is maer schade

3539 4260 2520 228 aen te doen ue can nu oordeelen, dat alles naer consientie
