8303 4699
2562 236 672 128 Adij 5 xber 1720

825 261 867 151 wert on witt: & sam. lewis

993 318 2296 195 ue aengename tt pass wel ontfanghen dien volgens sal de 80 ps sacqes

972 412 2246 197 verweghten, volgens mijn ordre ue moet die nu stellen a 34 p want de

977 540 2364 174 sarges sijn generael 1 p p stuck afgeslagen, ingesloten om ue tte andmern

994 601 2164 197 sende een remise van  £71:5ƒ maer 1 uso &wijnige dagen meer

988 721 2186 180 ten laste soel watson, waer vooren het noodigh gelieve te besorgen

968 797 2308 208 & sendt soo haest mogelijc de facture & stalen, om het restant ul: te

1002 875 2248 211 remitteren, want vrech de wissel monteren sal & dan waerder geen

1002 980 2236 227 profijt voor mij te doen, den ontfangh van dese remise gelieve te

992 1114 1366 176 adviseren, aen die naer groetenisse blijven

2725 1156 394 165 Ady 7d.

840 1245 685 144 Turnhoudt wed: Robert

1001 1297 2243 172 ue aengename van gisteren met de 40 tijten, wel ontfanghen & die

993 1432 1375 128 reght bevonden, soo ue is gecrediteert von

1237 1444 2042 243 40 ¾ 3 segels 20 smalle 20 breede trepen a ƒ22:- ƒ480:-

2874 1555 429 154 „ 9:12

1850 1599 436 144 of 2 p

2243 1615 1055 203 rest nitto wissel gelde „ 470:8

1019 1728 2306 190 waer van naer geliefte kont d'isponeren, hebbe geen moorkens roort biet

994 1838 2335 146 noodigh ink heeft het candijs lwijseer vergeten, dit tot u memorie & blyve

2737 1938 431 180 Adij 7d.

1008 1968 779 147 naer cordiale groetenisse

838 2058 806 188 unhoudtE gidens samen

1011 2109 2240 191 ue aengename van gisteren wel ontfanghen net de 26 stucker tijken

2847 2219 407 118 ƒ 283:10

988 2261 1524 156 die reght bevonden hebbe, die 26 ps. bedraggen

2883 2305 368 98 „ 256:10

994 2362 820 150 die 30 ps. van 5 deser

2522 2379 702 143 samen ƒ 540:-

2838 2472 416 88 „21:12

1790 2445 343 201 ƒ 4 pr

2845 2532 415 145 £513:8

2283 2617 198 97 relt

1018 2650 2214 179 van de 12 ps. op 16 pass. a 2  is of 2a ƒ 126: - s2:10

2118 2710 1128 190 soo rest nitto somma ƒ515:18

1347 2849 1362 173 hier op ontfangen aen ue betaelt ƒ 240:-

2404 2884 400 166 „ 275:18

1255 2944 894 186 compt ul: al noch terest

2411 2996 424 152 ƒ 513:18

1005 3070 2298 202 soo ue can van dese ƒ 275:18 disponeren, ick heeft abuys in ue iek

1011 3188 1946 239 cent dit naetien, & sult soo gult bevinden, waer mede blijve

2807 3244 393 149 Ady 8d

859 3365 878 190 Ath Picolas frans. Celievre

1039 3395 2227 207 le 5 jullet passe, fut a vre grace ma derniere, pour responce a la vre du

1027 3511 2273 173 2 ditto, vre grace in advisa que ie recoiverois les restant pour ƒ 216:8 de

1029 3578 2317 222 la en six semaines, & presentement 3 mois cett dont pour vous prier de me

1031 3671 2324 208 remaistre la ditte somme, pour sader ure compte courant, & En lattendant

2837 3769 364 175 Ady 7d

1033 3825 1196 163 ie suis avec offres de mes services

856 3940 719 152 Brussel Jan de broe

1048 3973 2282 180 sedert de brusselsche frest als wanneer het geluck gehadt hebbe, ue a cottij te

1047 4098 2317 145 begroeten niets van ue: vernomen, alhoewel ul: mij gelooft hadde p eersten

1036 4168 2231 168 de rekeninge te voldoen, comende mij p rest in wissel gelde ƒ 472:29

1052 4260 2244 196 sijnde de laeste partije 11 july 1719 n f: verkoght nu een jar & 3

1069 4351 2220 152 maenden gelden, dat versoecke te censidereren & ue sal mij plaisir

3545 247 2406 89 doen, von dese some aen dheer stephe rousseau te betalen hebbe pretent

3540 275 2449 129 al een goede somme gelts noodigh vermits groote employen gedaen hebbe

3541 348 2437 157 sijnde ten uytersten present voorsien van een groote partje versche perpet.

3546 435 2367 155 soo swerte als zeep witte tot ul  het voors versoecke blijft ul

3539 514 2196 170 hertelijck gerecomandeert & blijve naer seer vrindelycke groetenisse

5365 587 583 127 Ady 8 xber 1720

3408 651 574 172 brugge Rontergen

3553 652 2408 222 mij gedragende aen mijne voorigen van 4 deser dese tot advies als dat desen

3544 738 2458 210 morgent ul: toegesonden hebbe ge wagens van gent adroiture een pack  N.26

3545 834 2434 192 inhoudende 6 stucken tijen dat e eerste schip op london versoecke af te laden

3537 911 2367 254 & de consignerte aen dheer tohn satuall, & de oncost ick: & loguossement op het

3537 1074 1199 181 spoedighste mij te laten toe comen

3554 1084 2442 217 nedel verwaghten wij engelsche brieven de halven hope an den voidt dser

3534 1204 2434 197 het noodigh tet verclaren van mijne dmj balen alfvellen te connen noteren

3530 1292 2484 193 gelieft ghter nae de selve eens te laten ingeuiteren, oft die wel geconditionn

3525 1426 1813 170 sijn waar mede naer seer vrindeliste groetenisse blijve

3535 1431 2479 273 S sor even becomen ij aengename van gisteren, oock facture & oynstamert

3544 1588 2450 223 van mijn voindt de 6 bale wegen als volght, die vervolgens gelieve te

3550 1717 2405 143 verclaren, waer toe mede ingesloten de twee noodige certificeatien

3544 1845 1274 138 voorders referrere mij aent voors

3673 1837 2051 204 3 baen salfsvilln netto a„ 2300½ weirdt ƒ 1500:

5273 1931 388 166 Adij 9d

3436 2036 817 172 London Schoppens Edwards

3537 2057 2431 227 op 28 pass was aen ue mijnen laesten niet versoeck van mijne penningen

3533 2211 2460 148 tot hoogeren intrest als 3 t te imployeren, sedert hebben wij brieven van

3525 2241 2476 231 costij die generaliter meden het dalen van alle actven, semige seggen, dat

3500 2357 2505 200 de banck tot 146 soude geweest sijn, & de generale opinie is, dat noch lager

3535 2452 2348 207 comen sal, bij aldien de banck compt tot 110 oft een hondert vijsthien,

3527 2515 2473 274 gelieve vijfhondert ponden sterlinx in te coopen voor mijne resteninge

3544 2607 2478 235 op vif oft thier p ceuto hooger, als het ue geinden vindt niet aen te sien

3542 2721 2449 259 & als ue sal gecoght hebben, treckt op mij tgene boven die £400:- die

3554 2861 2272 185 onder ue sijn, beloopt dit sijnde het noodige desis & dat naer seer

3561 2952 1010 203 vrindelycke groetenisse blijve

5397 2941 480 183 Adij 9 d

3434 3076 1036 169 London Jaco: frans: de witte

3556 3112 2453 216 ue aengename 16 pass wel ontfanghen daer benevens facture & Cogt

3559 3277 2420 143 van de 3 balen alfs vellen, menterende  £150:3:10, geladen int schip

3559 3356 2442 173 van frans: moentack die al lang voor ontfange van ue. brief was

3540 3446 2461 166 gearrivert ue seght ul, daervooren te crediteren, wel volgens ul voorige

3551 3573 2492 143 brieven seght, dat het noch eenige tijdt op den naem van dheer bollenge

3546 3658 2438 157 soude voortgaen, gelijck blijckt met ue: brief van 26 aug: lest waer bij

3562 3769 2287 141 seght de oncotten vant pack sarges £1:14:0 et de rck: met dheer

3545 3826 2403 207 bollengier soude belasten, soo weete niet wie voor de salesvellen te

3544 3934 2498 200 crediteren dheer bollengier is mij debet derhalven soo ick ul daer voore

3558 4022 2490 199 crediterer moete, soo gelieve cito t'adviseren, om ue te remborseren

3546 4149 2345 215 & gelijck ue een van de t executeuren is soo sent mijne rek

3573 4227 2459 221 courf: met theer bollengier lals: sal tgene mij compt an ue assignere
