8289 4733
955 253 2473 100 et elle ne peu poine s'en de faire, p linviolable amour, quelle at sogoad

959 352 2459 130 eu poux son cher sere il faut esperer, que cela se passena p le tent

944 433 2440 118 cependant cest un fachul contresems, dans ccestat oul elle est, vous avez

940 550 2466 117 en la bonte de lay marquer, que vous seriez remises de la recepte des

933 594 2476 151 biens de fen nre cher sere je viend p cette vous prier, de ne painc enti

921 705 2470 106 des remises a moy, poux compte de la maison mortuaire, pouz des

949 790 2426 103 raisons, et noux vous seroit cependant jeen oblige si vous voulez

943 866 2456 153 continuer a vre ordinaire sochy, que vous avez toujours eu des bient

957 965 2433 134 de nre dere si vous haudreez me faire la grace de m'informet

946 1035 2466 99 a queles sommes, monteroune les dit biens, chaeux en particulit

949 1130 2452 139 a peu prez, pour en en peu pauvoir reguler a l'avenant, vous

949 1215 2466 113 ma seriez un sensible plaiser, je ne doute pain, ou tous les biens

918 1300 2496 121 devront estre pise cependant je ne beu rien faire la dedait

951 1403 2462 144 sans les ordres de mons. Coppens, excusez ma tres chere cans

973 1507 2443 106 de la liberte que je prens a cour faire un selle demande, t

958 1559 2450 130 soyez persuade, que vien ne me seroit plus agreable que de

974 1668 2443 140 vous pauvoir estre atile en tous occasion, et ausssij a ute vre

957 1768 2443 126 cheve famile, nous nous estimerions heureux, si nous poutions

952 1847 2479 146 avoir le bonheur de continuer en vre bonne grace, a quelle fin

956 1939 2460 113 hour tacherons de faire autant quil nous sena possible, mon

957 2046 2469 120 spouze vous faite bien des complement de suesme a mons:

960 2135 2443 145 et madame son Cousin et cousinne vre fils et belle sille

961 2224 2463 140 et les demaisselles vos felles ses consinnes, permettez sil vous

960 2328 2459 148 plait, que I'y joingne aussi les piens, estane avec bien du jespeus

1127 2443 2276 152 J'ay vendu vre incluse a monsr. Coppens qui estoit alovs icy,

958 2544 2433 176 madame na point este a anveis depuis 4 ou 5 ans, et elle est

991 2676 2413 143 encor a venir je vous puis de garder largent qui es entre vos

1004 2755 2416 135 mains, pour comte de la maison mortuaire, jusque, que

986 2845 2136 144 je me donneray l'honneur de vous jnformer autrement

750 2983 2688 155 Lille mondieur et cres cher Cousin de Lannoy de la Raurre, anvers le 19 & breurs

989 3069 2440 202 vous avez sien de me reprocher, que je nay pas respondue plus promptenn

975 3219 2453 153 a celle que vous m'avez faie l'honneur de m'escrire, le 15 caurant, ie

972 3305 2414 142 vous dinay done monsr. que vos remises que vous m'avez envoyee p

962 3357 2474 205 celle sun le S. Jean de cleves, payable dans anvers l'ane de trois

961 3500 2479 164 mel qualre eene florins de change et lautre de trois mil quati

989 3582 2428 169 cene seire florins, cincq sols, et sire deniers aussij de change, ous

973 3684 2471 172 este salisfait a hier de sarte que vous en este credite ensemble puis

983 3751 2460 178 ƒ 6816:4:6 e dont vous pauvez en disposen quand il vous plairez

979 3845 2451 188 excuse I:V:F ma negligence, cependant croyez que la maison mortui

954 3942 2486 136 me donne sant docspation, que je ne scay ou touvier la beste mons

1002 4030 2417 123 Coppens estoit icy, cest un homme sort prccipite, il lieux foue

993 4158 2447 122 faire sur un jour, et quand nous sammes en train, il parte, comm

966 4196 2476 155 il at fait encor aujourdhuy, et il sena jcy de retaur samedy provein

979 4319 2463 108 avec madame, pour estues a la bente des meubles, il ma die, quil a

973 4370 2460 154 priez madame van Celler de faire faire la puisee des biens de

4657 86 553 171 ed ael

3574 216 2478 152 mons. de swijndrechx en vous quartiens, je pree madame van Zeller

3569 259 2481 237 quelle ayez la bonte d'envoyer Coriginal de la prisce a mons.

3593 348 2348 202 Cappens ee la copie a moy, vous priant de lay faire not

3584 454 2491 196 complements ee a saule la famile a qui nous sommer, comme

3592 551 1309 156 a vous, alee bien de lestime

5274 522 749 216 Adij 19 gbre 17231

3442 657 679 179 Gendt Rust Corgans

4631 669 133 143 mo

3566 733 2453 152 pour responce a la chere vre du 12 courant, j'ay l'honneur de vous dire, que

3561 846 2399 142 nous sommes estonne de voir la priserie de terres de hidrecht le bas

3550 908 2478 191 peutt estre, qu'elle ny sont pas tous, ce pour quoy ie vous envoye cy joint

3551 1067 2495 160 une memaire dicelles, & mon espouze n'en scay pas d'autres, jay donne

3545 1190 2513 104 les ordres pous schoehant & autres, pour faire la priscrie de la seigneurie

3526 1275 2487 146 de fwijndrecht, & ie ferrez de mesme de la petitte maison, ie mestonne

3544 1352 2540 200 que vous ne faite pas mention, si vous avez receu la priserie de Lille on no

3561 1461 2540 148 ayez la bonte L:V:S. de faire faire la priserie des biens sitre a merchem

3566 1585 2513 181 proche dipere afin quil ny manqueroit plus rien, pour fiaur jusqu'a la

3560 1677 2447 158 l'homme a qui vous avez vendu le tenne, m'est voau payer pour vre

3548 1761 2462 213 compte dont vous trouvere encluse aussij la notice, le tenne porte

3581 1892 1078 153 ensemble ƒ186:17½ courant

5534 1918 501 227 ƒ 148:1¼

3548 1982 1383 164 J'ay reccu en argent de pieter sallard

5557 2062 479 136 „34:2¾

3549 2107 1302 167 & ce que j'ay tant pour moy porte

5089 2150 870 179 tut tensemble ƒ 132: 4

3484 2296 2194 170 dont ie vous ay credite, & vous pouve tirer sur moy la disone

3581 2423 783 162 quand il vous plaira

3994 2425 2030 235 ce que vous avez retene pour vous, porte „ 4:13 ½

4676 2579 1355 221 eden Jachaptepent ƒ 160:1:-

3566 2755 2438 138 l'homme du quivre n'a point lenvie de le prendre celon la priserie ni

3588 2831 2404 149 en partie ni 'En tout de sorte de ce que vous avez fait a ce suyit est

3586 2966 2340 167 peine perdue. lanniversaire de feu nre belle neere se doit faire au

3601 3076 2396 161 premier mande mey, si ie le veu payer de largent, qui est encor au

3610 3135 2370 196 contoir, estant avec bien des compliments a vous, a mad. vre espouze

3604 3250 2426 203 mons: vre frere & ma comp. en fait de mesme Ady 27 gber 1728

3449 3388 1258 166 Brussel C peterbroeck agent en cour

3607 3453 2366 194 la presente servire pour responce a la lettre que vous avez escrit le

3602 3594 2350 139 16 court: a feu le S. de lannoy de l wijndrecht mon fenu pere, que est

3586 3703 2227 153 de cede le 21 sbre passe, y joint lestat de vos devoirs & de bonules

3610 3806 2343 151 montant pour luy & consoits la somme de quinze florins & donze sols

3619 3893 2377 146 dont vous demande le payement peut estre dans la supposition, que

3614 4031 2367 126 nous avions envie d'abandonner cette cause ce qui n'est millement

3609 4157 2363 162 nre intention, mais de la poursuivre, ce pour quoy nous trouvons

3617 4245 2293 176 plus convenable, den faire le payement ensemble, qu'en deux

3624 4371 2426 126 comptes particuliers. monsr le Consellver Coppens de gand, mon beau
