8187 4678
877 207 1671 165 in af vragtinge blijve naer groeten sae

2530 291 648 165 Adij 11 xber 1729

752 341 265 116 11

749 336 908 213 Amttm francisso Rousseau

844 427 2330 164 ue: brief van S. afnoldus lans door u ordre geschreven op 15 ster lest, ten

851 542 2300 198 tijde wel ontfanghe daer uyt met deplaisir vernomen icl in dispositie

867 619 2341 212 eghter nu ben geinformeert teenemael erstelt sijdt dat mij lief is. hadde

847 725 2295 167 sal verwaght mijne rek ccort soude toegesonden hebben, dogh tot nu toe

858 808 2326 188 niets vernomen, & vermits het jaer ontrent geeijndight is soo come met

818 895 2384 231 desen h: voindelyck versoecken van het : te senden aen die met dienst

2517 1010 628 218 Adij 11 d. 1719

837 1058 733 158 presentatie blijve

691 1150 780 187 Brugge Rentergen

899 1215 2355 213 ul: aengename van 1 deser wel ontfanghen, schipper gregors was noch

889 1337 2324 154 niet te costij aengecomen, twijfele niet oft sal e voor de stadt sijn

885 1433 2380 169 de vraght ran die twee paeken is tot londen veraccordeert a 3 t:p

889 1503 2264 198 ps tot e gouverno. hebbe ooc het coquessement tant packie

865 1665 561 138 tijken 26 g 22

873 1672 2318 191 hebbe ten langen lesten vernomen van mijn vrindt van London

889 1768 2395 209 dat mijne calfsvallen geladen sijn int schip van Jacob tarneville, & niet

895 1890 2327 214 in moentace daerem van sijne aen comste gelieve advies te geven

2391 1978 766 167 Adij 13 xber o29

668 2027 1252 172 London Rebleca Lamilton

907 2103 2371 210 ue mij seer aeng van 16 past 63. wel ontfanghn, daer benevens

916 2207 2366 180 een modet, van ue maker dat mij gans niet bevaet, is te hoogh

863 2313 2434 162 de boven deuren, gaen maer in tween ope de lest werck en von

903 2374 2361 245 is sleght, soo op dat cassoen is niet te peyten ingesloten een

908 2484 2293 195 ander model dat geluve precus soo te latn maken het is

882 2558 2326 286 op den brabantsen voet opgestelt, daerom oock hur in

901 2674 2344 304 gesloten de reghte groote mater gelijk den voedt is waen

919 2754 2309 264 naer den werckman se9 moet reguleren, hij moet de

907 2877 2377 252 lesten precus na de seheninge volgen, oft anders waere

930 2977 2355 233 bedorven werck de boven deuren moet ue in t opingeen

930 3092 2361 242 het eerste blat slaet op het sweede wedercanten, & dan

916 3218 2368 244 moeten sij te samen berijden, den buffeet sijn als men

887 3283 2406 282 den buftet geheel open dat mende deuren niet seie

891 3410 2381 208 de eene helft gaet aen d'eane tyde & de andre aen de

936 3519 2235 222 andere tijde, dit model is seer modest sonder eenige

949 3606 2346 243 ornamenten, t versoecke dat het sant hant ulmaecht

937 3718 2338 240 wort, daer mijn casse van de gesondene orlogi van es

939 3830 2362 213 dat hant is wat gender als notelaren kant, & men

937 3932 2267 250 supponeert heer, dat het blijven hout vs, bidde soo

946 4046 2336 255 goet te eesen van ue tenformene bij den maken

954 4171 2336 258 ans die orlogee, eester windtuuls, sirie dat die casse

945 4278 2338 228 gemaekt heeft die sal wel seggen van wat hoat

3480 92 2506 210 nge eet p y e  anee

3465 217 2460 223 dat hout staet mij wonder wel aen t& geleve mij te laten

3476 296 2440 227 weeten, oft ue ten reghten geraeckt is recommandere desen

3475 411 2469 245 baffet op het spoedighte te doen maken, & schoon soot werck

3470 511 2465 238 te bespreken, dat den biuffet van alle cansen wel suyt, b'at

3491 607 2469 252 Bardchen dat uyt getrockn wort, dat voor een tafectien aen

3482 711 2512 237 den baffet dient moet wel gesoserveert worden gelijck op mijn

3487 856 2483 262 voorige moiee genotteert n & den meester moet dat ingesloten

3505 941 2430 261 model soo precus volgen, oft hij mag het niet aennemen

3495 1057 2451 258 te maken & soo dan mijne hrie modellen weder senden

3501 1184 2465 251 de deepte dent baffut is getaekeent, op de voorege teekening

3497 1260 2494 267 het in mij lief te verstaen, dat de bale N.20. ue is rel is gewarde

3492 1420 2494 268 & terrijlen het jaer seer na geejndight is soo senden ue hur

3520 1498 2470 260 ingesloten ul rck court waer bij mij is comende in rijse

3496 1614 2469 321 geede ƒ 390:15: waer vooren op niendock ul gedebetert

3508 1731 2398 308 hebben & verhope in toecomende jaer 1120. occasin sullen

3501 1866 2459 257 voorvallen, om die te vergrooten echter als ul blijn

3524 2018 2455 234 strepius soude moeten hebben dan moete ben minsten

3517 2118 2498 242 3 a 4 maenden tijt hebben om die te laten maken san

3522 2244 2491 247 ul iet wel hoe dat daer mede gepatebulert hebbe geweeste

3542 2365 2480 220 ue messive te gemoet sunde op het voors. blijve naersen

3521 2546 1109 187 pun saeme groet si

3380 2627 1103 244 London Jr Bolleno

3548 2700 2470 274 soo aen stonts become ue mesure 23 pasto sal 8a m naeste

3529 2847 2326 247 reeshe trachten te versenden & ue op het spoedighte de

3537 2939 2445 260 facture & cognossement laeten toecomen & het noodigh

3529 3017 2493 325 voor ue remise van s100n ten laste flouel van

3569 3159 1873 263 den berg besorgen referrere mij aent voors

5212 3274 804 205 Ady 3 xber 1719

3442 3319 984 216 London & bollengur

3545 3411 2468 237 op 29 pasts was aen ul mijnen laetten met remise voors

3533 3503 2489 253 ost£ 54„ 12:- in mijn eygen brief ten &abte S Jon tatnalls

3558 3578 2444 239 voorders referrere mij aen den selven, ten lesten become ul

3551 3738 2451 214 aeng. kan 20 past. met cacture van 3 balen calfvellen

3570 3822 2461 202 monterende £152: 18: 9 hebbe mij seer te beslagen, over

3559 3938 2481 224 het sleght gedrag huer ontrent, voor eerst hebbe die vellen

3546 4027 2461 269 geordonneert lgber b& sedert sijnden differende bij lander ƒ

3573 4141 2386 274 aengecomn, die ue heeft laten voor bij gaenn & dher
