8337 4699
933 251 2325 96 door de schaersheyt van het gelt & dat uda de tijken betale mietten deel

984 336 2292 130 op den dagh als die ontfanghe doedt hier aen mij verobligeren, & daerom

1009 406 2329 136 hebbe oock altijt de boste tijken, die altijt magh wytsoecken, dat een groot

1015 516 1528 145 voordeel is, voor mijne vrinden die ick bediene

1013 528 2338 192 wat aengaet dat het stot van rekeninge, op ue trecken soude, is niet noodigh

1011 683 2321 120 sal dat in meerdere partijen door ue remises wel vinden, sijnde de somme

1000 774 2295 166 clije, oock de wissel te laegh, & dat soude ue: presuditieren, dat mij wel

991 828 2333 188 aengenaem soude syn, wants doen altijt alle divoiren, om den int rest van

988 978 1300 157 mijne vrinden te behertigen als eygen

1007 992 2319 196 tis waer dat wij present dangerent tijden beleven, ick hope dat ul in

1020 1123 2303 192 volle geruttyt is, met mij te negotieren, & by faute van goede informatie

1008 1218 2317 186 het anders soude connen wesen, soo soude mij veel plaisir doen, van naer

1021 1306 2271 202 mijn persoon wel te informeren, op dat onse affaires die wij t'samen

1022 1424 2193 163 doen, geen contrente en mogen lijden, het gepasseert jaer heeft

1033 1507 2129 183 wijnigh van belang geweest hope in dit loopende nin jaer

1004 1569 2245 203 meerdere partije tijken sult ordonneren present can ue verseteren

1027 1684 2112 209 van uytnemende schoon geedt derhalven ue ordres souden mij

1021 1788 2277 184 aengenaem sijn, wensche ul in dit begonnen nieu jaer alle hejs

1009 1874 2291 194 tegen, & prosperntijt naer ue contencoment, & blijve met presentatie

974 2041 1633 169 van dinst maer seer vrindelycke groetenisse

2817 2039 513 176 Adij 23 januu

882 2151 1121 177 Brugge Laurence Van Rentergene

1004 2231 2305 165 beyde ul: aengenme van 14 & 21 deser wel ontfanghen met den eersten

1020 2321 2307 191 het wissel briefie niet behoorelijke acceptatie te rugge, & heer van den

1037 2416 2294 162 busselae, heeft noch noet geantwoort aen madam broeckmans daerom

1029 2520 2270 157 bidde hen wat aen te moedigen, met iul laeste verneme het goedt

1045 2593 2197 177 arrivement van John kelley, in wiens schip voor mij geladen is

1037 2676 2243 227 een pack & 25 met tagentigh stucken larges, welke gelieve

1037 2822 2307 178 te verclaren, & hier benevens daer toe de twee noodige certificatien

1027 2929 2284 178 dit sijnde het noodige deses, & dat naer vrindelysie groetenisse blijve

2648 3034 687 145 Adij 23 janu. 1722

840 3036 971 180 Dornick hermes Broeta

1030 3159 2289 123 depuis le 29 d'coust 1720 quand, j'ay vendue pour vre compte a mars

1027 3235 2216 159 vre miere 10ps. perpet: j'ay receu de mon frere Jan Michel p son

1042 3320 2303 143 ordre quatre cent florins argent de change, le 6 sbre 1720, & le 6 xbre

1034 3444 2232 121 1720 mon dit frere ma rendue vre remise de trois cent florins

1034 3527 2293 175 de change sur tochus hameliux a gand dont vous este credite ie suis

1055 3603 2260 148 ettonne que vre ne me remet point le restent de la partie t' sbre

1053 3707 2290 130 1719, ie que ie vous recomande de faire, estant asse long tens passé

1041 3822 2238 124 en attendant ie vous salue & souhaite tout serte de benedictions,

1031 3866 2328 207 dans la nouvelle anne coutante & voye que ie suis tres cinceroment

2718 3974 551 192 Adij 29 di

907 4012 998 166 London schippens &Edwards

1063 4078 2303 200 ue aengename van 13 deser 6. 3 gistearen wel ontfanghen daer uyt

1035 4213 2328 159 vernoomen, dat de luyt e co: obligaties wan gedeelt op £7½

1034 4305 2325 179 disconte, & dat oordeelt de selve goed sijn, derhalven mijne £400:-

3504 211 2495 136 dan unne soude besteden, als tot 9 pt souden comen, vermits tot 15 beted

3525 290 2440 131 rabir verscoght sijn geweest, soo soude het lichtelijck connen gebeureen

3516 388 2312 138 tot dien selven voedt comen sullen, sijnde het gelt a costij al schaert

3504 457 2463 162 daerom moet ue sigh niet verhaesten & traght den betten uys te becomnn

3504 564 2407 132 enfin doedt naer geraden, echter tot 9 p waer wat laegh, a 13 14

3493 678 2400 141 dat soude connen gaen, laete dit alles aen ue oordeel die sijnde het

3527 775 2220 130 noodige deses, & dat blijve naer seer vrindelyke groetenisse & met

3521 870 805 175 presentatie van dienst

5321 878 681 166 Ady 29 janu 1721

3417 980 896 153 Brussel henrico borremans

3525 1039 2436 181 ue: mij seer aengename van 21 deser wel ontfanghen, d heer rousseau heeft

3518 1159 2410 151 mij advies gegeven dat hij van ue voor mijne reki ontfanghen hadde

3518 1273 2371 151 duj hondert guldens wissel gelde, & uk is daer vooren ten dancke gerediteert

3523 1359 2462 154 ingevolge ue ordre sende aen ue heden & beurtschip twee swerte perpet.

3523 1461 2382 141 van N.z0 die seer schoon & goedt sijn, hebbe de t stucken niet connen

3525 1547 2459 180 geveedt crijgen, daer sijnden partijen in de vef dogh om het nat weder

3479 1667 2513 158 connen niet woogen, soo haest die thuys becomen, salt ul laten wetey

3519 1753 2475 166 can ue dinst doen met die van N° 0. 100. N. 60: N. 56.N.1. daer sijnder

3528 1832 2400 165 af gereedt oock heep witte van de selve & van N.20. ul. gelieve mij

3513 1942 852 166 te crediteren als volght

5306 1956 650 184 ƒ 51:- ƒ402

3522 1998 1401 210 op 29 janu 1721  2 swcke perpet: N. 70

3542 2076 2381 188 wissel gelde vermiets de wissel iets lager is als voor desen, soo stelle

3515 2172 2484 181 die enen gulden p ps. minder. geloove niet dert desen vatten avont tot

3538 2270 2473 228 brussel sal comen passeren, om een affaire, daer mijne presentie hier toe

3526 2373 2466 186 noodigh is. waer in is, eenigen aengenamee dinst can doen versoeckee

3522 2481 2432 170 van de comanderen die naer seer vrindeljke groetenisse blijve

5382 2565 475 194 Ady 30 d

3451 2633 784 186 Brussel Steph: rousseau

3546 2716 2423 182 j'ay l'honneur de vres lettres du 20 & 17 courant, p la premiere vre grace

3528 2819 2455 135 avoit tire ƒ 1266 de change, a e jour de date, en faverr de francolit, que

3537 2918 2469 175 J'ay paye a le presentation, aussij ie vois que vous vous este mal explique

3536 3025 2478 137 a legard du S: de wemer & celon vre avis ie vous envoje cy joint ma cessignato

3543 3091 2351 177 sur luy, pour la somme de ƒ128:5 de change pour solde jusquei ce jour

3528 3198 2488 154 p vre derniere avis, qu'avez receu de mons. hen: borremans trois cent florins

3540 3321 2462 147 de change, dent vous este debite, & ie vous renvoije incluse la lettre sur corn

3537 3426 2465 161 van de zande accepte. ie vous prie de ne rien dire a mes chalans de ce

3545 3552 2419 149 que ie quitterois la negoce, il est encor incertain, ie vous salue &

3536 3617 504 168 suis de Coen

5443 3615 535 200 Adj 30 d

3438 3727 651 166 loven steven deville

3558 3790 2429 178 in gevolge ue mondelinge geloste, hadde al voor ersemisse verwaght

3495 3914 2485 130 dot mij het reltant van de partije calfsvellen vant jaer in9 soude

3545 4004 2344 146 hebben gesonden, dat echter tot nu toe noet geschoedt is, derhalven

3350 4125 2638 148 come met desen ue versoecke van mij dat te senden & waer in ul

3559 4210 2374 179 eenige aengenamet dinst cn doen, gelieve te comanderen

3351 4327 1765 171 diu naer vrindeliyke groetenisse blijvan
