8324 4726
983 255 2342 170 gesien, de propositie die l mossevelde is doende, waer toe ons niet

970 371 2442 154 connen resolveren, dher pentirnaris van hessel, mijn ewager die binnen

971 421 2437 183 aght, oft vierthien damee schicht tot brussel te comen sal uk: over

968 557 2439 174 die sake voorder mondeliur spreken maer ue gedaen te hebben

967 680 2407 173 het compliment van mijnen mans blijve niet ve achtinge

2541 753 767 175 Adij 5 Janu1 1728

864 791 706 181 Ceylen gerard meller

994 839 2427 186 ick seer geettemeer de van 30 pass. wel ontfangen, waer op d'eere hebbe van u

989 966 2411 217 te seggen tot cant woort als dat de goude lieders tapperen, tot mechelen

996 1058 2415 201 gemaeckt worden, & niet tinnen antwerpen, soo dat al neen correspondent als

945 1184 2478 153 behoorde te hebben, die ue als dan van alles satisfactie soude connengert

951 1267 2476 159 dat eenige voinden, oft correspondentie tot mechaene hadde soude connen

996 1353 2429 226 een adves geven twijfele niet es ue: sal lichtelijck suer van andere

979 1455 2434 230 vrinden wel becomen, over eenige sareie hadde silven een camer gende leet

991 1584 2425 225 noodigh, & ben als dan verobligeert geweest selver naer mechelen de

976 1695 2377 160 reyden, on die te besomen sijnde mij seer leedt dat ue: hier inne

977 1783 2450 204 geen dienst can doen, echtor troude mij ven plaisier sijn, ue bchulpsaen

883 1924 2479 149 ste sonnen weden. tis mij lief te vernemen dat iuk soo wel varende s

896 2045 2501 148 ue dat ul soo corppotent geworden is is een tecken van contentement en

960 2098 2447 232 gesontheydt ick heb het ongelict van nu al over de vijf maende

917 2212 2476 186 conpasselgcierte sijn, soo danigh, dat op diu tijdt, twijnigh uytgegaen

963 2316 2375 191 hebbe, de medecyns geven mij hope, dat het sal beteren tegent het

958 2423 2406 205 bigen van het somat seroen, & in gevalle van contraties dattjoit

930 2513 2455 218 my van bewartn wel sal wel genooddsaeckt sijn, naer aky

941 2617 2443 214 spae te reijsen, wanneer lichtelijck het gelyck soude comen hebben

936 2741 2468 195 van ick te retcontreren, om als dan een partije te masen om naer

964 2858 2388 194 antwerpen   somen, us ander mael mijn hugs voor te  logement

981 2942 2418 188 presenterende bedancke ue   voor alle ue & goede toeienschengen

956 3087 2364 135 en dit begonnen iun jaer tgene caen ue  famiie mede ben

956 3149 2367 246 doende & verhope die al mogenden, ue  selve &noch veile

972 3248 2448 224 naer volgende sal verlienen alle benedictien naer se & licheen

965 3400 2322 187 tot u contentement, & wil varen van : fanilie blijvende

983 3525 845 162 met veele lechtinge

977 3513 2427 288 mijn liefste versoehet haer comiplimenten te gelieven taccepteren

985 3693 2429 172 met tte werschinge van en geleck saligh n jaer aen  & laud

2720 3792 691 201 Ady 9 Janus 1728

837 3869 864 165 doil de wedue le paye

1006 3974 2414 205 op 14 geer laest leden hebbe ul p mijn missie anderma

994 4132 2434 169 van niet langher uyt te stellen om het iaer laert packt

997 4236 2391 182 verschenen bamis seven hien ssondert ses entwinsigh

984 4337 2329 192 te comont betalen als mede dat de fiver

5928 216 123 85 275

3558 249 2430 203 oertelen terwe soude over senden sedert van ul niet ver

3547 374 2426 188 nomen seynde seer gemotificeert te meer om dat ut voor

3572 511 2371 151 reden jaer in canuary hier sijnde het jaer vers banis 1223 mij

3539 597 2494 174 betaelte, gelooft hadde, dat het boven laer packt, siort daer naer soude

3523 724 2378 153 voldaen gehalt hebben & een ninue huerrediille sosse passeran

3538 819 2530 193 & uy claet nu alles passeren, het valt my moeyelijck dat soo dicewils

3559 970 2530 148 vermaninge dom mote, ingevalle ue peerste niet comt voldoen

3555 1034 2529 183 moet niet qualijck nemen, dat andere mesures sal moeten gebruyssen

3557 1156 2450 158 waer mede naer uk gewenst te hebben alle heyt & segen in

3566 1274 2443 202 diet loopende nijaer blijvAdy10 Janue 1728

3463 1345 826 216 London Schoppens & Edwards

3532 1431 2502 175 deere van ue mij seer aangename van 27 gbet 1727 is mij op sijn tijst wel

3558 1512 2534 211 geworden, daet benevens den te sonde brief van ue remise op de wael molsecoy

3523 1611 2551 202 oocs advies, dat ul genoteert hadde voor mijne res al noch in te coopen  300

3561 1735 2457 201 banch aetien, soo die a 126 a 123 oft uyterlijck hondert aght en twintigh

3543 1848 2475 225 sonde becomen. hebbe advies van andere vrinden, dat de directeurs van de

3576 1927 2518 238 duyd & de comp. souden geresolveert hebben, het divident verp. kertemisse maer

3572 2011 2538 240 te betalen a tato van t p dat aen de hier synde geinteresteerde seer geturpren

3569 2115 2509 280 meert heeft man seght dat de oost indisen comp. het selve don sal en men

3579 2237 2495 188 vreest dat de banck die voetstappen oock al soude connen volgen, soo synde

3571 2312 2546 238 waer hut niet geraedtsaem, tot soo hoogen prijs als hier boven betmelt in te coopen

3590 2451 2465 213 evenewel laete het selve aen u goedt oordeel, van te coopen, oft te lasen

3599 2542 2455 225 mij geheel vertrouwende, dat hier ontrent sult doen, als voor eijgen, tgene

3590 2629 2413 244 ck saer hertelijck ben recomanderende, twijfele noet oft de fontsen in dese

3592 2751 2504 201 conjoncture van tjt generalijck sullen dalen, daerom bidde, niet te precipitant

3515 2864 2477 241 te wesen, wensche ue alle heyt yregen in dit loopende  iaer

5293 2913 724 242 Ady 10 Januu. 1728

3590 3031 962 175 & blijve met veele achtinge

3478 3121 859 209 London chauvil & Jocqueel

3606 3102 2462 335 J'ay reccu en son temps les cheres vres du 30 sune 822 xbre 1727.V:7 p re

3614 3266 2424 226 premiere l'avois vre, que la mort duvoy n'avoit cause une baisse dans

3624 3390 2430 212 les actions, comme on l'avoit crue & vre derniere aves, que le comp.

3563 3471 2464 220 du sud avoit dessin de declarer le dividant, eschie a noi qua

3496 3590 2613 202 ce qui surprend beaucoups les iateresses on ne doute pas que le comp.

3600 3728 2492 200 des iudes, fera la mesme chose, & on conigne aussij de la bancque de sorte

3618 3801 2395 206 qu'on ne s'ay point, en quoy employer son argent l'ordre que ie vous

3620 3915 2477 216 avois donne pour aschetter dans la comp. des judes sera p cette ennulle

3602 4025 2333 210 & comme vous dite, que les annuites de la comp. du sus, qui sont

3627 4164 2391 231 presentement   c, sont plus solide, puis que le parlement est

3640 4265 2433 220 respondant du Capital, ie vous prie dachetter pour mon compte
