8358 4733
2666 262 655 135 Adij 5 junij 1724

907 269 955 161 brugge Lauvence van Gentergen

1057 372 2317 123 ue aengename van 2 passo op sijn tijdt wel ontfanghn, sedert is het obtroey

1049 460 2378 102 tot het verdiepen van de vaert van ostende, hier gesien, verneme niet dat hief

1040 536 2378 133 jmant is, die sehentigh sijn, om daer op gelt te avaneeren ben ue ten hooghtten

1015 646 1754 164 terplight, voor het promt advies hier ontrent gegeven

1000 720 2407 153 desen om aen ue te adviseren, als dat aen ue toegesonden hebbe een pack

1032 842 2280 170 D.N. 45 inhoudende hondert stucken tijken, dat vervolgens gelieve te

1048 891 2373 169 verclaren,  eerste vertreckende schip, op londen of te schepen & t'addresseren

1054 1026 2338 168 aen dh don tatuall an mj het cognossement jen cost ick: te lasen

1032 1080 2386 219 toecomen waer mede naer ue gewenst te hebben een saligh hooghthuyt

1036 1221 1750 197 blijve niet presentatie van reciproquen die nst

2811 1213 569 209 Adij 10: 172¼

881 1343 827 186 London Schoppens IEdwards

1036 1427 2390 171 ue mij seer aengenenme van 22 pass 8.7. wel ontanghen daer bij met vel

1035 1523 2362 186 plaisier verkomen dat u de goetheydt ghadt heeft d'aftrekening van mijn

1050 1621 2315 185 vapen te laten maken, & al reede aen den glas blaser gegeven om 1000

1040 1711 2347 180 bontelies voor mij te blasen, & het wapen daer op te stellen & dat met den

1045 1788 2365 195 meester in accoordt waert a 3 ½ j4e botelye te betale dat ulles wel is

1034 1920 2338 142 soo die gereedt sijn, bidde de selve op rotterdam af te schepen ie plaesse

1023 1982 2400 172 van op brugge, omdat de vaert van ottende op brugge, af gelaten is om

999 2064 2428 179 de selve te verbreeden, & te diepen, soo dat die vaert dit iaer noet bruychbe

1032 2169 2400 194 sal sijn, & louden die bontelijes tot ostende moeten blijven leggen, bidde mede

1039 2293 2348 173 van het graveert caut met de boutelijck af te senden, vermits het selve

1042 2398 2319 182 mij hier noh can dienstigh wesen. voorders sien de fancke, aetien boven

1044 2459 2384 186 mijn ordre gemonteet sijn, ick soude niet hooger soonen, als ue gelienstest

1028 2546 2386 200 hebbe dehalven soo die come te dalen versoecke mijn ordres te effectiteren

1020 2717 1345 186 & mij intrest als eygen waer te nemen

1036 2784 2383 184 al is gedebiteert voor s £30: - voor het half jaer divident van mijne

1013 2853 2412 223 £4000:- banck aetien vervallen 25 meet v 24 lett 13 bedancke

1020 3050 2408 137 ue voor alle genomene moyte & promt advies, & wae unne ue van

1020 3165 2302 139 gelijken in dese quartiven eenigen aengenamen dienst can doen

968 3256 2383 130 gelieve liberlijck de comanderen de met de uyterste genegentijet

1007 3360 434 153 blijve

2569 3380 788 188 Adij 19 uin 1724

880 3399 1495 214 Lille mons: de lannoy De la raiere

1077 3539 2348 182 j'ay receu en son temp celle que vous m'avez fait l'honneur

1027 3635 2389 159 de m'escrire le pre court p la quelle vous me mandé d'avoir

1027 3741 2371 199 tirez sur moj cincq ent florins de change a veu a l'ordre de

1038 3835 2322 210 mons: le blon les quelles j'ay paye promptement coure aussij

1037 3947 2192 208 les quatre cent quatre vingt deux florins argent courti

1026 4055 2388 160 tire le as may passé, & vous en est debite en argent de chan

1050 4167 2265 220 pour ƒ413:7: la ditte traitte ettoit ƒ 482:5 court. & vre

1044 4306 2335 162 avis n'estoit que pour ƒ 482- cependant ie l'ay paye coure

836 4415 56 110 n

1028 4381 1285 175 la lettre de change estoit fait

3586 249 2454 130 vous priant de l'annoter de conformitez, i'ay veu l'abus que s3

3576 312 2337 165 fait souchant la negotiation de vre remise de ƒ1440: de change

3561 414 2412 179 a  e de vre peste ie l'avois bien marque sur mes heres & vous

3569 506 2481 169 y en est creditez pour ƒ1134:13 le service du pauvre fait que ie ne

3580 606 2387 193 peu faire mes affaires qu'avec presipitation mad, est retourne d'ave

3576 699 2340 178 en parfaitte sante elle vous fait bien ses compliment & a toute

3556 779 2511 258 la ffamile come moy qui a l'honneur de estre en tous occasions

3560 895 2504 207 P.. a l'instant je recois l'honneur de la vre d'uek ie ferroy honneur

3559 998 2518 234 a vre traitte du 14 court pour quatre cent florins de change a l'ordre

3558 1137 1563 204 de caharina bacquet & suis comme de sus

5189 1256 726 210 Adij 21 Juny 1724

3466 1246 832 209 Loenden dhr John Jaspall

3567 1411 2428 177 ul mij seer aeng. van 8 pass op sijn tijds wel ontfanghen daer

3578 1491 2499 195 benevens d'ordre voor s00 ps sijken die op 29 passto d op gepackt & naer

3565 1618 2407 181 brugge versonden sijn geweest in een pack B. N. 45 hebbe advies

3586 1667 2453 238 van brugge dat het pack aldaer wel was gearriveert dogh dat de

3576 1814 2384 170 vaers van brugge op ostende was afgelaten om de sclve te

3565 1950 2349 150 verbreeden & te vercdiepen, soo dat het pack p wagens naer

3582 2028 2482 149 ostende moet versonden worden om aldaer geladen te worden

3570 2166 2484 169 op london tot noch toe hebbe noch geen facture van oncosten

3568 2252 2381 142 nochte cognossement becomen het valt mij moeyelijck dat

3578 2340 2503 190 daer over soo dickevils schrijve moete het waer beeter dat ue met

3571 2431 2456 216 Ihr Rontergem daer intrent corresponderden dan soude aen de

3564 2597 2496 134 facture connen senden soo haest de balen opgepackt waren

3561 2650 2537 210 desen dient dan alleen om ue advies hij tijde te geven van het

3590 2784 2468 166 pack N.45 is peries inhoudende 100 ps geastorteert naer al

3569 2880 2401 183 ordre van 8 mey pass soo haest de nebst ick become

3581 2956 2467 218 sal ul de facture toe senden tot as: governo ue remises

3582 3084 2471 180 voor £180: sijn betaelt & voorders referrere mij aen mijnen

3571 3191 2519 151 laesten van 17 passs n waer in ul eenigen aeng dienst can

3553 3323 2504 166 doen gelieve te comanderen die naer seer vrind groet

3568 3404 2457 194 B.. soo aenstonts becoum het cognossement vant pack N. 45

3584 3482 2516 190 dat ul hier ingescoten sende age naeste post sal ul de facture

3601 3631 669 151 laten toeconven

5477 3660 456 174 Ady 24 juny

3490 3735 643 144 London John Patuall

3571 3837 2399 119 op 21 deser was aen ue mijnen laetten, daer benevens het cognossement

3576 3902 2472 169 van de bale N. 45 voorders referrere mij aen den selven, heden become ul

3579 4012 2490 146 aengename van 5 deser P.5. die ul met mijnen voordgen eenighsints

3588 4131 2489 142 beantwoordt sal vinden, ontrent het tarderen van de voors bale N45

3589 4233 2512 126 waer van hier ingesloten de facturen monterende in wisselgete ƒ 1182:14

3594 4335 2515 117 waer vooren naer wel bevinden, mij gelieve te crediteren, hope dat die bale

3595 4414 2527 109 voor nu a costin sal sijn gearriveyt, & dat de goederen tet contentement sult bevinde
