8419 4719
2598 262 643 139 Ady 3 sber 172:2

881 278 1101 142 hier marge suyers taselveresse

1066 387 2302 130 met overgroote verwonderinge sien, dat ul sijne mondelinge

1045 449 2294 163 geloste niet volbrenght van ƒ 2000:- voor bamis te betalen

1018 554 2323 175 ul: seyde mij dat daer vaste staet moghte op mak en ick

1053 631 2349 188 hadde niet gedaght dat ul: daer aen soude gemanqueert hebben

1053 733 2368 147 ick come ul met desen andermael vermanen, oft sal genoodis aerte

1062 872 2275 160 wesen bij ul andere imesures te nemen, & om ue p mj gerust

1052 972 2114 160 te stellen, soe sal het gelt cito verwaghten blijve naer

1061 1090 483 148 groetenisse

917 1112 2026 229 London T hee seorge Virgae adij 3 sber ene

1086 1244 2303 184 uln mij seer aengenaem van 14 pass C.5 wel ontfanghen daer

1089 1401 1276 148 benefens vre wissel briekes se weekken

1057 1487 1455 181 £100:-:- a 3:3 en op beneditto tot brusfel

1083 1568 2155 195 „12:-:-„ 36:3 en op schipper pieter sheye die hier verwaghten sal

1085 1691 1368 160 „4:9:4„ 36:- op sudoeus van dieft

1090 1783 1319 176 „ 2:19:½„ 36:- op de wed: de meesse

1065 1904 2307 196 £19:8:10, waer vooren het noodigh sal besorgen gen cassa comende

1092 2035 1552 174 ue resie voor des selfs waerde preditteren

1080 2131 2347 154 ue gelieft te ordonneren 130 stucken sijken galsoe de sijken op geslaet

1090 2255 2339 186 sijn soo deree ul die niet senden sonder ul voordere ordre hebbe

1095 2345 2300 171 mijn maker daer eerst over geschreven & seght voor dese reyse de selve

1086 2448 2251 210 laeten sal ten prejse sals hier onder dat daer naer is

1093 2575 2224 191 hooget sullen moeten costen gom datter weijnige gemaekt syn

1082 2665 2257 163 noch 3 weeken oft daer ontrent sal moeten waghten daerom r

1075 2801 2217 190 gelieve mij cito ue ordre te senden on volgens te reguleren

1074 2908 2112 191 & die afwaghtende blijve nmedseer vand: groetenisse

1085 3038 782 139 3 segels a ƒ12:

1105 3122 849 151 2e et loot„2:19

1094 3209 852 206 25 segels .. „ 9:19

1119 3275 1659 239 ½ grootloot .. „ 7:15 dogh geloove a ƒ 7:17:

1095 3408 2264 185 & sal voor dese reyse voor de contante betalinge lavee p iento

1116 3560 1235 152 laten cooten dit set ue: maeright

905 3590 1864 209 London d heer John Satualle Ady 3 xbre 72

1107 3743 2196 141 Op 26 passto was aen ule mijnen laesten daer bij ul remises voor

1092 3844 2288 160 £180ƒ:- a 36:2 en ten laste henrij sodogh met profest te rugg

1099 3947 2322 154 referrere mij aen den selven sedert besonfue: aengenaeme van 14 pass

1950 4024 198 66 velljaen

1083 4021 2294 146 R.5- & den inhoudt seer wel waer op ue ick courant geexamineert

1092 4115 2322 173 hebbe g bevonden dat op de bale N. 37 noch ƒ353:18:3 in verschot we

1095 4231 2236 148 qies uly remise op pedro van diet vont ck e ƒ200:- ontrent

1114 4278 2318 131 wille soo veele woorden ontrent de 2 p op de bale N.37 met hebben

1092 4382 2334 167 soo hebbe ue gecrediteert voor ƒ19:13: maer segge ul dat memant

5905 192 140 107 12

3574 257 2486 115 ul voor 2 te proeisie dienen sal alsmen in verschet moet sijn ghet meest

3569 327 2423 172 de correspondantie tot brugge daer een vrindt amployeren moete brief porten

3575 416 2449 145 over gweder betalen dat op een saesal wat can monteren geen sondes bij

3566 515 2348 151 alle de moeyte die provisie van 2 u seer mager vallen ue gelieft te

3582 602 2423 151 ordanderen 120 ps tijken ten prijse als vooren dat onmogelijck niet sijn can

3581 760 2373 142 hebbe mjn maker daer over noch mael geschreven gal dat hebbe connen

3567 868 2426 138 bedingen is als aen den wedt deser met 2 be voors onfaule betalengen

3574 921 2450 216 ghope die toecomende weke te versenden gint taecomende ue moet staedt

3568 1048 2448 164 maken dat wel oft: p stuck hooger sullen sijn tot ue governe wilt ue

3572 1136 2466 177 die 2 pe proffiteren soo ist noodige de contante penringhen te prosideren

3577 1261 1491 176 waer mede naer seck vind groetenit blijve

3589 1384 1405 188 ½ groot loot a ƒ7:19 geloove ƒ 7:17

3596 1509 849 144 Tegels ..„ 9:18

3589 1594 837 174 14 groot loot. „ 9:19

3586 1699 772 165 3 segels .„ 12:-

3573 1835 2441 178 met 2 be voor contante betaling voor dese reyse p gratie soo mijn

3568 1925 650 164 maker mij schrijft

4723 1934 847 235 Adij 3 ber 9n

3521 2017 922 200 pende Di hr van Cottee

3546 2068 2491 263 thuys comende van een reyie van brussel vinde mij geeert niet den mij seer

3571 2183 2385 202 aengenaeme van 30 passio waer bij hen dat hetterreur ontrent de 24

3565 2292 2469 197 coffiy taten door ul werck volck begaen is gdat ue de rek. geredren

3577 2438 2347 180 heeft & mij daer vooren gedebiteert in wisel gelde ƒ669:15: die

3564 2532 2462 235 heden aen dhH. Jan B Cogels hebbe betaelt gsende aen a6: suer

3573 2650 2479 241 ingesloten syne recipisse om mij daer vooren te grediteren  de re

3570 2790 2491 220 te salderen voorders bedancke ul hertelijck voor de gedaen diensten

3584 2923 2455 227 & waer in ue remproquelijck aengenaem can wesen geliesee te

3571 3053 1940 202 disponeren van die met de uytena affectie blijve

3506 3170 2213 224 Bruxelles mons: stephans Rousseau Adij 4 esber up

3586 3319 2477 201 avec grand confeision ie vous doit pcette marquer que c'ess moy qula

3589 3429 2482 183 comms lerreur insquession & ie vous envoyey spint un notte de vre compte

3586 3561 2399 140 courant sans luver salde ce que nous ferous a la fin de lanne sij vous le

3574 3696 2488 156 trauve  bon il vous reviendrat ƒ1507:2 de change mon bincion aesse caus

3589 3786 2463 146 puis j'y avois mise 3 parties deux fois sans y avoir pris egard vous priant

3569 3845 2448 194 de mr l'excuser et sy vous ne m'auroit pourt erdonne d'attendue vos traittez

3594 3979 2413 176 ie vous l'auroit remis d'abord ie ne doute pas qu mons. Bouremans vous

3584 4048 2481 158 aura paye ƒ512:118: de change j'attendray les avis de vos huille a quoy

3598 4193 2262 153 ie serag honneur a la prientation d'autant qu'il vous plaira

3595 4306 2401 134 a prens la liberse de vous envoyer cy joint une lettre de change sur

3584 4375 2453 121 mons: prdre benedelle dux de  £100:- a 36 ½5 payable dans anvers
