8043 4747
732 204 2508 115 nemen soude, om de kennisee te onderhanden, ben gelijk gersorceen

715 283 2498 163 geweest eenige tijken te nemen &dermits sonder commisie sijnde

719 345 2413 182 sende die voor mijne iek: godt wil geven geen tant daer aen

699 424 2507 158 mag heeten ick hebbe uyt schaemte ul sulx niet derven

706 490 2503 209 leggen & hermits mijne genegent hijdt tot ue voor andere

722 625 2511 219 prevalleert, 3 dat geen reden van lagten hebbe, om dat van

731 692 2496 193 het schoonste & beste goedt van ue eijgen uytsoeckt & dat ul

722 807 2505 201 geen leedt wesen gaernen aendoen soo sent mij 105 stuckn

669 899 2578 225 die Benevens die Jan jouss: vaighe voor mijne dek naer engelat

708 977 2509 201 sal versinden, dog vermits het voor mijn eygen is. soo bidde

700 1081 2485 213 vrindelyck het ujstekenste goedt te senden, datter sijn

743 1166 2408 260 can, op dat geen verlies mag lijden, ick protestene bij

732 1245 2288 283 ssaerhijdt dat geene comitie & hebbe oo ul mag da

729 1394 2289 232 eensirdereren sal die aendemans senden, om eenen

740 1476 2482 223 nieuwen callant te guchen, soo het ucken will  dat tet

727 1610 2377 219 ue narighty sal morgen scriyven over ¼ groot loot

724 1706 2507 195 breede malle streepen, oort over de moorkens root

723 1856 2527 176 viet, s haer mede naer vrindelyke groetenisn blijve

1012 1920 1766 231 te Besergen voor mijn eijgen de

939 2020 2145 217 30 ¾ groot loot „ 20 smalle 10 breede strepen

912 2133 1722 194 229 3 segels „ 15 ditto.5 ditto

915 2234 1689 190 201 groos loot 12 ditto 8 ditto

926 2361 1593 203 30 10 3 segees „ 20 ditto .10 d

1669 2452 1441 222 62 mill 38 brede regen

883 2533 421 173 100 ps

2404 2635 104 152 a

2512 2664 716 191 Adij 14 Juliy 1719

604 2688 978 218 Brussel P. le fays

732 2817 2511 161 verhope al goede thuys comptte, benevero de van monsr

716 2890 2542 158 de vremen het is mij leedt geweest, dat niet geweten hebbe

762 2969 2485 172 ue in stadt was soude buyten stadt niet gegaen heb be

750 3102 2483 156 eehter tis mij lief, dat Van anghen ue contente ment

745 3173 2497 180 heeft gegeven, int verhieren tant t'gdene ue aenstom

756 3282 2490 151 maer hij heeft de perpett. te goeden coop gelaten soodanng

759 3336 2446 228 datten vrijnig, oft niets bij te profiterden is. sijnde die

771 3472 2479 216 goederen present al te dien, schter moet pateenne hebben

745 3564 2499 253 denckende int toecmende consirdereren sult, desen tet

745 3680 2475 253 gelijde kan ul gachere, due bedragende ƒ849:10 & die

764 3807 2489 205 & an Mons de wemer ƒ818:5: wissel gede deses goederen

751 3878 2497 267 sijn te samen op gepackt in een pack gemarcktI :T:

766 4009 2480 216 uytgenomen de rouw wisse perpett. tot swert, die morgen

763 4087 2494 263 geverft sullen worden  soo haest die gereedt sijn sullen

775 4183 2460 221 mede p Beurtschip ul toegesenden werden op voorgen

787 4259 2469 234 vertreckt bij provisie de bale, iets voorderr van ue dunn

3470 159 2506 145 voor vallende geluve te commanderen, du na vrandelycke

3446 248 1044 175 groet misse blijven

5230 327 620 188 Adj 15 Jaly 1119

3308 354 895 172 London George Birgoe

3465 433 2483 160 aes mij seer aeng. van 19 paso wel ontfangen, daer benevens remute voor

3464 539 2536 175 st toone a 36  door dheer Bollengeer, tot mijn laste, rjaer vooren

3463 644 2537 155 auf in Ret. wert gecrediteert in wisselgelde ƒ 1080:- in gevolge ul: ordre

3466 705 2489 178 soo hebbe de 120 ps tijken ingekoght, geassorteert volgens ul gesonden

3469 796 2519 186 memointien & op gepackt in N.8. en gistren na brugge versonden aen

3433 873 2554 214 dheer Law: van Rentergem, godt laete de selve ue wel gelonditioneert

3479 963 2508 214 ter hant comen. ingesloten de facture montererde ƒ1268„7 wissel

3466 1043 2505 258 gelde. ick hebbe selfs naer mijn tijk makers geweest, de tijken sullen

3452 1150 2459 230 seherlijck opslagen, om de groote drooghte die wij nu soo langh

3470 1223 2537 264 gehadt hebben, sijnde het gewas, van blas seer sleght, de fijne andere

3467 1352 2486 214 sijn waerten, sijn al een stuy. p elle gemonteert, ick soude ue niet

3469 1411 2527 242 connen ontraeden Jan present eene goede partije tijken op te coopen

3478 1509 2467 265 sapponnere voor vast avantagiens saude sijn want de minste

3467 1625 2438 210 veranderinge diver compt int monteren vande garens, salder

3463 1687 2497 243 infalibel opslag in de tijken wesen, derhalve soo ue in clineert

3462 1814 2446 252 versooke op het alderspoedighste ul: ordre saldan selfs naer

3486 1880 2481 255 turhant gaen om de beste & schronste tijken te becomen, waer

3478 1992 2480 244 op ue: antwoort sal vervraghten voorders soo verneme danue

3454 2091 2558 218 de Brijsen van tin loot hebbe mij bij de loopers geinformeert

3363 2185 2637 258 daer is present niets in te doen oock gelijk dat hiw nu vercoght

3469 2297 2480 242 rort, compt hoeger inte costen, soo dat nue geraedt saem is

3473 2361 2540 267 daer iets van te beginnen daermede naer presentatie van

3434 2495 1920 258 dunse & seer minsaeme groetmesse blijva

5276 2597 640 189 Adij d: 1219e

3299 2645 1509 218 London Rebeca hamilton son

3469 2758 2496 230 op 25 meij lest was aen ue mijnen laesten, waer aen mij gedrage

3499 2854 2414 177 sedert geenen dan ul: vernomen, desen om ue finformeree

3491 2916 2495 221 als dat de tijken staen te monteren omdat het gewas van

3484 3027 2452 204 & las seer slaght staet, door de overgroote drooghse uste

3470 3123 2521 251 die wij hier nu soo lanck gehadt hebben & de gaerens sijn

3479 3236 2528 215 al reedts gemonteert, oock de sijn waerten 1  p elle de lijne

3499 3330 2518 231 ftrepies diu voor ue hebbe laeten maken sijn al lanck gereet

3480 3436 2498 274 geweest, Jan olauw & oit roods Ewitt, & can oock eenige

3476 3539 2503 241 becomen dande beste, roodt cbluck roodt, over soo supponere

3474 3655 2447 253 van andere couleuren hande ordinaire breese & smalle

3493 3741 2523 272 trepen sijnder genoegh & bij aldien ue ordre by tijde becomen

3484 3877 2446 243 soo sal die tot den landen prijs noch connen becomen

3501 3999 2501 267 ue messiue te gemoet siende blijve naer dienst presentcn

3495 4175 1519 205 & ser minsaeme groetenine
