8180 4685
809 187 2447 130 terhe engelse slooten voorsene, hiddende dan seer rodt moedetit

793 279 2461 172 Jan mij eene rekeninge toete senden, & den prijs te netend

802 395 2456 182 soo wel, met het slout reres costen soude excuseert dese mijn

792 454 2445 221 & rij postigheydt, & niet soude mij aengenamer wesen als ul

817 592 2314 166 insoodannge, oft andere voorvallende occasie ul

784 702 2489 178 recrproguelijck dienstig de connen resen blijve met

715 819 1087 204 duyderste affeeteer

2447 887 774 219 Adij 24 sber 1719

709 929 1292 232 London nathan Spindlar

820 1074 2302 157 assoo noydt d'eere gehadt hebbe, aen ue te scrijven bij faute

805 1134 2440 174 Jan kernisse, schter bevinde op de Boecken Jan mijn wader

801 1261 2368 215 salrger Jan miehul melijn, als dat het geluck genadt heeft

801 1327 2481 225 uf: te bedeinen in tijken, & de laeste partije hij aen ue gesonde

789 1440 2462 219 heeft is op 12 aprie 1103 geweest, van 86 ges mijn voors

816 1547 2406 241 vader is gestorven op 10 april 1711 & hebbe lijve negomen

811 1679 2432 209 aengenomen & gecontinueert tot heden hebbende d'eene

795 1744 2345 264 an de principaelste a Costy, in tjken& furnhause

816 1897 2372 195 ijnwarter te bedunen, sijnde seer begeirrye omde

799 2014 2417 154 ande fornespondentie kan mijn vader met ue te vernieuven

757 2063 2447 242 derhalve come met desen us: seer vrindelijck mijn dienst

810 2184 2453 238 s'offereren, om u de mogen bedunce soo m lijn waerte

840 2291 2416 227 als tijke hebbende de beste lijck wevers tot mijn dienst

819 2443 2417 206 sben versehert dat kan nimans schoonder goedt cout

838 2496 2384 211 becomen, als van mij, oock nut beter coop & ue mag

838 2619 2422 221 sigh vertrouwen dat ue intrest ten aldernaussen sal

834 2733 2431 166 waer genomen wordenn de lijken sijn redelijken loop hur

850 2813 2403 231 aenden goet deser de nonke & ande rij lu versoeckende

841 2940 2355 185 ue mij, met eene ijne commistie voor eene preuve

834 3074 2409 203 te verceven, twijfele niet, oft ue: sal tew iuyttersen

833 3167 2418 184 content wesen soo daig aengemoedig, dat het sal

785 3242 2428 218 daenen tot erleven, van de corres ponsentie, du nu 16

852 3394 2408 205 jaren doot geweest is, deere van ue messiue benevens

865 3479 2404 182 eene ordre te gemoet sunde blijve met alle respect

837 3606 1737 236 & naer seer min saeme groetenissn

826 3743 2452 185 mijn vader heeft we: altijt inde engelse taele gescreven

860 3833 2400 242 dag ick ben daer toe niet capavel, swaer wel om de

848 3940 2324 216 briuven de verstaen inde franse tale ben wel

861 4097 1146 182 ervaren tetanaghe

4991 158 374 149 ƒ173117

3676 178 642 159 ¼ groot loodt

4960 250 392 138 „ 9:19

3641 260 695 207 drij segels

5024 347 336 156 „ 9:19

3629 368 666 199 15 groot laet

5009 462 259 90 „ 12:

3677 490 536 193 25 3 segels

4971 545 294 150 „ 12:

3658 587 666 211 14 groot loot

4969 658 332 134 „ 201-

3655 713 575 209 3 segels

3726 782 2068 189 alles in wissel gelde contant te betaelen

3444 907 1827 198 diene de vrinder a  provisia

5383 958 594 214 Adj 26 sber 1719

3361 1018 1501 252 Tortrijck dheys & d: grent grijsse

3491 1093 2430 246 al: brief van 18 deser ee ontfangen, daer benevens twed

3488 1227 2381 234 acceptatien op sight op casse een van £100:- voor mij

3473 1300 2486 322 g eene van £50: door mijn Broeden, daer niets mede

3506 1424 2465 252 connen uytrechten dat is soo veel als windt, dermits

3485 1542 2528 273 hier geene occasie is, omdat te negotieren hebbe gepresen

3504 1658 2434 259 seert ½ ƒ8 te verleeten & niet connen dernegeieren

3477 1760 2510 270 derhalve, come met desen u leggen, als dat ons gelieft

3489 1867 2480 323 te remitteren, t'sij op antvrerpen brussel oft gendt

3502 2008 2514 252 moet en scherlijck ten in cresten i verleeten, de twee

3487 2110 2486 256 eerste gemelde plaesten it het besten, scrijve de seo

3521 2205 2487 293 mede uyt den name van mijn broeter die inder daer

3502 2326 2457 287 benevent mij seer onpatientigh in met sonder

3491 2496 2501 275 reden us remises te gemoet seende blijve naer

3499 2563 2473 349 groeteniste & verhope ue leefste volcomen sal

3516 2792 705 205 etstelt teesen

5163 2778 782 261 Adij 28 d 1719

3352 2909 1148 204 Turchaut de wed: Robert

3535 2972 2472 229 ue: aeng. van gestren wel ontfangen benevens t us moorhens

3537 3053 2463 232 roodt iit, ick hebbe maer is van doen nu om een stuck

3498 3158 2494 272 tis geene saeke schter geleve geene meer te senden ten ware

3515 3236 2393 237 dat ul blauw &wit conde becomen dan manqueren mij

3521 3317 2425 264 het meeste ick verwaghte alle dagen noch eene leveringe

3511 3420 2456 284 & tor mij wel leedt, die niet voordendag compt, bedancke

3491 3523 2440 275 dat ue de tijken van ue eijgen maek ul voor mij bewaert

3454 3649 2585 204 dat wiste wat van doen hadde dede die met leenen comen

3533 3755 2438 256 alwaert dat sij hier wat moesten blijven leggen, van de

3523 3873 2417 253 partije die voor mijne iek van ue genomen hebbe

3529 3973 2477 178 hebbe alle de vreede strepen noch leggen, omdat het

3534 4094 2140 180 un alle sonalle strepen is. dat min veraeghe

3526 4213 2495 201 fien dat ul gelt kan doen heeft, omgaren te coopn
