8351 4699
1035 265 2291 131 can weten, gelieve maer te comanderen, & considerent dat werelijck

1025 332 219 111 be

2601 318 676 160 Ady 28 juny 1721

882 410 908 146 Turnhout wed: Jan B. robert

1025 526 2297 98 beyde ue aengename van 15 & 12 deser wel ontfanghen, volgens de letten

1025 564 2262 148 soo hebbe aen dirick wouters betaelt de ƒ 914:2 wissel gede, desen om ul

1028 689 2233 131 te seggen, dat op sondagh mij gelieve toe te senden de tijen hier

1024 748 2256 143 onder genoteert, tis wel sleght dat ue geen moortens laet massens

1010 831 2255 193 dese ordre is mij voor l0o ps gesonden, & moete sanen de helft

1019 947 2199 187 geven om datter 20 woorkens bij sijn als ue de rekeninge

1006 1034 2274 173 sendt soo tijt daer wat correeter op omdat geen moeijte hebbe

1017 1143 2310 133 over & toveer te schrijvn gwant het valt mij moeyelijck omdat

1025 1270 2274 124 alleen bey de strepen precies naer te comen dit afwaghtende

1011 1356 941 148 blijve naer groetenisse

1210 1452 992 136 10  3 segels 10 smalle

1210 1517 1381 178 29 ¾ 3 segels 20 smalle 5 breede

1210 1615 1444 218 15 ¾ grost loot 12 smalle 3 breede

1419 1742 1253 125 M uls brief van 26 deses wel ontfanghen

1178 1791 1475 168 50 p naet sluyten deses, bedancke ul hertelijckx

2565 1756 586 197 Adij 28 d

881 1870 965 211 Turuhout Egidius sanen

1023 1977 2144 191 ue brief tt deser wel ontfanghen dien volgens hebbe ick

1010 2087 2316 163 assignatie voor cornelis pauwels van ƒ1410:14 st: wisselglde

989 2196 2289 142 betaelt, desen om ue te seggen, dat op toecomende sondagh

1016 2306 2314 147 mij gelieve toe te senden, de tijken hier onder vermelt dogh

1034 2389 2053 217 geen ander strepen bij te doen, als wel ordonnere, dit

1042 2505 1448 205 afwaghtende blijve naer groetenissen

1229 2609 1499 194 „15 ¾ groot lost 12 smalll 3 breede

1208 2700 1542 219 „ 15 ¼ groot lost 10 smalle 5 brede

1206 2790 2088 167 „20 ¼ 3 segels moorstens 14 blouw & wit & 6 roodt & wil

1260 2972 308 174 50 11:

2643 2958 512 184 Adij 28 d

871 3116 992 193 Coterijck mejouff. quent gie

1066 3189 2261 200 ue: aengename 25 deses wel ontfanghen, daer bij de rekeninge van de gesondene

1036 3285 2234 206 servicen, die niet vinde volgens ue aen mij hebt opgegeven hier eynde

1034 3405 2281 149 oock ul rekent meer ellen als wel sijn, in de sevetten, iz s brenght als volg

1028 3503 2301 140 de twee servicen voosseens ider 13 sewetten & i amelaken £14:18:1

2922 3598 417 122 „ 10:13:6

1040 3649 1553 134 ditto voor 43½ a pavie a5 p delle wisselgede

2915 3706 408 85 „ 4:13:4

1040 3726 1523 142 ditto voor pavie anelassins  ƒ4:½ elle

1048 3782 2284 171 daer sjn 52 servetten ider te elle lanck samen £30:8:13

1050 3914 1946 130 sijn samen @ 78 a 5 schellingand elle  £ 19:1010

1060 4032 1480 118 de 4 amclassens ider 3½ elle lanck sijn a 14.

1048 4057 1958 208 die ue mij gestelt heeft a 12 p. sijn ... „ 8:8:6

2160 4160 854 197 is lamen £23:18:0

1318 4314 1708 170 soo dat mij noch comt in wisselgelde „ 3: 8:11

3529 205 2438 149 boven dien wort het sevet goedt a costij in courant gelt verscoght men des

3537 312 2456 132 verstaende seggen dat dit servet goet grauwsaem diier is & mijn memone

3523 373 2475 139 gedraeght dat ue de anne laskens a ƒ3:- d elle genoteert hebt ick soude

3529 488 2444 122 de brieven moeten op soecken, dogh wille daer niet op blijven, maer dat

3534 571 2435 119 y die hier sijnde a 12 schellingen gestelt heeft ten huyse van mijn

3518 659 2416 129 broeder pedro, is waer want hebbe de notitie voor mij, ick hebbe ue

3539 720 2411 137 eens een servit wedergesonden, oft ue die afgeschreven heeft weete

3533 802 2460 150 niet tis eghter seker dat niet meer als a 78 servet hebbe, de stucken

3531 920 2451 155 konnen dat ue twijsen, & alles gereskent soo comt mij noch £3:8:11

3521 998 2420 176 geljck ue hier siet dat gelieve te ordonneren aen mij te betalen om

3497 1099 2456 147 oute rekeninge te sluyten in de relt sijn wij alles sonform. bedancke

3538 1168 2306 158 ue voor alle goede wenschen in mijn heuwelijk mijn liesste

3531 1281 2416 137 versoeckt hier hae compliment te willen accepteren, & t mijne daer

3520 1375 2181 148 bij voegende hebbe d'eere ul te seggen, dat warelijese ben

5270 1450 690 161 Adij 28 uny 1721

3431 1470 578 186 bugge rentergen

3542 1535 2355 162 ue aengename 20 deser wel ontfanghen daer bij gesie, dat ue het

3529 1676 2309 155 coffer uyt de handen van de comisen becomen hebt den comies hier

3537 1726 2484 164 heeft mij geseyt dat bij bagggie goedt, geen passevant moet sijn, & dat dierond

3535 1848 2377 124 niet bij gevoeght hadde dat sijn onredelijsse veratien, van de cemisen

3530 1938 2445 138 van tij, ben verwondert ul: dat cofser iet ingeschent hebt sullende

3519 2018 2438 143 mijn vrindt daer bij verlegen sijn, hij is langhs hollant overgegaen,

3533 2109 2444 155 daerom versoecke, geene occasien te negligeren, & gelieve mij het cognoss.

3523 2236 652 121 cito toe te sende

3534 2311 2462 132 de naeste weeke sal een pack tijssen gereedt hebben, soo laet mij weeten,

3535 2430 2466 123 oft dat het presseert. gelieve den ingesloten wissel brief te laten ue cepteree

3523 2507 2438 154 synde van p ƒ60:- ten latte gerard de witte & met het noodigh mij

3508 2594 2423 124 terugge te senden, d'e ofwaghtende blijve naer vrindelijke groetenisse

5363 2692 514 172 Adij 28 d

3422 2707 736 164 Geel Jan B. de wijer

3525 2807 2406 189 sedert 9 febru. 1720 alwanneer aen ue verscoght hebbe 4ps targes

3537 2921 2402 161 niets van ue: verkomen, sijnde over de 16 maenden geleden, soo dat het

3529 3029 2389 135 meer als tijt is dat ue tgene mij compt voldoedt derhalven gelieve

3475 3087 2472 208 de naeste weeke mij dat gelt te senden, tis ons onmogelijck op soo

3541 3219 2414 146 langen borgh te connen verloopen conmende den intrest  aen

3541 3329 2353 156 de goederen van den langen tijdt noet winnen, derhalven sal dat

3520 3416 2226 159 geet sonder voorder uijtstel verwaghten, & waer in ick: eenigen

3535 3513 2465 189 aengenamen dinst can doen gelieve te comanderen die naer groetmyt

3533 3635 278 132 blijven

5363 3659 632 179 Ady 30 di 1732

3422 3706 928 180 Turnhoudt Caudius Seaven

3552 3843 2441 148 ue: brief van gisteren wel ontfanghen, daer bij de 50 ps. tijken en hebbe te

3536 3930 2463 170 daer vooren gecrediteert ten selven prisse gelijck aen jouff: rovert geve op conditie

3558 4053 2447 114 nochteans als mijnen anderen vrint noch tijsien vraeght die de 4 te genoten

3545 4142 2469 104 heeft op den vorgen voedt sult leveren, want soude die man soo geene

3546 4235 2474 144 wederom hebben, & door in tijsien van voorleder jaer, hebbe he quijt geraeckt

3552 4325 1015 158 is gecrediteert als volght

4679 4341 1337 167 velt nitto in wissel gede ƒ 467:44
