8406 4713
971 262 2396 131 den alder uytersten tijdt die ick hebbe mij hier op vertrouwend

1020 351 1317 136 blijve naer cordiale groetenisse

1027 422 864 175 ƒ 4000:- divicsens

1098 493 885 176 2729:- ae faugels

1094 603 743 174 1595:19 Rijpens

1109 657 985 191 1271:- miwenhuyse

1095 769 1148 180 2000:-van der stappen

1022 885 475 211 ƒ2595:19

997 925 2263 219 heeft ick gelt tot brussel cont dat aen dheer vousseau

1036 1076 2271 173 mae betalen, dogh bij tijde dat die somme voor mijn

1042 1207 783 160 tijdt trecken van

2004 1236 794 202 Adij 16 gber ine

916 1294 877 177 Msnde dihl van Cotteme

1048 1337 2299 212 p 15 deser was aen ue mijnen laesten waer aen mij gedrage sedert hadde niet

1032 1439 2329 222 getwijfelt oft ue mij soude vereert hebben met eenige van ue misive dogh nocth

1010 1543 2353 157 nmets vernomen veel min van de versendinge va het versoght porselijn weete

1048 1645 2225 165 niet wat dencken te meer om dat men mij seght al 3 biylanders met die

1034 1744 2313 175 goederen van costij syn vertrocken & dat iuk mij soo heyligklijck belooft hadde

1035 1832 2293 158 met het eerste vertreckende schip aff te laeden wille met dencken eenige

1049 1986 2189 129 indispositie d'oorsaecke is van ue stal fwijghentheydt maer wel de

2919 2034 101 72 ene

1044 2042 2321 203 menighvaldigp occapatien die mijne cemissien ul wel soude doen vergeten

1051 2134 2217 195 dat mij leadt soude syn want hebben mij op ul betrout te meed om dat ick

1041 2270 2227 169 soo beleefdelijcke alles hadde toegeseydt q nmet een goedt vrindelyckk hert ue

1058 2355 2229 156 dinste hier ontrent op ge dragen wach van mijn liestte seer content was

1058 2455 2298 180 bidde u andermael van op ontfangh deser een leyn briefe van ue magh

1074 2546 2292 192 becomen on te weeten hue de scken gelegen sijn goft ue niet schrijven

1067 2678 2281 155 conde soo bidde ul alderlieftte dat sij voor ue magh suppleren d'eere dan

1060 2755 2246 172 van antwoordt afwaghtende blijve naer presentatie van mijnen dienst

1074 2829 2273 210 proete ue van herten a ne groetenisse aen tte souff. ue. liete

2727 2963 534 160 Adij 16 ditto

910 2974 1021 179 Brussel wed: Cornelis le fays

1063 3064 2298 152 verhope ul goedt arrivement desen tot advies als dat de twee cees wit

1052 3146 2301 142 perpet. 4. soo aenstonts van den zeepwitter thuys becomen hebbe

1067 3275 2297 116 derhalven sende aen ue de 5 uytgesoghte perpet. & beurtschop in

1065 3348 2197 198 een packie WC.1.F. dat heden vertreckt, bedragende te

1065 3452 2206 190 samen in wissel gelde ƒ 236:- waer vooren mij gelieve te

1048 3545 2109 184 rediteren, ingesloten de facture, & waer in ul eenigen

1082 3639 2152 189 voorderen dienst can doen gelieve te comanderen, die naer

1053 3761 1408 177 seer vrindelycke groetenisse blijve

2175 3833 732 184 Adij 19 diige

888 3859 1115 201 Amsterdam Dihr efran Rousseau

1077 3976 2291 151 vinde mij vereert met ul aengenaem van 14 deser waer bij gelieft te seggen

1047 4045 2319 185 dat het voor ue gvoor mij nun omslagh sal hebben de ontosten op den thel

1087 4169 2226 159 op de vercoop reke afte saecken dat wel is derhalven hebbe heden volgens

1075 4260 2102 161 a: begerte op ue getrocken op een dagh naer dato deses in banco

1068 4361 2140 160 £280:8:4 en a te suer avance waer voor ue is gecrediteert

5891 189 112 97 1d

3568 243 2443 142 op ue rek particulier en £252:12:2 en sijnde netts e   in het beloop van

3557 324 2434 120 den thei wissel gelde ƒ 1518:13: versoecke van t9ds tot tijdt mij advies te geven wat ul

3568 442 2471 123 ontrent de vercoopinge sult hebben gedaen plaete alles aen ue directie ggoedt esement

3566 490 2435 136 vertrouvende ons intrest beneven due sult behertigen tot noch toe afser ontrent de

3548 611 2453 176 compagne noch niets voor den dagh gecomen geloove niet eenige comptoiren in soudien

3559 697 2432 182 sullen gesablisseert woorden soo haest ick voor den dagh comt sal ul daer rehnisse van

3544 758 2421 237 geven de Rieders die pasporten becomen hadden hebben op het vertot expressers naer

3563 886 2422 126 weenen gesonden die alle daghen te retour verwaght worden het schip de s piere

3555 973 2339 198 dat voorleden jaer in mij van ostende vertrocken was &op meeca gedestineert, is tot

3563 1060 2412 207 ostende salve gearriveert dogh heeft om reden syne negotie te seutatte gedaen waer over

3541 1198 2468 162 de sgwedersavel content sijn seynde de ladingesie wel naer heet sin mijn heer sien dat

3551 1248 2425 234 ue cachet seer wel gegraveert is, & soude ggeren het mijne van eenen goeden meester

3568 1373 2393 158 laetenerdoen soo wenste wel te weeten oft ue dat u oostij heeft laten graveren

3546 1472 2274 223 galst ul niet se veel moeyte soude syn soude ue met dese come gaaren

3548 1580 2431 211 importiuneren giel als dan mijn papingh geschiedert toe senden omde pouleuren

3553 1709 2441 170 te observeren dogh dat presseert niet t sal mij ooer aengenaem sijn te weeten hae

3555 1814 2402 169 veel uk voor graveren besalt heeft waer mede naer presentatie van dienst qeer

3552 1944 899 162 vrindelycke groetenisse blijve

5276 1940 691 213 Adij 191 sber 1722

3470 2039 877 203 brussel Stephano Rousseau

3539 2111 2443 196 le 10 courant fut a vre grace ma derniere a la quelle ie ma referre

3544 2216 2475 161 depuis sans l'honneur du vre, cette pour avis que j'ay tirez aujour chuy

3546 2326 2489 146 sur vous la comme de quatorse cents florins, argent de change pay ale

3545 2423 2413 155 a l'ordre de monsieur de lannoy a deux jons de dae vous priant

3547 2507 2471 163 y faire honneur, comme j'ay une qetitte affaire a bouxelles j'espere

3524 2601 2488 187 davoir l'honneur de vous voire lundy prochain sil me soit possibte

3557 2724 2443 186 entre temp, ie vous offre mes services & suis tres parfaittement

3463 2845 1140 190 Bruxelles monst Stephano Rousseau

4920 2858 790 197 Ady 25 gbre 1722

3545 2978 2450 183 ie vous avise le 19m. courant de ma traitte de quaterze cent florins argent

3568 3100 2459 199 de change a deux jours de date payible a l'ordre de mons. de lannoy depeus Jay

3560 3211 2447 190 receu l'honneur de la vue du meme date avec remise de deux aens floriny de

3573 3328 2242 186 change a veu sur mons: prtre proly dont vous seray credité un petie

3574 3421 2430 188 empeschement qui m'estoit sur venue a este cause de mon depart pour bruxelle

3574 3515 2409 207 esperant le plaisier de vous yvoir la semaine prehain & suis tres perfaittemen

3482 3649 976 180 ssende Dehr van Cottene

4799 3668 795 180 Adij 24 gbre 171

3575 3745 2422 188 ue mij her aengenaeme van 17 deser op syn tijdt wel ontfanghen daer by de facture

3573 3895 2337 188 van een passe postelijn p schipper luybreckt kampey die voor gisteren wel

3556 3954 2447 221 gepnditioneert is aengecomen & hebbe alles geheel bevonden oock met ue facture

3537 4122 2516 149 geconfronteert & alles conform bevonden dat voor mjn rek hebt gelieven te senden

3531 4173 2499 153 maer de cosfij tessen gleelkens N.69 voor mijn broeder f 32 st p pacto dat

3577 4338 2358 150 ul dat aluyt sijnder at paerte cort ue stelt ges paer & daet synder mae

3563 4395 1806 147 paek hoe dat ick dat a buys begaenheeft can niet weeten
