8419 4726
1103 279 2182 148 & bevinde dat ue een pleyn erreustie heeft int opsommeren ue soude

1117 375 2254 121 moeten hebben ƒ83 ½5  courant gelt in plaets van ƒ83:18¼ soo dat

1095 474 2231 161 het maer thien stujvers schildt ingesloten de cormecte copije van ue rek

1086 560 2250 182 die andermael gelieve te examineren & met ue notitien te confronteren

1091 667 2210 166 & soo reght bevindende gelieve op sondagh een assignatie te geven aen

1089 776 2269 161 dirick koouters voor de ƒ 83:8¼ in voldoeninge van verschote pennengen

1121 876 2265 150 van de twee stucken sijnwaeten om dat te esenen voorders wenste wel

1082 953 2325 160 dat de comissien van tijken soo abondant quamen & orders om de prijsen

1088 1048 2228 192 te besteden gelijck ul desiveert & dat het gouck gelijck voor desen

1121 1174 2225 131 wat sanen seght dat cxtiiere ick niet & us: noch veel min want ul

1102 1295 2169 148 wel weet dat hij veel van seggen is & het gelack heeft van wejnigh

1079 1364 2204 165 de waerhijdt te seggen dat ue mondelie sprake soude ul betere

1106 1483 2009 150 satisfactie geven waer mede naer hertelijcke danck segginge

1099 1583 986 174 & seer vinde groet blijve

2621 1674 670 207 Adij 21 mey 1723

865 1696 932 175 Turnhout Egudius Samen

1114 1776 2253 204 ul aengenaeme v an 17 deser is mij door ul sulter wel behandight

1113 1886 2282 187 daer bij eene naerder rek dan de 100 ps. gesondent sijken de dato 13 deser bevinde

1083 2004 2312 165 dat ul: daer wederom abuys in heeft voor ses sti t mijnder preeditie even wee

1114 2108 2260 179 om geene voordere moeyte meer te doen soo hebbe ul assignatie aen ue

1105 2199 2222 200 suster betaelt & daer de sesst algeoort & oock dat in haere quitantie

1112 2309 2294 175 vermelt & om dat ul het selve des te beter soude sien & geriest wesen soo

1112 2429 1068 176 moet de rektn sijn als volght

2315 2524 701 172 ƒ 803 ƒ407110

1129 2551 578 149 50 ¼ groot loot

1113 2635 549 142 16 ¾ groot loot

2326 2629 627 157 „10:5 „ 1641:-

2327 2744 693 131 110:5„102:10

1107 2726 381 153 10 ¾3 segels

2325 2820 690 134 „12:5 „„175:10

1107 2833 422 159 14 ¼3 segels

2348 2927 685 124 51a:15 „ 53:15

1140 2939 993 171 5 ¼ 3 segels cleijn strepies blau& uit

2329 3007 704 176 912:6„56:10

1159 3056 682 173 5 ¼ 3 ditto roods & wit.

2329 3142 707 186 samen ƒ 955:15

2615 3269 491 128 „ 59:2

1333 3217 1058 224 aƒ 2 t voor contante betalinge

2007 3368 1059 214 itto.. ƒ 906:10:

1143 3494 2222 199 nu heeft mijn hierste een cleyn versoeck sij soude gaet eenen reepen

1127 3632 2176 177 oock maken dan de ƒ5 segels root gedet & heeft daer toe 3 ellen

1125 3735 2178 148 noodigh soo bidde van op sondagh mij die 5 ellen soe se senden dogh

1136 3828 2230 181 bidde van een seer schoon stack uyt te soecken dat wat gelijck van

1139 3899 2250 209 strepen valt & niet geknopt & dat het roodt wat iiet dan couleur

1123 4021 2235 182 is sal het import aen ul: suster betalen dit van ul verwaghtende

1153 4141 844 181 blijve naer coriall groet

5218 245 828 137 Adij 21 meij 17233

3472 276 785 169 messele coos de maeyer

3561 348 2486 144 ben seer verwondert dat ul niet eens over somt, om te vodoen de twee

3571 481 2479 116 saven lant packt verschenen 1221 a 1722 van de 5 gemeten 209 voeden,

3568 555 2482 159 sautt mij & consoorten competerende, te meer om dat s braey procureur

3573 643 2447 157 ve soght hebbe iul aen te teggen, van mij te comen spreen die mij

3567 764 2286 157 heden seght sulx gedaen te hebben, waerom ue desen schrijve

3584 862 2402 126 vermits aen mijn versoec niit comt voldoen biddende dan van niet

3569 959 2456 151 langer uyt te stellen, & ul met groot verlangen af waghtende blijve

5375 1053 479 149 Adj 22 di

3496 1091 975 181 Lille de Lannoy de la Haiere

3589 1158 2441 168 ie me referre a ma derniere que ie me suis donné l'honneur de vous escrire

3581 1300 2458 155 le 26 du passe, depuis on m'est venu presenter vos deux traittes du 6 court

3563 1416 1699 154 sans autre avis, les quelles j'ay payez promptement

3565 1513 2324 138 scavoir ƒ 288:- argent courant, payable a l'ordre de mons: henricy

5586 1595 406 148 ƒ 246:12

3559 1604 1103 146 faissant en argent de change.

5590 1695 355 97 „ 300:

3568 1672 1835 209 j lautre paijable a l'ordre de mons: le blon, de change

4699 1825 1293 164 Ensemble en argent de chang ƒ 546:13

3581 1898 2384 207 dont ie vous ay debite, vous priant de l'annoter de cenformite, & me

3592 2047 1271 169 Croire, que je suis en tous occasions

3574 2138 1675 176 los respects a toute la famile s'il vous plait

5394 2146 447 188 Adij 23 d

3521 2272 873 182 brussel Stephano Rousseau

3590 2345 2436 180 avec grande confusion, ie vois p l'honneur de la chere vre du 21 court

3585 2499 2445 129 mon lureur comise n'ayant point endosse c'assignation sur mons: P'aule

3562 2603 2510 128 de broyes de £21:11:6 et a vre ordre ie vous la renvoije cy joint dans

3584 2724 2483 143 le forme, pour recevoir la valleur ie suis fachez mons. que vous deviez

3601 2796 2417 177 prendre la peine de m'escrire pour ce sujet, ie vous salue, & suis

3550 2906 1098 181 Cavce offres de mes services

5238 2933 722 194 Adij 26 mey 1723

3512 3011 760 149 London John Sacpale

3596 3139 2430 150 M 16 deser was aen ul mijnen laesten waer aen mij gedrage sedert geen

3602 3230 2402 191 van ul ontfanghen ingesloten facture van eene balle met soo ps sijken

3606 3373 2451 148 monterende samen in wissel gelde ƒ2024:4 ¼ schipper Jucas troobant seght

3608 3468 2455 160 present tot brugge in ladinge dogh d'hr. Rentergen adviseert mij dat

3605 3605 2417 186 hij dat pack, in sijn schip nmet laden sal voor dat gereedt sal sijn

3623 3754 2392 178 om te vertrecken ofter somtjdts een ander occasie door quaeme om te

3602 3856 2473 196 spoediger te sonnen vertrecken soo haest cognossement becom werdt aen

3587 3951 2421 220 sal cito totgesonden de overgroote langedasende drooghte heeft het

3611 4098 2350 153 gewas van het dlas seer beschadight sijnde het meeste part verdroght

3601 4186 2384 194 waer door de lynwaeten gatens &t dlas merkelijck op slaghen soo dat de

3625 4306 2440 173 tytken oock in opslagh sullen moeten volghen sal echter altijdt mijn ayderste

3622 4391 2434 126 devoiren doen om de tyken op de alderminste prejsen te besomen & ule intrest

3635 4472 2026 83 in alles als eygen behertighen waer mede naer seer vrindt groete blijve
