8426 4726
2365 287 698 164 Adij 11 xberiy12

881 310 783 170 Turnhout Egideus saven

1077 374 2279 223 ue aengenaems quan 30 passto 9 6 deser wel ontfanghen met de soods tijken

1071 548 2260 96 bedragende samen in wisel gelde ƒ 9855:6: g hebbe ul assignatie voor die some

1072 612 2257 135 aen ul luster voldaens doch vreese groote mogelijckheydt te hebben dat ooveel

1079 715 2272 138 meer bestede als voor desen nu hebbe van eenen anderen vindt order be camen

1067 824 2288 128 voor soo ps geassoteert als hier onder die van den op lagh niet weet goim hem

1067 939 2291 154 geene prefeditie aen te doen soo neme dit op mijn perijkel hij seght seer daer

1078 1019 2248 157 mede gepreseert is soo sendt mij die soops op sondagh g pont mede wederom

1084 1130 1455 188 le assigplatie sonder wae mede in haeste blijve

1082 1249 1265 162 to ft groot lort 30 smalle 50 heude

1083 1357 1107 140 25 gt g root loot a 16 malle 10:8

2192 1431 99 115 6

1068 1439 1176 182 25 segels18 mal 7d

1092 1495 1175 234 110 ¼ segels I male 5 d

1060 1659 459 183 100d:

927 1763 2095 282 Tumhout Bepey de wed: an. Geber Ey 11 xter e7i

1089 1935 2304 180 we aengenaeme van 15 pass sowet ontfanghen met de rek van het stuck hant doecke

1034 2093 2338 164 daer ue een laute heeft in gedaen gelijck aen iu soon mondelue hebbe geseydt

1083 2161 2304 191 gesoont mate mijne reke dat over 13 st: soude het vlas cost vermits ul wel

1082 2285 2272 197 weet dat voor nmiew, hier niet geder een geesfent moet wesen soo bidde die rek

1085 2375 2168 183 sorreet te makel & het import doo alignatie aen diick waeters

1081 2435 2280 216 bij mij te ontfanghen dat ue seer recomandere voorders gelieft mij op sondagh

1096 2563 2315 203 eens te noteren waer vooren ul de teeten wilt laten want het doedt mij pijn

1063 2683 2341 193 dat ck niet schorfte comissien importienere & dat ue geene comissien in tegen

1067 2790 1680 199 deel geve uo: antwoordt afwaghtende blijve naer groe

925 2937 2135 154 Turnhout d jef de wed: Robert A 18 xber upr

1086 3005 2162 159 ul aengenaem van 13 dser wel ontfanghen die niet eerder hebbe

1101 3145 2222 160 connen beandtwoorden & segge met desen dat ul: abuys heeft in ul

1076 3225 2264 172 gesondene notiti van het hant doch ontrent het goeven ul stelt

1045 3330 2362 195 betaelt voor weven van a 72- a 4 ¼ s ƒ34:8 ½ dat met sijn can

1093 3435 2236 195 is ƒ18:6 ten ware ue daer vooren icts gekort hadde gal: samen

1113 3543 1790 184 en courant gelt ƒ 47:19½ st & soude sph als volght

1114 3652 1930 224 voor spinien van ts pout meydt a 9 . ƒ 18:9

2681 3768 374 141 „4:2

1107 3804 1113 160 voor suyden van 15 pour a 2 st

2684 3892 262 120 „1

1111 3918 471 130 voor spaelen

2618 3965 456 164 11„ 15:6

1119 4001 1076 171 voor weten van 72 ellen a 4¼

2692 4090 275 117 „10:

1124 4122 548 178 voor het blijken

2262 4170 759 182 samen ƒ 48:13

1127 4247 2273 180 soo ul dit soo reght bevindt gelieve ue assignatie hier vooren p eerste

1105 4376 2328 162 te senden met volle quitantie als soo segens u jaer geen scheldt mas

1124 4475 1864 103 hebben dit afwaghtende blijvee in haeste naer vrind groet

5861 244 152 122 A300

4903 239 781 174 Adij 19 deber 1722

3457 269 905 176 Anson d'hr Joen Satuall

3547 358 2365 179 p 25 passto was aen ul mijnen laesten waer aen mij gedrage sedert hebbe

3560 478 2395 140 becomen ul seer aengenaeme van 16 pass. ditto ue remise op d'hr Jan BByde

3563 570 2442 183 sadelaere is voldaen. &de geordonneerde soo ps tijken opgepackf 9 op 9 deser naer

3576 669 2414 190 brugge versonden synde gemarck N. 39 & de linnen vrapper is ronton de tjlen

3557 781 2423 194 gedaen soo als ul: geordonneert heeft ditto bale is geladen in den schepe van ieter

3541 891 2430 138 de ieder die het ostende gereedt leght om met den cersten goeden winde se

3565 1030 2435 155 vertrecken ingesloten de facture & cognossement van dese bale monterende in

3563 1098 2448 185 wissel gelde ƒ507259½ waer vooren naer wel bevinden mij gelieve te crediteren

3559 1206 2467 150 hebbe wederom 2½ st: p ps. meerder moeten geven sijnde van den selven maker als

3563 1313 2390 151 N. 38. & hij wilt mij voor desen prijs niet meer bedienen seght noch wel van

3561 1449 2381 155 10st: p stuck, maer geloove wel minder soude becomen als ue mj niet eenige

3564 1534 2458 136 voordere ordres soude gelieven te vereeren sal altjdt devoiren doen de minste

3578 1653 2430 162 prijsen te becomen mijn ander maser over wiens goederen soo geclaght heeft

3567 1737 2319 171 wilt mij tot dese prijsen niet bedienen veel min de 2 t voor

3576 1832 2392 142 betalinge te laten aftrecken & terwijlen de goederen van de bale N3er

3566 1924 2387 199 ue wel bevallen sal ue dan van die maker altijdt senden Ingesloten soo

3581 2032 2389 193 sende mede u rek courant waer bij aen ul ot saldo is comende ƒ75:18 ½

3582 2140 2374 187 versoeckende de selve te examineren & naer wel bevinden in conformiteyde

3582 2251 2380 167 te noteren & mij een letterten daer af advies te geven waer mede naer ofres

3586 2350 1253 185 van dienst  vn groe blijve

3585 2473 2402 225 alsoo schippet de rieder voort arrivement vant voors pack naer ostende

3574 2640 2347 162 vertrocken was & dat het pack hem toe gesonden is, soo heeft ditto schipper de

3587 2739 2371 160 vraght van brugge tot ostende betaelt dat ul hem sal gelieven te vergoeden

3483 2825 1248 192 Brugge d'Hr Laurence van Rentergen

5084 2824 753 176 Adij 19 xbre si711

3571 2922 2476 165 beyde ue seer aengenaeme van n got deser wel ontfanghen met den laesten het

3584 3068 2467 163 cognossement g oncosten op de bale . N.39 bedragende en wisselgelde ƒ17:5:6:

3595 3176 2454 161 waer vooren ul: is gerediteert al hoe wel een pleyn arreuitie van courant

3582 3243 2467 196 in wisselgelde van een st: of tuee smjnder preseditie dat de moeyte niet

3595 3375 2077 173 weerdt is eenige veranderinge op de boecken daerome te maken

3565 3445 2494 203 desen tot advies als dat gisteren p wagens van gendt ue toe gesonden hebbe

3609 3591 2353 172 een pack B.D.2 inhoudende s0o stucken tijken dat vervolgens gelieve te

3595 3701 2454 164 verslaren & vermits den windt noch contrarie blijft soo hope de sinder noch tot

3595 3769 2445 188 sluyquens is & dat ditto pack noch in tijdts sal comen om door ul hem toe te sende

3594 3913 2448 153 veroeckende niets te versuymen ghet pack t addreseren aen dhe Roger o

3595 4034 2081 146 gaen mij het cognossement gon ost rek op het alder spoedighste

3591 4113 2322 188 ingesloten sende aen ul de gewoonelijck jaerelijcksche quitantie van

3579 4241 2476 180 £17100: wisselgelde ten laste den verw: keere procurator van het looster

3602 4339 2445 177 der gekelieten a costij gelieve de selve in te voorderen ghet import op

3600 4459 854 103 mijne rek te passenen
