8289 4685
975 248 2308 106 avoir de tous couleurs, & cela portoit un grand capital dont ie ne

966 327 2281 166 pouvois rien tirer ie continue pourtant en perpet: tant noires

959 390 2297 189 que blanchies, si ie vous puis rendre service de quelques perper

954 512 1308 181 comande qui a l'honneur d'estre

2626 563 671 182 Ady 2 aug: vo2e

802 644 929 199 Brussel wed: Borremans

982 726 2334 178 ue aengename van 31 pass soo aenstarts ontfanghen daer bij sien,

948 831 2271 177 dat 17:ft: op en elle op het beschadight diogte soude moeten

954 915 2339 186 verliesen boven dien 30ft voor de halle, waer op segge, bij aldien

984 1070 2192 126 ue oordeelt de schade soo groot is te doen naer ue geradn

962 1124 2358 202 stelle dat in ick handen & al wat sult hebben gedaen sal content

982 1204 2323 243 wesen, want weete wel ue in mijn nade niet sijn sult waer

990 1332 2153 171 mede naer dinst presentatie blije, & groete ul van herten

2676 1415 438 185 Adij 5d

836 1455 745 229 brussel Steph: Rousseau

978 1569 2301 244 J'ay lhonneur de le vre du 3 court: avec une remise de quinze

996 1733 2301 144 cent florins argent de change eschue le 4 me crois sur rene oan

934 1784 2409 196 deurbroucq de gand, payable en anvers accepte chez advi dvyn

996 1897 2166 184 dont ie procureray le requis en son temp ie suis de coeur

2711 2007 451 169 Adij 8d

828 2065 906 187 Brussel  gidins Vans Laer

931 2140 2345 167 iver eenige daghen geconsiilteert hebbende met dheer pieters over het laen

997 2233 2227 189 dat dheer praet in tochte blijft besilten, dat tegens opinue van veele is

997 2313 2305 211 soo hebben wij besloten, door den vaet van ditto heer weters ons wercke te

990 2402 2235 199 malsen om tot een eijnde te comen, waerom hebben goedt gevonden

1017 2491 2290 206 ue: desen ingesloten quenter toe te senden, ue versoeckende van den

987 2580 2292 240 selven te stellen in handen van den besten advocaet van brussel

1000 2723 2313 228 them te recomanderen van een large schifture van opinue daer

1009 2796 2303 252 op te geven, ue moet sigh oock wel informeren, wat advocaet het

1016 2867 2309 238 beste ervaren is ontrent de leenen, want daer sijnder a costij die daer

1038 2982 2160 254 particulire studie in maken, volgens het seggen van ditto heer

1026 3096 2244 230 pieters, ue not ais sal wel weeten, wie het beste daer boe te

1029 3222 2325 233 employeren, & t soude ontgenoegen geven, dat uk, tiever over somte

1004 3337 2232 252 den quentur met de omnie conde mede brengen, om volgens

1032 3528 912 151 onse mesures te nemen

1016 3520 2319 275 hope ul: met cheer ue swager & swagerinne tegens de aenstaende

1007 3645 2293 241 kermisse hier te sien, & dat ul: affaires sult sullen pemelleven

1017 3770 2122 235 & dat int scort een eynde sult hebben, waer mede naer dierst

1021 3944 1528 199 presentatie & mintame groetenisse blijve

5179 181 834 129 Adij 9 aug: 1720 60

3348 217 771 186 Brussel wed: Booremans

3558 255 2457 186 ue aengename 1 deses wel ontfanghen daer benevens eene assignatie van

3543 347 2450 149 een hondert aght guldens wissel gelde, ten laste den bode landert deseleye

3539 455 2449 145 waer voorer het noodigh sal besorgen, & betaelt sijnde ue daer vooren

3517 549 2445 159 crediteren, & iets van ul: dienst voorvallende gelieve te comanderen

3537 620 1723 153 waer mede naerseer vrindelyke groetenisse blijve

5285 609 441 219 Adij 2d

3387 716 1175 224 Brugge Lauvence van Rentergen

3468 788 2501 207 ul: aengename van 11 pass wel ontfanghen met het cognossement

3516 921 2492 196 & oncolt rck: vant pack A.M.H. bedragende in wissel gelde £4:9:3 ½

3542 1004 2242 187 wissel gelde waer vooren ue: gecrediteert hebbe in ƒ 8:15:9

3529 1076 2464 210 desen on ue: t'adviseren, als dat heden ue: ben toetendende p voermaan

3533 1167 2457 212 een ander pack tijken ine houdende 100 ps. gemerckt & N. 25 voor rek

3525 1261 2377 225 van monsr John tatuall tot London versoeckende op ontfangh de

3525 1353 2366 220 oncost ick & cognossement mij toe te senden, voerman de frise, is

3540 1478 2456 216 met de lijve hier & staet morgen te vertrecken de cortste expeditie

3547 1570 2276 198 neert ul gerecomandeert blijve naer Cordrale groetenisse

3541 1672 2285 226 de vraght is veraccordeert a ƒ12: court: get ƒdy10d

3408 1806 1182 196 London nebecca hamilton & Cooe

3549 1935 2451 140 ue: aengename 18 pass wel ontfanghen, & volgens ue versoecke ben aenstonts

3539 1998 2421 174 bij dheer pedro van ditt gegaen, die mij geseyt heeft dat hij ue: traitte

3550 2103 2274 175 van 15 pass op 2 usos aen dordre van John Lansdell voor £100:-

3526 2211 2452 157 a 35:5 et geaccepteert heeft daer oock niet aen twijfele soo dat alles

3549 2306 2477 177 wel is, sal ul antwoort op mijne voorige p naeste breeder afwaghte

3536 2377 2491 199 benevens ordre voor eenige bet tijken, om met de geordonneerde couleure

3532 2505 2510 160 lijn terepies op te pack, & te versenden waer mede naer dinst presentati

5364 2594 532 206 Adij 14 d

3557 2655 254 123 blijve

3430 2684 931 210 Liviton Janwel Buridge

3549 2792 2456 191 op 20 pass was aen ue mijnen laesten met ordre om de 10 ps. perpt van

3549 2925 2432 183 N 80 te vermeerderen tot 20 ps. & met de 20 van N.70 op te packen op

3540 3023 2487 154 het spoedighste naer london te versenden sedert geene van ue ontfanghen desen

3553 3148 2422 129 noch maell tot versoeck vant selve te volbrengen, soo haest mogelijck soo

3542 3261 2484 148 noch niet geschieet is, & vermits mijn vrint dheer charles bollengier is comen

3525 3362 2403 144 te sterven, soo versoecke ditto pack 40 ps t'addresseren aen een van ue

3542 3457 2499 132 correlpondenten, & hen t'ordoneren & eerste vertreckende schip op ostende af te

3555 3573 2484 121 laden, voorders, vermits de wissel nu avant agiens is, gelieve cito de facture

3541 3625 2460 165 te senden, om ue de waerde acnstonts te connen remitteren, dit van ue

3550 3749 1320 180 op ontfangh deser afwaghtende blijve

5369 3726 514 212 Adij 14 d

3395 3839 660 194 Cotryck le Connus

3562 3927 2444 184 d'angename van dhee Waldaw in ue absentie van 21 pass. Junij wel

3552 4070 2474 142 ontfanghen, met advies dat mijne 3 gesondene quitantien ue wel geworde

3561 4200 2456 119 waren, & voorgisteren heeft e heer gruntgrijffer mij ul remite van

3565 4248 2472 163 doy hondent groldens courant ten laste de wed: gillis lettie op 8 dagen
