8419 4719
1014 270 2117 138 ses honvert guldens wissel gelt voorders ul soon heeft mij de resterende

1015 357 2295 197 een hondert, eenen seventigh geviyt st: oock wissel gelte op sijne quitantie gevraght

991 458 2295 162 daer wat schrapiel in vonde om dat ue daerton geen order gegeven hebt echter

1004 594 1815 184 hebbe hem dat betaelt inde volgende goude spetien te weeten

1032 712 1543 188 15 seu pistolen a 4 prooven sijn beprooven maken

2688 687 321 197 ƒ 168:-

1098 811 823 196 e2 5 quartiens maken 10 p

2679 852 329 152 9:30

1085 925 404 131 en nneta

2704 981 80 102 9

2913 975 128 101 :5

2140 987 887 245 3 samen wyn gelde ƒ 121:5

1043 1108 2373 244 om dat hier in dese betalinge gerest soude wesen soo sendt mij toeconmende donderdag

1046 1278 2282 132 een brief & quitatitie in voldoeninge q van goede betalinge wat het gearen

1013 1399 2257 195 bedraght dat ul gesonden hebbe is als hier onder waer van ue sal gelieven

1015 1541 2127 146 het fijnste uyt te soecken & daer een volle stuck van ¾ rm bljvens

1038 1637 2378 177 van te maken a van het resterende uyt geschaten garen oock een 3 rujm blijven

1051 1738 2335 170 van te maken geloove wel 2 stucken sal behalen echter het senste miet

1052 1839 2338 201 een valle stack sijn soo lanck als mogelijck tot u gouverno gblijve naer grote

1045 1961 1844 187 op 23 februarij 1722 is ul toegesonden netto ponden „ 22: ¼

1032 2064 1849 158 noch eens gesponnen garen van ditto door ue mede gen 1:¼

1035 2166 1861 202 op heden ue soon mede gegeven gesponnen geerden geeren„ 2:

2043 2291 839 209 1 Jamen ponden ƒ66: 7

855 2341 1017 234 London deHr Roger Coots

2404 2422 717 151 Adij 6 febr: 1723

1058 2488 2234 164 ue aengenoem van 7 passto G.5. wel ontfanghen waer bij met plasier

1052 2636 2366 157 vernomen hebbe dat ul de ick courant d'accordt bevonden hebt gsoo vervolgens

1033 2711 2246 201 benevens mij de selve gesloten, ul: geliefde mede te ordonneren 8o ps tejten

1045 2820 2218 187 die vervolgens ingekoght hebbe van eenen anderen marer die mij sterck

1052 2940 2331 233 gebeden hadde om de calaendisie te hebben & heeft mij die gelaten veel minder

1058 3075 2196 224 als de laeste gesonden voor dese reijse dogh geen a p voor de contante

1053 3161 2326 259 betalinge connen becomen den anderen maker hadde sjne syken niet willen

1058 3327 2219 199 laten voor de passen als de bale N. 2: niet tewijfelende oft ul van dese

1076 3439 1877 208 mijne directie & sorge ten uytersten vergenoeght sult wesen

1761 3584 186 74 factury

1073 3437 2289 307 ingesloten sognossetent van eene bale niet g6 stelcken op gepackt   N. 3

1064 3642 2269 190 ponterende samen en wissel gelde ƒ 882:16 geladen n den schepe van liicas

1067 3756 2333 230 frobant die met den ersten favorabelen windt op costij staet te vertrecken

1057 3860 2368 250 godt geleyde hem in sebvo & laete dese bale ul wel gesondetioneert terhant

1080 3983 2262 187 comen & engevolge ue ordre soo hebbe heden op ue getrocken de weerde

2245 4112 252 99 ƒ852:16

1076 4100 2283 225 van dese bale en p £80:12:10 7 a 35:3n op 2 cets te betalen aen dordre

1088 4226 2214 182 van de mess Joen schoppens & Joh Edwans versoeckende dese mijne

1074 4340 2140 201 traitte se verceren hiet toecomende ue sal mij gelieven se remisseren

3549 233 2452 182 alsoo het aen ul: profijtelijcker is, & ick maer schaere aen die wissel doen vermits de

3547 334 2453 146 selve sager gevallen is als op ul voor desen getrocken hebbe oock ben niet gelvent op

3557 442 2410 187 mijne gesondene goederen te trecken tot ul: geverno bedancke ul: voor de betalinge

3565 536 2455 205 van mijne gedane traitte voor s£16:12:11 et gblijve met preentatie van mijne

3572 676 1258 185 voorderen dinst & groete ul van herten

3475 761 2252 231 dij hevien ae ael gpet pone dd a 16 Jeu 175

3561 901 2491 208 ue: mij altijdt seer aengenaeme van 16 pass .S wel ontfanghen waer bij vernemm e

3560 1035 2336 194 consenteert van aen mij 3 p talloeren van mijn st£ ƒ50:- dat wel is schter

3551 1171 2344 130 ingevalle de wissel comt te monteren tot 36:2 a 3 et versoecke te remitteren & hop

3563 1259 2434 195 doostendesche comp daer tegens huer divident sul doen sal met grooten verlengen

3561 1354 2400 185 afwaghten wat het parlement sal hebben geresolveert ontrent de lotterije eschnulties

3554 1500 2378 178 a5 e 9 soo die comen gelost te worden soude wel inclineren tot die at p als de

3555 1632 2489 138 selve soude tot go souden versoght worden gelijck geneptieert sijn geweest & dat ue die

3554 1752 2375 148 fortie soo goedt oordeelt als die a 5  de liguitatie van die anneuties ghet vallen

3559 1822 2461 199 van de fautsen des compaien sal veel gelt uyt Engelandt trecken ingesloten remistee

3577 1946 2335 167 u t £80:12:10 et van heden op uos ten laste inr. Rogerloon waer vooren

3553 2034 2397 213 gelieve d'acceptatie se procureren e sen verval dar de betalinge als mede advies

3546 2167 2098 195 te geven van den ontfangh  e   blijve

5096 2289 691 177 Adij 9 fevrier 1725

3468 2284 1154 180 Bruxelles Mons: Stephano Rousseau

3565 2402 2390 179 p lainneur de la tres agreable vre du 6 courant j'ay vre remmise de 500

3559 2546 2336 169 a 41 ¼ & faisant ƒ 515:12:6: payable chez le S. Piere plie escheante  court.

3551 2656 2468 175 dont ie procureray le requis ne doutant point que mons: Beeckmans aura satisfait ma

3553 2769 2482 117 remise de £25:7:8 et coue mad: ivis devoit estre a Bruxelles passé quelque

3572 2878 2483 129 cours j'espere qu'elle vous aura donné satisfaction ie vous prie mons. s'il y aura

3567 2981 2465 194 bal au grand theatre le jours du grand carneval ie pourrois bien faire le voyage

3569 3090 2249 186 de bruxelles pour alors avec ma comp et ou ie vous puis estre cetl

3561 3209 1057 185 comande qui a l'honneur d'estire

3481 3303 632 212 Lur Attarge sayers

4713 3282 839 247 Ady 10 febt 1723

4060 3396 178 128 2md

3561 3480 2459 142 ue brief van 8. deser uyt mechelen geschreven op sijn tijdt wel ontfanghen

3563 3566 2428 173 waer bij verstont dat ul op 2 ditto naer brussel vertrockt om isdagh te houden

3553 3634 2456 201 & dat u ten langhsten opgepasseerde mandagh hier soude sijn geweest en hadde

3562 3782 2403 169 vervolgens ue sonder twijffel hier verwaght oock dat aen d'iit Rousseau tot

3559 3886 2440 165 tot brussel soude gelt getelt hebben waer van int minsten geen advies hebbe

3567 4000 2474 157 het is voor mij wel hagrenant dat ul: mij t'allen sijde mijabuseert nu sal ulu

3579 4111 2476 171 morgen hier verwaghten met gelt gom af te rekenen iblijve met verlangen

3566 4202 1432 172 dch ul te sien & groete al van herten

5131 4258 702 199 Ady 11 fevrier 1723

3498 4270 1288 210 Lille mons: de lannoy du petit dambrey

3554 4354 2210 155 i'ay receu en son temps la tres agreable vre du 28 d'aoust 1722 passé
