8173 4699
830 185 2417 131 en Londan, waer voeren het noodig geleve te rekerghe

802 253 2446 243 nden onfeerey t'adviseren, aen die naer seer vrinde by he

812 413 866 167 groeteniste blijve

766 448 2464 309 e bedancke ukk voor den cormatie ontrent den behenden

801 680 403 145 Igrandt

842 680 2368 272 soo aen stors become stij engelse breeven  daer

850 813 2276 234 geene van u onder, daer seer gevoelyk over ben

824 949 2444 207 te meer om dat wel afmeeter coeck de balen calswelln

831 1015 2424 212 niet vooor aerto niet sult hebben versonden ick sus

817 1103 2458 258 die en kyte gepasseert ue iegeordonneert& daer oort

823 1252 2446 237 mils van gedaen, & dat diene tot mijne groote preuuditi

813 1355 2235 259 ben seeyd impatientio gelijk ue wel dincke can

2326 1471 936 217 Adu 24 gber 1719

677 1501 1244 241 fiserton Same. baridge

845 1612 2438 253 usiaenge van 14 deser 3 wel ontfangen nietss aetere van

857 1748 2387 197 ƒ21 met 30 perpett. bedragende 75:15:- du v

825 1843 2306 217 benevens N. 24: op London hebt versonden,  dat ul

844 1915 2429 298 gelieft te seggende clijne en ostin, die tot souden houden

847 2080 1968 202 geserden verschoten mij oudt laten leeten

845 2155 2423 222 & del sal ut mij noch willen op coster brengenn bovn

753 2278 2442 219 9 de preueditie die leyde, ick dencke dat uy mij die tot

845 2341 2409 270 ostende sal leveren, op uven coste rise vande

858 2482 2409 268 ie, gelijk af met u boorrge mij gelooft hebt om

865 2568 2319 242 p impardonnable faure van gelt te versocken

873 2643 2379 316 het het goedt niet te senden, te bedecken & om dat

884 2780 2338 258 us: ten volle soude voldaen sijn sauve, soo de baln

869 2854 2297 268 voorse wel comen te arriveren sende ul hier

884 3004 2386 241 ingesloten £75:259d ten laste thawel Coequel

889 3053 2364 313 in Linden, waer vooren het noodig gelve te

861 3212 2390 300 De serghie & den ontfang deser te adviseren

899 3333 2206 280 aen die naer corduele groetenisse blijve

2618 3374 533 227 Ady 30 d

701 3510 1284 193 Brugge laurence van Gentergen

872 3609 2428 161 beyde ul aengeneme van 25 & 26 deser iwk ontfanghen met den eersten

895 3727 2274 131 advies vant arrivement van rochus aerts, daer mijne af waghtende

897 3787 2356 160 cafsvellen niet in sijn, vermits wij gisteren engelsche brieven becomen

895 3893 2379 198 hebben, & geen advies, wild: gregorij & moentacts liggen noch in ladirige

900 4008 2324 186 tot london, waer mede de calsvellen sonder faute sullen ofcomen,

909 4100 2381 180 mijne twee packen pepet: die met bwinge niet overgecomen sijne,

895 4246 2410 187 sijn tot london aenge comen, & aldier geladen int schip van voorse

3476 162 2489 140 aregory, soo bidde sijn arrivement cito mogelijck te laten weeten, met ue

3478 248 2487 160 laette become de oncost ick: op de bale tijken No. 22. waer vooren ue vervage

3480 383 2496 126 s gecrediteert, soo u de £17:10 wissel gelde sal hebben ontfanghen gelieve

3473 435 2324 162 te laem weeten, in gesloten twee wisselbrreven beyde ten laste mets

3485 546 2468 165 profter & puter a costij, in antwerpen te betalen, welke versoecke te laten

3487 635 2474 158 accepteren, oft protesteren bj feute, & die mj niet expres, mair met occasie

3488 693 1918 201 om te schrijven te rigge te senden, waer mede blijve

5209 797 704 158 Ady p xber 1719

3337 845 831 171 Turnhoudt Egidius Sanen

3510 893 2413 212 ue aengenam van 16 & 30 gisteren wel ontfanghen met den eersten

3481 1050 2493 124 twee capuijnen, & met den laesten 12 orteleinen, waer vooren ul bedancen

3502 1130 2453 157 ick ben confus over ue beleestiyet af tis niet eent noodigh ul. dat doedt

3488 1243 2389 161 hebbe present geene occasien voor tijken & geloove dit jaer niets

3506 1334 1705 171 meer sal voorcomen, omdat het opt eijnde is.

3501 1431 2476 131 nimant geeft posito ten rijse ul noteert mar wit ue goede huposehe

3498 1509 2423 161 & vatte stellen, sal ue de penningen geven, ten advenante 36

3496 1641 2463 178 compt ul: liver connen mall anderen breeder sspreken, sal mischren

3489 1706 2417 146 naer twonhoudt moeten comen, om een sehere affaire, dogh om deen

3496 1844 2443 127 abondanten regen, die der gevallen is, & de wegen seer gebroofen

3485 1880 2489 208 soude wel connen thuys blijve, soo het mogelijck is dit tott ul naright

5435 1999 154 106 219

5153 2029 567 179 Adij P. ditto

3501 2052 879 179 blijve naer groetenissen

3378 2155 688 153 Lier de wed: Collaerd

3513 2154 2485 225 hebbe ue al overlangh hier verwaght, volgens mij gelooft hebt de lette

3499 2287 2449 191 reyse als bij ue wat evenwel ue niet vernomen noch minder gelt

3506 2346 2440 219 daer het nu al over de 20 maenden geleden is hier aen den voedt

3513 2465 2445 208 deser de notitie vant gene mij compt, & mijn comptoir gast gerardir

3526 2589 2383 154 van wangen is present tot hier bij sijne susters gegyntiens ue can

3524 2687 2415 190 hem dat gelt tellen & sijn quitantie sal ul valideren dit van ue

5561 2775 197 83 no

5302 2799 505 153 Ady 8.d

3503 2818 728 189 afwaghtende blijve

3356 2914 694 188 Turnhoudt ieghs

3550 2950 2395 225 ue: sone is gisteren avont hier wel gearriveert, & desen naer middagh

3537 3100 2380 181 wort de tente van ƒ3000:- gepasseert & alsoo ul lieftte de

3521 3196 2470 169 aete notariel passeren moet volgens gesondene proiect, & dat ue: soone

3517 3257 2469 222 mij seght sijn lieve vader van hollant noch niet gecomen, voor sjn

3506 3385 2498 184 vertrlck, dogh dat niet twejffelde, oft soude gisteen thuys gecomen tij

3521 3458 2405 203 soo versooke morgen te lata weeten oft hij gecomen is, sal dan

3537 3597 2454 178 selver over come, onm alles te doan & inguleren, naer behooren, waer

3512 3697 2439 161 mede naer seer miesame groetenisse blijve in afwaghtinge van

3537 3816 1116 163 ue: antwoorde sonder fate
