8193 4692
840 193 2443 148 avec la molure preditte avec un cordon, Enfin que cela corresponde avec le

822 313 2400 101 baslin, il faut recomander que les preds verment bien de deux cotte, & ie

838 340 2242 197 n'est pas necessaire, que les saladieres soyent grave, a cause de leur

844 447 2418 182 petittesse, qu'il observe seulement la molure, & sil faut payer les 12 escur

835 526 2367 173 ie dit  12 pour la fasson, ie suis contant, ie vous renvoije a jour

838 620 2327 181 p le messagier la piece dargenterie ie crois que la molure de vre

834 713 2437 229 bassin, est aussij avec un cordon louvrier se pourroit reguler a l advenant

828 811 2442 226 Mons: j'ay pris la liberte du tirer sur vre grace, aujourdhuy la somme

842 916 2420 161 de quinze cent florins argent de change ie dis ƒ1500:- a deux jours

833 1038 2398 167 de deate e laisse payable a l'ordre de messis Jear mughel & quiel mo

848 1087 2393 208 verachteren vous priant y faire honneur, & ou ie vous puis estre u le

854 1246 1858 185 commandez reciproquement que a lhonneur d'estrez

2616 1217 564 225 Adij 15 gber 1719

677 1355 899 165 London rebecca hamilton

868 1383 2357 203 op 24 pass was aen ue mijnen laetten met versoeck van mij een teekeningh

862 1483 2417 185 oft model toe te senden referrende mij voorders aen den selven mijn ingenieur

866 1598 2405 158 die mijn geheel huiys geordonneert heeft heeft mij dese ingeslotene teekening

862 1671 2318 221 gemaeckt de boven deuren moeten in vieren open gaen de eerste bladers

816 1729 2403 221 slaen aghter op de tweede bladers soo als den bufet open is de bladers oft

864 1832 2425 219 deuren, maer gelijck een platten blant vertoonen oock soude het connen gemackt

865 1935 2399 199 worden, dat de deuren aghter om sloegen, dat men de deuren noet soet weedt

857 1991 2387 234 den maker een beter ordonnantie van boven, dat soude hy connen naer syn

866 2156 2389 182 goettie maken, alles van schoon noteleren godt oft gelijck de casse van mijn

842 2203 2433 202 =staende slagh crologie is, die van m. windtmils gemaeckt is die sal ue den

883 2310 2308 169 werckman wel aen wijsen, die de casse gemaeckt heeft & laet mij weeten

866 2405 2278 192 hoe val desen bufet soude cotten, &xccuseert dese mijne importernitijet

875 2462 2378 228 voorders soo sende hier benevens cognossement & facture van eene bale tijken

864 2563 2368 235 N.10 met 61 pt. bedragende ƒ 685:8 wisselgelde geladen inden schepe van

869 2670 2302 194 lucas troobant die gereedt is om met den eersten goeden wint te seylen

877 2774 2348 211 godt geleyde hen in salvo, & laete dese goederen ul wel ter hent comen

892 2875 2238 188 hebbe niet meer van de clijne strenves blouw & wit connen becomen

895 2952 2324 221 de wevers sijn gelijck tot als men hun dat werck doedt maken, & veele

896 3088 2260 175 lijnder, die se noet maken willen als ue eene goede partije begeert

886 3168 2391 169 laet mij & 1 ordre op ontfangh deser tocomen sal selver nae de makiers

902 3267 2280 197 gaen, & die op het getoun doen stellen, ider werck van can qualijck

887 3359 2381 165 een tijck ter weke maken ue: antwoordt hier op, als ontrent den

895 3460 2373 192 buffet met verlanghen afonghtende blijve met veuproque dienst

899 3605 464 150 pretentatie

955 3616 2207 218 TBD. daer op de teekendngh de 4 ruijskens staen E 5 &7

908 3742 2375 162 moet een bardeken sijn dat ujt getrocken wordt om voor een

885 3822 2362 230 spetie van tafel te dienen daer men de mijn glaten op set als

912 3983 712 165 met aen tusel sit

5921 161 70 110 19

5185 156 686 151 Adij 18 gberd. 1719

3388 178 1086 204 Brussel de wed: borremans

3511 251 2403 194 ud: aeng. van 15 deser wel ontfanghen, daer venwens eene remise

3507 388 2456 170 van ƒ144:6½ court. ten laste dheer Jacomo de Cleves in voldoening

3511 448 2375 222 dan de 3 quittantien, de totft minder reete wel dat het e

3504 600 2172 137 maniure is voor aenteekenen, van mij als procuraie

3497 611 2451 272 voorders dient desen, om ul te seggen, dat geene lange breede

3497 740 2481 211 sarges become hebbe, niet dan bast van de beste stanx perpett

3503 870 2396 197 van alle prijsen, ut is mij leedt dat u: hier ontrenet met

3500 1033 580 153 bedienen can

3528 1013 2457 281 wat ul gelieft te seggen dattronder de laeste gesondene stucken

3524 1192 2466 194 goederen sijn die vande starre met sijn gemerckt ick protestere

3518 1261 2470 207 dat het kan de starre is, oock het aderbeste goet, dat ue wel can

3507 1359 2401 205 sein aen de qualitijdt, mijn vrindt die mij dat goedt sende

3511 1436 2497 219 heeftt sekellijck een abuys begaen, ent marck te slaen, hebbe

3517 1561 2460 214 hier in een baettien, het selve bevonden, & dat is door hem

3513 1632 2487 223 onietende geschiet, echter het marck maeckt het goedt niet

3508 1751 2414 204 tis maer moyte voor mij om dat de luyden hier daer aen

3515 1832 2491 241 stooren, ick hebbe in veele gepasseerde iaeren, geen ander goet

3517 1926 2501 253 ontboden, als vande beste starne & gand andere sijn mij toegesonde

3524 2033 2510 264 geweest, soo dit is maer een erreur, can ue diense doen met stalen

3525 2180 2512 186 van bart: sarges te senden, oft gelieft eenige swerte, oft seep wise

3526 2292 2489 245 perpett. te hebben gelieft tecommanderen die blijve naer ue

3526 2434 2425 176 volle gesenthijt gewenst te hebben & groete ue van herten

5150 2497 721 169 Adj d 177192

3376 2534 1190 215 Turinhout de wed: Robert

3540 2629 2509 200 hebbe de tijken wel ontfangen, & ue gecrediteert voor ƒ20:10

3551 2752 2419 193 wissel gelde, waer van toecomende maendag gelieve te

3535 2845 2496 193 disponneren, can van doansserd de ƒ266:14 niet ontfangen

3541 2949 2486 207 ten au as: eene quittantie sendz op de forme als ain den

3543 3049 2447 215 voet deser mjonf ben seer gemovent over de saken

3542 3165 2466 232 van van thangen rahende ick hebbe altijdt ontraden

3532 3281 2486 194 van die niet te beginnen sonder londement, a gij sijdt

3489 3368 2559 204 die sijnen siop volgeblasiie hebt, & als ue heb was niet

3526 3468 2532 258 daer over large gespooken, als wannenr uy naersonsientie

3549 3638 2432 195 hebbe geuxtrat door ue vertreck hebt hem om

3542 3706 2467 290 te animeren noch meen gesijdt, alst noodig was dat

3550 3883 2513 202 maer soude overcomen daer aen met mijne permissie

3549 3971 2503 241 voldaen heeft, af nighte as toen naer hane vrinden

3542 4114 2514 269 geryst, hermite die rijse gepremediteert was  ul heeft
