8426 4719
1089 291 2190 131 & vermits dit t'laeste sijn sal dat onse rek courant soude connen

1073 416 2141 138 vergrooten soo bidde andermael mijne rek courant sae te senden

1058 479 1989 174 om de selve in contonitydt met ul: te sluyten mij hier op

1062 585 1420 172 vertroulvende blijve naer seer pordiale groet

1515 633 1758 139 versoecke den ingesloten wissel brief op adviaen volkaert om

891 696 1974 177 ier marge spts accept: te bevoorderen Ady 19 xber cpt

1249 800 1074 105 an iy teprigge te senden e occasie

1099 784 2214 216 p 28 pase was aen ul mijnen laesten waer by ul geadviseert

1054 937 2270 109 hadde den ontfangh van de vierhondert grwalf gultdens courant

1067 1017 2217 184 gelt die den bode mij hadde over getolt: oock hebbe ul als dan

1047 1135 2341 169 toe gesonden den sasel brief van ddirncksens hebbe ul dan oock versoght

1072 1299 2301 112 van weekelijckx eene somme geldts te senden op dat voor kersseige

1066 1367 2316 148 soude voldaen sijn & sedert hebbe van ue niets vernomen veel min

1070 1441 2224 174 geldts dan nu wederom seer noodigh hebbe om dat betalen moete

1045 1587 2329 159 de sommen die in de oostindische schepen in geschreven hebbe quwete

1070 1652 2339 164 de toecomende weeke ƒ3000:- guldens noch hebben & dan can wederom

1075 1756 2252 180 wat waghten tot in sanmarij naest comende hebbe al uytgestelt

1061 1902 2255 151 tot den langhsten tijdt om ue te frauliteren g voor dese some can

1067 1997 2322 171 niet langer waghten om dat het schip de toecomende weeke vertreckt

1069 2078 2333 201 g het ander in Januarij hebbe ul noyt verlegen gelaten & ui februurij

1079 2217 2329 175 sal ƒ22000:- ontfanghen soo dat ul wederom sal connen fournieren

1066 2298 2345 192 biddende dan seer vrinde van op mandagh toecomende mij gelt te senden

1090 2432 2077 200 want anders soude moeten selver comen ue dan met groot

1087 2542 1448 212 verlanghen afwachtende blijve naer groet

1241 2637 1381 196 iak sijn de basel brieven die noch bij hebbe

2058 2777 358 158 ƒ 2729:

1088 2782 595 176 van hoefnagels

2054 2877 436 162 „1 595219

1097 2891 550 182 van Jan respens

2061 2994 313 139 ƒ27

1091 3015 626 163 van niulven huyse

2032 3077 468 182 ƒ 5595:19

2756 3078 637 214 Ady 22 xber 1722

956 3203 1001 176 hier marge suyers tafeliereste

1095 3234 2301 207 met groot gevoelen verstaen uyt ul missive van 20 deser die gisteren avont

1091 3349 2255 170 eerst ontfanghen hebbe, dat ue van penningen gedisponeert hebt aen de

1083 3405 2271 234 hollandess, & dat mij in de tacomende weeke sonder faut, gelt soude besorgen,

1079 3515 2309 180 can ul niet schrijven het shagrin dat hebbe, vormits betalen moete, & van

1091 3580 2217 217 uk: geen get become sendt mij maer dese weeke het import van den

1069 3665 2339 263 tafelbrief van niuwen huyse is 1271:- & gaet ul in de hiersdaghen

1081 3785 2211 213 naer brussel om gelt tontfanghen siont dat aen dh. rousseau tellen

1099 3903 2145 173 ue moet sigh reguleren, dat in januarij toecomende voldaen ben.

1100 3944 2246 236 want soude verbligeert sijn ue: daer toe te pramet, sendt mij dan

1096 4052 2221 227 morgen oft overmorgen soo veel mogelijck bj provisie, & dit met

1470 4192 1305 209 af waghtende blijve naer groetenisse

5880 235 134 95 434

4640 245 782 165 Adij 23 xber 1722

3450 277 854 175 London dH. Seorge Virgoe

3579 378 2479 209 p4 pass was aen ul mijnen laesten met facture van een bale N.5 uck

3564 528 2440 148 130 stucken tijken monterende en wissel gelde ƒ 0415:5: voorders referrere mij aen den

3560 600 2382 183 selven & sedert geene van aels geeerde ontfanghen willende niet twjselen oft ue

3569 688 2473 197 de voorss bale wel geconditieneert sult hebben ontfangen gnaer contentement besonde

3573 850 2355 174 alsoo het saet seer naer geeijndight is soo sende aen ul hier ingesloten ul rek

3569 951 2365 164 courant waer bij aen mij  saldo is comende ƒ 286:- versoeckende de selve

3561 1116 2391 127 te exammeren & naer wel bevinden benevens mij in conformitijdt te noteren

3566 1213 2463 172 g mij daer af een lettersen van advies te geven: de tjken sijn sedert de laeste

3575 1301 2482 170 bale aen ue gesonden noch meer op geslagen hebbe al ƒ7:19½ voor ¾ groot loote

3564 1386 2480 205 besteedt ¼3 segels ƒ00:1 ½ 9 ¼ 3 segels ƒ12:2½ quie wilt den maker noch meer

3552 1525 2499 193 hebben seght dat de monteringh van het garen op ieder stack lijcke 10 t: beloope

3562 1623 2406 182 hebbe noch de 2 e voor het contant gelt gehadt ghope noch sal becomen

3560 1761 2449 166 ingevalle ul mij met eenige van ue ordres gelieft te vereeren sydt versehert

3553 1849 2464 198 de minste prijsen sal bedingen gtraghten ul in alles te volcomen waer mede

3580 1969 2319 194 naer ue gfamilie gewenst te hebben het aenstaende muus aer geleckigh

3589 2075 1250 184 g voorspoedigh blijve met vrind groet

3497 2142 2074 255 Brugge d'H. CLaurence van rentergen Adij 26 xber 11722

3568 2297 2412 233 1k aengenaem 22 deser wel ontfanghen daer benevens mijn rek. courant die

3583 2466 2322 159 geexamineert hebbe g in alle sijne pointen d'accordt bevonden hadde echter ul

3564 2552 2401 200 gedebiteert voor de quitantie van £12:10: wisselgelde dogh sal alles conform met ul

3588 2634 2336 207 nsteren & ul op niue rek crediteren voor ƒ 100:17:- gan tegen diel debiteren

3574 2757 2442 200 voor de voors quitantie en wisselgelde voor ƒ105:- dat den facteur tot gendt

3577 2847 2467 200 nmu de vraght stelt a 24 st is wel om dat sij in den winter voor de vraght soo

3588 2991 2449 170 veel moeten hebben daer gelieve dat te betalen gingesloten de notitie vant pack

3564 3068 2442 152 A.N.2 serugge om de selve daer mede te betaelen gversoecke die aen mij op

3572 3226 2444 146 ontfangh weder te senden alsoo de factkere sonder die on ost niet versonden van

3569 3290 2403 190 ben ue verobligeert voort laten accepteren den wisselbrief van  ƒ90:

3577 3422 2458 165 & wensche ul gfamilie dit hooghtijdt van kerstens saligh g het aenstaende

3583 3510 2455 209 nu jaer vervult met alle bedenckelijckx benedictien des hemels gelijck mijn

3529 3636 2070 182 p hefste ue mede is wenschende gblijve naer seer minsaeme groet

3474 3743 1005 175 tier marge suyers fascherest

4763 3753 821 182 Adij 26 d. 1722

3591 3846 2462 213 op 22 deser was aen ul mijnen laesten waer bij ul genoech te kennen hebbe

3590 3996 2487 184 gegeven het groot gevoelen dat hebbe om dat uln mij geen gelt hadde gesonden

3587 4132 2423 150 & versoghte dat en de gepasserde werckx daghen mij gelt soude brengen & hebbe

3595 4175 2344 212 echster van ul niets vernomen dat den noodt mij niet presseerde soude

3589 4285 2470 186 het mij niet aengelegen sijn van te waghten dogh ick can niet waghten
