8419 4719
2753 278 638 155 Adij 27 meij 17284

929 279 877 160 Brussel Steph: Rousseau

1077 398 2285 129 J'ay avec l'honneur de la tres agreable vre, du 24 court: deux remises

1090 487 811 158 sur moy mesme sc avoir

1084 505 1183 234 une de ƒ1000:- argent court

1088 661 960 113 une de  „300:- ditto

1078 732 2299 198 ensemble ƒ1300:- court faissant en argent de change ƒ1114:5:9

1065 867 2370 193 dont ie vous ay credite, cest le suject de cette estant tres parfaittement

2490 962 647 164 Adij 30 may 1723

914 979 1153 180 Bruxelles mons: Stephano Rousseau

1133 1086 2184 159 J'aj bicn receu l'honneur de la tres chere vre du 28 court avec

1097 1170 2307 189 ma remise sur mons: Caulo De Broger la quelle j'ay rendue au trreur

1095 1275 2295 202 & vre comte en est decharge ie suis tachez que vous qvez eu sant des peeux

1105 1409 2206 183 a cet igard, mon amis de paris m'a donne avis qu'il vous at envoye

1097 1507 2296 197 le 26 pourt p la curosse de Bruxelles un paesse vre consenant 12 chailes

1094 1595 2255 219 & 2 sable a jouer de sapisserie & qu'il as levaluue le tout a you e pour

1076 1735 2210 192 faire la decaration dons on doit payer 10 cent pour les droit d'entre

1107 1811 2148 228 aussij argent de france outre la doyture que ie vous prie d'accorder au

1105 1934 2179 220 plus juste prix & quand vous aure reccu la preditte caisse ayez la

1082 2047 2324 228 bonte de me l'envoyer au plustott p le mesagier & n donner un petite

1108 2181 2091 188 memoire de vre rembourssement & vous obligeray infinement celuy

1103 2314 952 179 qui a l'honneur d'estre

2544 2393 654 168 Adij 30 ditto 1723

885 2417 692 161 Attelsele mons: Joraeye

1091 2499 2185 155 waer dat den heere van swijndrecht aen ue de romissien gegeven

1104 2609 2237 194 heeft om de gecedeerde goederen van de wed: Gerard Jongh te vercoopen

1093 2727 2302 206 hebbe ick met mijn helfte de sake wat voorder over seiydt & bevinden

1095 2851 2145 179 dat het niet wel soude sijn van de huysinge & schuere te

1102 2993 2332 184 vercoopen om dat den grondt aen den voorss heere is competeerende

1102 3069 2219 205 & soude maer moeten versoght woorden op aftrekens dogh alsoo

1093 3216 2348 204 het beeter soude sjn voor het cant dat die huiysinge daer blief

1098 3361 2340 196 staen soo hebben wij goedt gevonden van de selve te laten

1114 3473 2083 188 priseren op abrekens dare werdt ul bij desen versoght

1099 3607 2267 162 van ontrent d'huysagie niets te doen voor al aen ul: den

1109 3724 2132 136 heere van swijndrecht anderwael daer ontrent sult hebben

1097 3823 2311 218 gespraken & hope ul toesomende vrijdagh hier te sien om daer

1078 3928 2276 188 sover karge te spreken echter met de verpoop van den cost

1106 4103 2248 180 op het weldt can ul: voorts gaen volgens gegevene ordre

1094 4194 1894 222 dit alles ul: van herten recomanderende blijve

1109 4341 986 151 naer seer vrind: groet

5284 189 756 249 Aj mer

3468 268 874 190 Londen Thomas Schaven

3584 375 2485 199 le 8 du passé sut a vre grace ma derniere depuis sans l'honneur d'aucue vre

3585 495 2480 220 mon frere piere melijn in la comunique que vous avez eu la bonte de luy marque

3568 627 2493 224 que le parlement est responsable pour la comp. de sude cent pour cent tant

3571 757 2439 217 pour la moitie d'aniuriey qui se doivent vreed de la ditte comp. qu pour le

3573 883 2440 205 pour qui se restera pour faire la negoce de sorte que ie peu comprendre que

3586 992 2480 247 le parlement tient bon le capital cent pour cent aussij de l'an que de l'autre

3595 1129 2297 230 aujourd huy mes freres, out receu de nouvelle que vre grace at faite des

3588 1283 2410 200 implaites pour eu dans la ditte comp. a 97:- donc ils paroissent estie

3577 1444 2449 174 contants ce pour quoy j'ay pris la resolutions d'employer aussij mes £5000:-

3561 1493 2486 201 dans la ditte comp. vous priant d'rngiles pour l'aschette au msme prie

3586 1643 2433 191 un pour sent plus ou moins a n'est pas un affairee le mestant tout a vre

3589 1762 2473 221 bouw direction & j'approuveray tout ce que vous ferrez a cette egard me

3593 1847 2422 249 fiant entieremant a vre bonne susement psuis en attante des vos nouvelles

3584 2028 1147 166 il me dit tres parfaittement

5582 2068 499 225 Ady 5 Juyr

3473 2122 608 212 Lodon etal

3587 2333 2389 208 met groodt eedwesen sien uyt ue aengenaem van 20 passo° C.5. dat ul

3601 2439 2475 237 wederom miscoght tijdt, ontrent de 3 segels schre stiipe om dat 5 ps roodt gent

3599 2551 2490 227 bij gedaen hebbe dat geschiedt is in gedaghsen van wel te doen het ul gegever

3607 2689 2440 209 ordre mes un brief van 19 april al waer niet anders staet als 10  segels

3600 2803 2419 230 m: shoe stripe soo dat ul nochte blan nohte rood noteerde om dat ue

3599 2932 2347 214 voor desen soo wel van deen als van d'ander couleur gevraght hebt

3592 3068 2433 189 hebbe volgens mijn oordeel van ider de helft gesonden derhalven can

3602 3186 2491 231 ulij gendogh gesoavinceert sijn dat daer im geen de minste schult hebbe

3607 3367 2476 156 in ul misoginge hadde ue de iops blan & wit genoteert sijdt versckort

3606 3447 2355 212 geene red strips soude gesonden hebben soo ul heeft geen de minste

3581 3566 2496 161 reden om die weder te senden echter het is mij leede dat het naeriue

3614 3713 2450 158 genoeginge niet en is, int toesomende versoecke van betere expbientie

3604 3850 2308 148 te geven & twijscle niet oft ul sal dese genoghsaem connen

3606 3908 2440 185 vercoepen, het cognossement van de voors, bale is mij noch niet geworden

3608 4066 2459 186 sal het selve op ontfangh ul toe senden, daer mede naer seer ind groet
