8111 4767
645 195 1056 160 Londons: Bollengeer

2350 183 867 210 2 Adu 9 gber 1719

793 317 2452 201 op P & 15 deser segge Julij jaeren aen ue mijne e

760 476 2503 163 naer aen mij gedrage sedert geenen van ul: ontfanghen

739 530 2357 183 dat mij verdrectigh maeckt siermits van ul. leer

769 648 2500 217 gaerne hadde vernomen dat de st £ 1000:- i de loterije

769 725 2502 201 annuitees, voor mij gecoght, op mijne name sijn gestelt

710 848 2509 201 derhalve come met desen uf: noch mael versoecken, van op

796 978 2292 187 ontfang deser daer af advies te geven, , soo noch niers

766 1089 2450 238 geschedt is, dat echter nmet geloove, alsoo daer geand reden

778 1154 2493 216 om connen sijn te effectueren, geloove de int resten, soo voor

771 1296 2442 186 de pr eerste maenden 1714. van de annuities als suytkce

779 1423 2477 226 comp sullen betaelt sijn, dat mede geluve te lasen

800 1518 2464 180 vreeten, mijn heer den tijdt compt nne voorde hant om

792 1613 2454 255 calfsvellen, derhalve gelieve vier balen, ider ale met

800 1730 2371 192 14 dosijnen te pronderen, tegens het eijnde kan dese

789 1837 2407 233 loopende maende, dog nu betoraght te nemen, als

787 1963 2439 228 voorlede reyse & te sien iets tot refactie e doecomen

791 2084 2436 221 op de voorgaende, wel te letten dat de vellen verse niet

783 2177 2376 253 gevelt sijn, v an de alderbeste soorte dogleghte zellen

772 2280 2468 254 & tenlaeghtten prijse movendien de vellen niet te laten

779 2397 2495 206 wegen, door dat het schip daer ick die in leden sal gereedt

775 2477 2432 270 sal staen, om te vertrecken geen ant goet daer onder te

765 2588 2486 245 laeten mengelen, & alle kande groote roose ue magh

787 2706 2397 269 het voorgaende aen ue gescreven, aen m. prese

799 2824 2449 221 noch wel eens hertalen, hope de veleu  beterkoop

808 2910 2435 229 sullen sijn, meer, als voor desen niet te besteden, en fin

797 3061 2430 219 alles blijft ue recommandeert, met afte laden, ofe

810 3189 2422 200 te packen, door dat den schipper gereedt is, om te

794 3277 2473 216 vertrecken, op dat de vellen den Brant niet en ceygen

748 3412 2522 213 den schipper de Sorge e Bevelen, waer mede al messive

802 3491 2417 282 afftragtende blijve naer vrindelijc ke groetenissten

2448 3615 722 222 Adij 9 d 1719

620 3678 1017 267 Bergen P: Caniet

796 3781 2480 239 Ensuite l'honneur de la vre du 30 me c, ie vous

826 3907 2450 246 envoye p la messagier Jonaert, porteur de lette lestrois

801 4048 2462 265 peeces perpetaanes y mentionnee, pour les quelles il

814 4184 1629 237 vousplaira me rediter scavoir

3488 167 2508 217 le 9 gber 1719„ 1 perpett. blanchie N. 70 a 29 ½a ƒ50:-

4204 250 360 147 „1 ditto

5179 249 739 157 „ 30„ 30-„ 50:

4218 345 629 175 „ 1 ditto noire

5143 370 775 159 „ 30„ 29 ½: „ 53:

4197 472 412 177 23 ps

5041 477 944 196 Ensem bles ƒ 153:-

3491 586 2493 269 paijable en argent de change, j'aurois peu vous envoyer

3488 722 2374 201 a moindre prix, mais comme vous est accoutame

3503 833 2491 228 d'avoir ces sorter, & que ie ne souhaite, qu'a vous servir

3497 945 2527 241 en amis bedellement, jiay trouve Don vous les envoyer

3498 1037 2456 235 ceux, un peu moendre n'auvoint pointeste si bon pour

3493 1157 2489 236 leur prile. soyez asseure que ie vous aij bien fait, le

3490 1269 2511 272 Jonard m'at compte, pour vre compte, cent bloring

3498 1384 2434 309 argent de change, done ie lay ay donne quittarce, ie

3513 1518 2201 252 vous saue & suis avec offres des mes services

5156 1613 830 200 Adij 11 sber 171

3372 1688 1199 233 Turnhaut de wed: Robert

3526 1758 2464 225 u. aeng Jan gistren wel ontfanghen daer Benevens de

3500 1876 2500 236 ieuwercken  terwijlen d'heer melijn ruyten op het hof is

3499 1975 2381 250 sig wat gaen diverteren, soo hebbe heden hem de selve

3509 2108 2434 223 toegesonden, die hem seer aengenaem sullen wesen

3492 2155 2516 320 derhalve ben ul cuyt sijnen name hertelijck danck baer

3504 2267 2502 301 & sal ul benevens t'stuck lijnwaert & de tijken donderdag

3501 2452 1563 276 verwaghten waer mete blijve

5248 2554 698 202 Adij 12 d. 1719

3336 2617 1416 220 Brussll de wed: Borremans

3533 2722 2484 199 ue aeng. van 8 deser wel ontfanghen, tot antwoorde dien, als

3469 2838 2536 213 dat het packie waer van de racture Reedre gesonden, al

3521 2889 2505 236 eerste vertreckende schip sal toesenden & hebbe twee paspes

3503 2999 2520 270 van N.70 geepwit uytgesoght, het eene van 31 a 3 hl

3519 3085 2513 224 ander van 30 ellen lanck & aen den cant geleydt tot ul

3516 3194 2504 241 ordre, doo ten prijse, als ue hebbe gesereven, vant het

3515 3307 2432 248 is mij onderdaet onmo gelijck, die minden te laeten

3523 3372 2495 325 & soude wel mal heureus sijn, die aen aen ander, voor dien

3515 3493 2512 327 prijs, noch te moeten, vercoopen, het soude het sout

3524 3630 2455 234 voor de marniit, niet connen avanceren de twee

3526 3734 2345 247 coffees sal ue: toesenden, soo ue ordre geeht voor de

3504 3833 2473 312 surpett. hebbe geene Larges van f ontrent het

3529 3996 2489 180 couleur op ue gesonden stael, maer mede blijve n

3527 4077 2500 291 dfwagtinge naer  ordre 2 groote ul van herten
