<?xml version="1.0" encoding="UTF-8"?>
<alto xmlns:xsi="http://www.w3.org/2001/XMLSchema-instance"
      xmlns="http://www.loc.gov/standards/alto/ns-v4#"
      xmlns:page="http://schema.primaresearch.org/PAGE/gts/pagecontent/2013-07-15"
      xsi:schemaLocation="http://www.loc.gov/standards/alto/ns-v4# https://www.loc.gov/standards/alto/v4/alto.xsd">
   <Description>
      <MeasurementUnit>pixel</MeasurementUnit>
      <OCRProcessing ID="IdOcr">
         <ocrProcessingStep>
            <processingDateTime>2022-02-11T21:40:28.894+01:00</processingDateTime>
            <processingSoftware>
               <softwareCreator>READ COOP</softwareCreator>
               <softwareName>Transkribus</softwareName>
            </processingSoftware>
         </ocrProcessingStep>
      </OCRProcessing>
   </Description>
   <Layout>
      <Page ID="Page1" PHYSICAL_IMG_NR="1" HEIGHT="4685" WIDTH="8303">
         <TopMargin HEIGHT="0" WIDTH="8303" VPOS="0" HPOS="0"/>
         <LeftMargin HEIGHT="4685" WIDTH="0" VPOS="0" HPOS="0"/>
         <RightMargin HEIGHT="4685" WIDTH="0" VPOS="0" HPOS="8303"/>
         <BottomMargin HEIGHT="0" WIDTH="8303" VPOS="4685" HPOS="0"/>
         <PrintSpace HEIGHT="4685" WIDTH="8303" VPOS="0" HPOS="0">
            <TextBlock ID="region_1644474831969_1724"
                       HEIGHT="4364"
                       WIDTH="2596"
                       VPOS="176"
                       HPOS="745">
               <Shape>
                  <Polygon POINTS="745,176 3341,176 3341,4540 745,4540"/>
               </Shape>
               <TextLine ID="region_1644474831969_1724l1"
                         BASELINE="2670,300 2702,300 2735,300 2768,298 2800,298 2833,297 2866,296 2898,294 2931,294 2964,292 2997,292 3029,290 3062,290 3095,290 3127,290 3160,290 3193,290 3225,290 3258,292 3291,293 3324,294"
                         HEIGHT="140"
                         WIDTH="686"
                         VPOS="215"
                         HPOS="2653">
                  <String ID="string_region_1644474831969_1724l1"
                          HEIGHT="140"
                          WIDTH="686"
                          VPOS="215"
                          HPOS="2653"
                          CONTENT="Ady 27 sber 172"/>
               </TextLine>
               <TextLine ID="region_1644474831969_1724l2"
                         BASELINE="862,352 904,348 946,346 988,344 1030,342 1072,342 1114,340 1156,340 1198,340 1240,338 1282,338 1324,338 1366,338 1408,338 1450,336 1492,336 1534,336 1576,334 1618,334 1660,332 1702,330"
                         HEIGHT="149"
                         WIDTH="870"
                         VPOS="248"
                         HPOS="846">
                  <String ID="string_region_1644474831969_1724l2"
                          HEIGHT="149"
                          WIDTH="870"
                          VPOS="248"
                          HPOS="846"
                          CONTENT="Turnhoudt gidius sar"/>
               </TextLine>
               <TextLine ID="region_1644474831969_1724l3"
                         BASELINE="994,440 1106,440 1219,438 1332,438 1445,438 1558,436 1670,436 1783,434 1896,434 2009,432 2122,431 2234,430 2347,428 2460,424 2573,422 2686,418 2798,414 2911,408 3024,403 3137,397 3250,390"
                         HEIGHT="182"
                         WIDTH="2288"
                         VPOS="310"
                         HPOS="977">
                  <String ID="string_region_1644474831969_1724l3"
                          HEIGHT="182"
                          WIDTH="2288"
                          VPOS="310"
                          HPOS="977"
                          CONTENT="het antwoordt op ue aengename van gisteren segge noch mael dat"/>
               </TextLine>
               <TextLine ID="region_1644474831969_1724l4"
                         BASELINE="986,536 1101,538 1216,540 1331,540 1446,540 1562,540 1677,538 1792,538 1907,536 2022,534 2138,531 2253,528 2368,524 2483,521 2598,516 2714,512 2829,508 2944,502 3059,496 3174,490 3290,484"
                         HEIGHT="162"
                         WIDTH="2336"
                         VPOS="430"
                         HPOS="969">
                  <String ID="string_region_1644474831969_1724l4"
                          HEIGHT="162"
                          WIDTH="2336"
                          VPOS="430"
                          HPOS="969"
                          CONTENT="niet coen doen, dat u versoeckt ider een moet sijn affaires weeten, het"/>
               </TextLine>
               <TextLine ID="region_1644474831969_1724l5"
                         BASELINE="990,640 1104,644 1218,646 1332,646 1446,646 1560,646 1674,644 1788,642 1902,639 2016,636 2130,632 2244,628 2358,624 2472,619 2586,616 2700,610 2814,606 2928,600 3042,595 3156,590 3270,586"
                         HEIGHT="171"
                         WIDTH="2309"
                         VPOS="521"
                         HPOS="974">
                  <String ID="string_region_1644474831969_1724l5"
                          HEIGHT="171"
                          WIDTH="2309"
                          VPOS="521"
                          HPOS="974"
                          CONTENT="was niet noodigh te schrijven als ue soo gepresseert waert ick al te"/>
               </TextLine>
               <TextLine ID="region_1644474831969_1724l6"
                         BASELINE="1002,748 1116,750 1230,750 1344,750 1458,750 1572,749 1686,748 1800,746 1914,744 2028,742 2143,740 2257,737 2371,734 2485,730 2599,726 2713,722 2827,716 2941,710 3055,705 3169,698 3284,692"
                         HEIGHT="193"
                         WIDTH="2317"
                         VPOS="590"
                         HPOS="984">
                  <String ID="string_region_1644474831969_1724l6"
                          HEIGHT="193"
                          WIDTH="2317"
                          VPOS="590"
                          HPOS="984"
                          CONTENT="veel te betalen de cassen blijven moet duren, alser niet inne compt"/>
               </TextLine>
               <TextLine ID="region_1644474831969_1724l7"
                         BASELINE="996,854 1093,854 1191,854 1289,852 1387,852 1485,852 1583,850 1681,849 1779,848 1877,846 1975,844 2072,840 2170,838 2268,835 2366,830 2464,826 2562,822 2660,817 2758,810 2856,804 2954,798"
                         HEIGHT="199"
                         WIDTH="1990"
                         VPOS="718"
                         HPOS="979">
                  <String ID="string_region_1644474831969_1724l7"
                          HEIGHT="199"
                          WIDTH="1990"
                          VPOS="718"
                          HPOS="979"
                          CONTENT="het is mij leedt waer mede naer cordiale groetenisse blijve"/>
               </TextLine>
               <TextLine ID="region_1644474831969_1724l8"
                         BASELINE="2746,910 2771,906 2797,903 2823,900 2849,897 2875,895 2901,893 2927,891 2952,890 2978,889 3004,888 3030,887 3056,886 3082,885 3108,882 3134,880"
                         HEIGHT="212"
                         WIDTH="429"
                         VPOS="762"
                         HPOS="2725">
                  <String ID="string_region_1644474831969_1724l8"
                          HEIGHT="212"
                          WIDTH="429"
                          VPOS="762"
                          HPOS="2725"
                          CONTENT="Adij 28 d"/>
               </TextLine>
               <TextLine ID="region_1644474831969_1724l9"
                         BASELINE="848,972 897,971 946,968 995,968 1045,966 1094,964 1143,964 1193,964 1242,962 1291,962 1341,962 1390,962 1439,962 1488,962 1538,962 1587,960 1636,960 1686,960 1735,960 1784,958 1834,956"
                         HEIGHT="165"
                         WIDTH="1020"
                         VPOS="854"
                         HPOS="830">
                  <String ID="string_region_1644474831969_1724l9"
                          HEIGHT="165"
                          WIDTH="1020"
                          VPOS="854"
                          HPOS="830"
                          CONTENT="London tebecca hamitton &amp; cooste"/>
               </TextLine>
               <TextLine ID="region_1644474831969_1724l10"
                         BASELINE="1026,1058 1140,1058 1255,1058 1370,1056 1485,1056 1600,1054 1714,1052 1829,1050 1944,1048 2059,1046 2174,1044 2288,1040 2403,1036 2518,1034 2633,1030 2748,1028 2862,1024 2977,1020 3092,1018 3207,1014 3322,1012"
                         HEIGHT="161"
                         WIDTH="2327"
                         VPOS="961"
                         HPOS="1011">
                  <String ID="string_region_1644474831969_1724l10"
                          HEIGHT="161"
                          WIDTH="2327"
                          VPOS="961"
                          HPOS="1011"
                          CONTENT="op 14 deser was aen ue mijnen laetten, waer aen mij gedrage sedert geene van ul"/>
               </TextLine>
               <TextLine ID="region_1644474831969_1724l11"
                         BASELINE="1002,1152 1118,1152 1234,1152 1350,1152 1466,1150 1582,1150 1698,1148 1814,1146 1930,1143 2046,1141 2162,1138 2278,1134 2394,1131 2510,1128 2626,1124 2742,1120 2858,1115 2974,1111 3090,1108 3206,1103 3322,1098"
                         HEIGHT="143"
                         WIDTH="2351"
                         VPOS="1045"
                         HPOS="985">
                  <String ID="string_region_1644474831969_1724l11"
                          HEIGHT="143"
                          WIDTH="2351"
                          VPOS="1045"
                          HPOS="985"
                          CONTENT="ontfanghen, desen tot geleyde van dingeslotene facture &amp; eognossement van eene"/>
               </TextLine>
               <TextLine ID="region_1644474831969_1724l12"
                         BASELINE="1010,1248 1126,1248 1242,1250 1358,1248 1474,1248 1591,1246 1707,1245 1823,1242 1939,1240 2055,1237 2172,1234 2288,1230 2404,1228 2520,1224 2636,1221 2753,1218 2869,1216 2985,1212 3101,1210 3217,1208 3334,1208"
                         HEIGHT="117"
                         WIDTH="2355"
                         VPOS="1165"
                         HPOS="992">
                  <String ID="string_region_1644474831969_1724l12"
                          HEIGHT="117"
                          WIDTH="2355"
                          VPOS="1165"
                          HPOS="992"
                          CONTENT="bale N.15 inhoudende 91 ps. tyken monterende in wisselgelde ƒ 1103:6. sijn de geladen"/>
               </TextLine>
               <TextLine ID="region_1644474831969_1724l13"
                         BASELINE="1014,1342 1128,1342 1242,1344 1356,1342 1470,1342 1584,1342 1698,1340 1812,1338 1926,1336 2040,1334 2154,1332 2268,1329 2382,1326 2496,1324 2610,1320 2724,1318 2838,1316 2952,1312 3066,1310 3180,1308 3294,1304"
                         HEIGHT="112"
                         WIDTH="2313"
                         VPOS="1258"
                         HPOS="996">
                  <String ID="string_region_1644474831969_1724l13"
                          HEIGHT="112"
                          WIDTH="2313"
                          VPOS="1258"
                          HPOS="996"
                          CONTENT="int schip van Lucas strobant die voor nu a cosey al sal sijn gearriveert is den"/>
               </TextLine>
               <TextLine ID="region_1644474831969_1724l14"
                         BASELINE="1002,1438 1103,1438 1205,1436 1307,1436 1409,1434 1511,1434 1612,1434 1714,1432 1816,1431 1918,1430 2020,1428 2121,1426 2223,1424 2325,1422 2427,1420 2529,1416 2630,1414 2732,1410 2834,1406 2936,1400 3038,1396"
                         HEIGHT="141"
                         WIDTH="2067"
                         VPOS="1330"
                         HPOS="986">
                  <String ID="string_region_1644474831969_1724l14"
                          HEIGHT="141"
                          WIDTH="2067"
                          VPOS="1330"
                          HPOS="986"
                          CONTENT="24ten: deser met eenen seer favorablen wint van brugge vertrocken"/>
               </TextLine>
               <TextLine ID="region_1644474831969_1724l15"
                         BASELINE="1014,1530 1130,1532 1246,1532 1362,1534 1478,1534 1594,1532 1710,1532 1826,1530 1942,1528 2058,1526 2174,1522 2290,1520 2406,1516 2522,1513 2638,1509 2754,1506 2870,1501 2986,1498 3102,1494 3218,1490 3334,1486"
                         HEIGHT="132"
                         WIDTH="2349"
                         VPOS="1437"
                         HPOS="998">
                  <String ID="string_region_1644474831969_1724l15"
                          HEIGHT="132"
                          WIDTH="2349"
                          VPOS="1437"
                          HPOS="998"
                          CONTENT="hebbe maer 18ps schoentijk en blouw &amp; wit connen becomen om dat die van e voren"/>
               </TextLine>
               <TextLine ID="region_1644474831969_1724l16"
                         BASELINE="1010,1628 1125,1630 1241,1632 1357,1634 1473,1634 1589,1633 1704,1632 1820,1630 1936,1628 2052,1626 2168,1622 2283,1620 2399,1616 2515,1612 2631,1608 2747,1604 2862,1600 2978,1596 3094,1592 3210,1588 3326,1584"
                         HEIGHT="166"
                         WIDTH="2350"
                         VPOS="1514"
                         HPOS="993">
                  <String ID="string_region_1644474831969_1724l16"
                          HEIGHT="166"
                          WIDTH="2350"
                          VPOS="1514"
                          HPOS="993"
                          CONTENT="niet geordonneert waren, hebbe de cetterende van ue ordre doen masen als ul: tyten"/>
               </TextLine>
               <TextLine ID="region_1644474831969_1724l17"
                         BASELINE="1026,1728 1140,1730 1255,1732 1369,1732 1484,1732 1599,1732 1713,1730 1828,1728 1942,1726 2057,1722 2172,1719 2286,1716 2401,1712 2515,1708 2630,1704 2745,1701 2859,1698 2974,1694 3088,1691 3203,1688 3318,1684"
                         HEIGHT="175"
                         WIDTH="2326"
                         VPOS="1592"
                         HPOS="1008">
                  <String ID="string_region_1644474831969_1724l17"
                          HEIGHT="175"
                          WIDTH="2326"
                          VPOS="1592"
                          HPOS="1008"
                          CONTENT="van differente couleuren hebben moet dan n oete daer langen tijt toe hebben, om die "/>
               </TextLine>
               <TextLine ID="region_1644474831969_1724l18"
                         BASELINE="1010,1822 1122,1824 1234,1826 1347,1826 1459,1828 1572,1826 1684,1826 1796,1824 1909,1822 2021,1820 2134,1818 2246,1814 2358,1811 2471,1806 2583,1803 2696,1798 2808,1793 2920,1788 3033,1783 3145,1778 3258,1772"
                         HEIGHT="195"
                         WIDTH="2280"
                         VPOS="1690"
                         HPOS="994">
                  <String ID="string_region_1644474831969_1724l18"
                          HEIGHT="195"
                          WIDTH="2280"
                          VPOS="1690"
                          HPOS="994"
                          CONTENT="te laten maken, daeron laet mij weeten, wat couleuren hebben wilt van de"/>
               </TextLine>
               <TextLine ID="region_1644474831969_1724l19"
                         BASELINE="1002,1912 1112,1916 1223,1918 1334,1920 1445,1922 1556,1921 1666,1920 1777,1920 1888,1918 1999,1915 2110,1912 2220,1909 2331,1905 2442,1902 2553,1898 2664,1893 2774,1890 2885,1884 2996,1880 3107,1876 3218,1872"
                         HEIGHT="138"
                         WIDTH="2245"
                         VPOS="1805"
                         HPOS="986">
                  <String ID="string_region_1644474831969_1724l19"
                          HEIGHT="138"
                          WIDTH="2245"
                          VPOS="1805"
                          HPOS="986"
                          CONTENT="het tijken, can ue altijt aenstonts bedienen, om dat die op voorraet genoech"/>
               </TextLine>
               <TextLine ID="region_1644474831969_1724l20"
                         BASELINE="1018,2020 1127,2020 1236,2018 1346,2018 1455,2018 1565,2018 1674,2016 1783,2016 1893,2014 2002,2012 2112,2010 2221,2008 2330,2004 2440,2002 2549,1998 2659,1994 2768,1989 2877,1984 2987,1978 3096,1973 3206,1966"
                         HEIGHT="203"
                         WIDTH="2219"
                         VPOS="1894"
                         HPOS="1003">
                  <String ID="string_region_1644474831969_1724l20"
                          HEIGHT="203"
                          WIDTH="2219"
                          VPOS="1894"
                          HPOS="1003"
                          CONTENT="gemaeckt worden, iets voorders van ue dinte gelieve te comanderen die naer"/>
               </TextLine>
               <TextLine ID="region_1644474831969_1724l21"
                         BASELINE="2786,2120 2811,2118 2836,2115 2861,2112 2886,2110 2911,2110 2936,2108 2961,2107 2986,2106 3011,2106 3036,2104 3061,2104 3086,2104 3111,2103 3136,2102 3162,2100"
                         HEIGHT="151"
                         WIDTH="411"
                         VPOS="2003"
                         HPOS="2767">
                  <String ID="string_region_1644474831969_1724l21"
                          HEIGHT="151"
                          WIDTH="411"
                          VPOS="2003"
                          HPOS="2767"
                          CONTENT="Adij 28d."/>
               </TextLine>
               <TextLine ID="region_1644474831969_1724l22"
                         BASELINE="1014,2118 1066,2118 1118,2116 1170,2116 1222,2116 1275,2116 1327,2116 1379,2118 1431,2118 1483,2118 1536,2118 1588,2118 1640,2118 1692,2118 1744,2116 1797,2116 1849,2114 1901,2112 1953,2109 2005,2106 2058,2102"
                         HEIGHT="156"
                         WIDTH="1074"
                         VPOS="2019"
                         HPOS="999">
                  <String ID="string_region_1644474831969_1724l22"
                          HEIGHT="156"
                          WIDTH="1074"
                          VPOS="2019"
                          HPOS="999"
                          CONTENT="seer privesame groetenisse blijve"/>
               </TextLine>
               <TextLine ID="region_1644474831969_1724l23"
                         BASELINE="868,2236 912,2232 956,2230 1000,2227 1044,2226 1088,2224 1132,2222 1176,2222 1220,2221 1264,2220 1308,2220 1352,2220 1396,2220 1440,2220 1484,2218 1528,2218 1572,2218 1616,2217 1660,2216 1704,2214 1748,2212"
                         HEIGHT="174"
                         WIDTH="910"
                         VPOS="2124"
                         HPOS="852">
                  <String ID="string_region_1644474831969_1724l23"
                          HEIGHT="174"
                          WIDTH="910"
                          VPOS="2124"
                          HPOS="852"
                          CONTENT="London John Schoppons &amp; Edwards"/>
               </TextLine>
               <TextLine ID="region_1644474831969_1724l24"
                         BASELINE="1034,2324 1147,2324 1261,2324 1375,2324 1488,2322 1602,2322 1716,2320 1829,2318 1943,2316 2057,2312 2171,2310 2284,2306 2398,2302 2512,2296 2625,2292 2739,2286 2853,2281 2966,2273 3080,2265 3194,2258 3308,2250"
                         HEIGHT="180"
                         WIDTH="2303"
                         VPOS="2214"
                         HPOS="1018">
                  <String ID="string_region_1644474831969_1724l24"
                          HEIGHT="180"
                          WIDTH="2303"
                          VPOS="2214"
                          HPOS="1018"
                          CONTENT="ue aengeneme van 15 julij laest op sijn tijt wel ontfanghen met advies, dat mijne"/>
               </TextLine>
               <TextLine ID="region_1644474831969_1724l25"
                         BASELINE="1034,2428 1142,2428 1251,2428 1360,2427 1469,2426 1578,2424 1686,2422 1795,2419 1904,2416 2013,2413 2122,2410 2230,2405 2339,2401 2448,2396 2557,2390 2666,2386 2774,2379 2883,2374 2992,2366 3101,2359 3210,2352"
                         HEIGHT="160"
                         WIDTH="2210"
                         VPOS="2304"
                         HPOS="1018">
                  <String ID="string_region_1644474831969_1724l25"
                          HEIGHT="160"
                          WIDTH="2210"
                          VPOS="2304"
                          HPOS="1018"
                          CONTENT="remises voors £400:- in 3 brieven ue wel geworden waren, niet twijfelende"/>
               </TextLine>
               <TextLine ID="region_1644474831969_1724l26"
                         BASELINE="1026,2528 1140,2526 1254,2526 1368,2524 1482,2522 1597,2520 1711,2516 1825,2514 1939,2510 2053,2506 2168,2502 2282,2497 2396,2492 2510,2487 2624,2480 2739,2473 2853,2467 2967,2461 3081,2452 3195,2445 3310,2436"
                         HEIGHT="191"
                         WIDTH="2317"
                         VPOS="2377"
                         HPOS="1008">
                  <String ID="string_region_1644474831969_1724l26"
                          HEIGHT="191"
                          WIDTH="2317"
                          VPOS="2377"
                          HPOS="1008"
                          CONTENT="oft sijn en de gepasseerde maendt voldaen, de wissel is ongeloofelijck verandert soo"/>
               </TextLine>
               <TextLine ID="region_1644474831969_1724l27"
                         BASELINE="992,2630 1107,2628 1222,2626 1337,2623 1453,2620 1568,2618 1683,2614 1799,2611 1914,2607 2029,2604 2145,2600 2260,2596 2375,2590 2490,2586 2606,2581 2721,2574 2836,2569 2952,2562 3067,2555 3182,2548 3298,2540"
                         HEIGHT="249"
                         WIDTH="2341"
                         VPOS="2440"
                         HPOS="973">
                  <String ID="string_region_1644474831969_1724l27"
                          HEIGHT="249"
                          WIDTH="2341"
                          VPOS="2440"
                          HPOS="973"
                          CONTENT="danigh dat geen cans sien, om retouven te connen hebben, &amp; den intrest a 3 p"/>
               </TextLine>
               <TextLine ID="region_1644474831969_1724l28"
                         BASELINE="1034,2720 1148,2720 1263,2720 1377,2718 1492,2716 1607,2714 1721,2712 1836,2708 1950,2705 2065,2702 2180,2696 2294,2693 2409,2688 2523,2682 2638,2677 2753,2671 2867,2666 2982,2660 3096,2654 3211,2648 3326,2642"
                         HEIGHT="223"
                         WIDTH="2326"
                         VPOS="2568"
                         HPOS="1018">
                  <String ID="string_region_1644474831969_1724l28"
                          HEIGHT="223"
                          WIDTH="2326"
                          VPOS="2568"
                          HPOS="1018"
                          CONTENT="anneer is seer clijn, dheerdaniel hays doed 5 pt goedt &amp; weete van mad: broecke man"/>
               </TextLine>
               <TextLine ID="region_1644474831969_1724l29"
                         BASELINE="994,2828 1108,2826 1223,2824 1338,2822 1453,2820 1568,2816 1682,2814 1797,2811 1912,2808 2027,2803 2142,2799 2256,2794 2371,2790 2486,2784 2601,2778 2716,2771 2830,2765 2945,2758 3060,2750 3175,2742 3290,2732"
                         HEIGHT="192"
                         WIDTH="2334"
                         VPOS="2701"
                         HPOS="975">
                  <String ID="string_region_1644474831969_1724l29"
                          HEIGHT="192"
                          WIDTH="2334"
                          VPOS="2701"
                          HPOS="975"
                          CONTENT="dat ue voor nare eenige penningen hebt geimployeert a 5 t soo ue dat"/>
               </TextLine>
               <TextLine ID="region_1644474831969_1724l30"
                         BASELINE="1050,2926 1160,2924 1270,2922 1380,2921 1490,2918 1601,2916 1711,2914 1821,2910 1931,2907 2041,2904 2152,2900 2262,2896 2372,2891 2482,2886 2592,2881 2703,2877 2813,2870 2923,2865 3033,2858 3143,2850 3254,2844"
                         HEIGHT="165"
                         WIDTH="2235"
                         VPOS="2803"
                         HPOS="1033">
                  <String ID="string_region_1644474831969_1724l30"
                          HEIGHT="165"
                          WIDTH="2235"
                          VPOS="2803"
                          HPOS="1033"
                          CONTENT="employ goedt keurt versoecke mijne penniecgen daer oock aen te leggen"/>
               </TextLine>
               <TextLine ID="region_1644474831969_1724l31"
                         BASELINE="1032,3024 1146,3022 1261,3020 1375,3018 1490,3016 1604,3014 1719,3010 1833,3007 1948,3004 2062,3000 2177,2996 2291,2992 2406,2986 2520,2980 2635,2975 2749,2970 2864,2962 2978,2955 3093,2948 3207,2940 3322,2932"
                         HEIGHT="205"
                         WIDTH="2324"
                         VPOS="2862"
                         HPOS="1013">
                  <String ID="string_region_1644474831969_1724l31"
                          HEIGHT="205"
                          WIDTH="2324"
                          VPOS="2862"
                          HPOS="1013"
                          CONTENT="de actuhandelaers sullen dapper geschoren sijn, oock de subsobeerders van de"/>
               </TextLine>
               <TextLine ID="region_1644474831969_1724l32"
                         BASELINE="1038,3124 1147,3119 1257,3116 1366,3112 1476,3110 1586,3107 1695,3104 1805,3102 1914,3099 2024,3096 2134,3092 2243,3090 2353,3086 2462,3082 2572,3076 2682,3072 2791,3066 2901,3058 3010,3051 3120,3043 3230,3034"
                         HEIGHT="188"
                         WIDTH="2221"
                         VPOS="2982"
                         HPOS="1022">
                  <String ID="string_region_1644474831969_1724l32"
                          HEIGHT="188"
                          WIDTH="2221"
                          VPOS="2982"
                          HPOS="1022"
                          CONTENT="annuityten in de luyte comp. hebbe een partije ammitijten, doch noyt"/>
               </TextLine>
               <TextLine ID="region_1644474831969_1724l33"
                         BASELINE="1042,3220 1153,3216 1264,3212 1375,3209 1486,3206 1598,3203 1709,3200 1820,3197 1931,3194 2042,3190 2154,3188 2265,3184 2376,3180 2487,3175 2598,3170 2710,3165 2821,3160 2932,3154 3043,3145 3154,3138 3266,3130"
                         HEIGHT="230"
                         WIDTH="2258"
                         VPOS="3071"
                         HPOS="1024">
                  <String ID="string_region_1644474831969_1724l33"
                          HEIGHT="230"
                          WIDTH="2258"
                          VPOS="3071"
                          HPOS="1024"
                          CONTENT="spiculatie gehadt om in te laten schrijven, alhoewel dat de aetien van"/>
               </TextLine>
               <TextLine ID="region_1644474831969_1724l34"
                         BASELINE="1054,3314 1167,3314 1281,3311 1394,3309 1508,3306 1622,3304 1735,3300 1849,3297 1962,3293 2076,3290 2190,3286 2303,3282 2417,3277 2530,3273 2644,3268 2758,3264 2871,3258 2985,3252 3098,3246 3212,3241 3326,3234"
                         HEIGHT="196"
                         WIDTH="2304"
                         VPOS="3155"
                         HPOS="1038">
                  <String ID="string_region_1644474831969_1724l34"
                          HEIGHT="196"
                          WIDTH="2304"
                          VPOS="3155"
                          HPOS="1038"
                          CONTENT="engelandt den fransen missisippij volgen, wille niet dencken, dat de direceur"/>
               </TextLine>
               <TextLine ID="region_1644474831969_1724l35"
                         BASELINE="1058,3404 1167,3406 1276,3408 1386,3408 1495,3408 1605,3406 1714,3404 1823,3402 1933,3398 2042,3394 2152,3390 2261,3386 2370,3381 2480,3376 2589,3370 2699,3365 2808,3358 2917,3350 3027,3345 3136,3337 3246,3330"
                         HEIGHT="183"
                         WIDTH="2223"
                         VPOS="3262"
                         HPOS="1040">
                  <String ID="string_region_1644474831969_1724l35"
                          HEIGHT="183"
                          WIDTH="2223"
                          VPOS="3262"
                          HPOS="1040"
                          CONTENT="van de Luytzeacomp. pouvoir hebben, om de annuityt hebbers te devingen,"/>
               </TextLine>
               <TextLine ID="region_1644474831969_1724l36"
                         BASELINE="1060,3516 1169,3514 1278,3512 1387,3509 1496,3506 1605,3504 1714,3501 1823,3498 1932,3494 2041,3490 2150,3486 2259,3482 2368,3477 2477,3473 2586,3468 2695,3461 2804,3456 2913,3450 3022,3443 3131,3436 3240,3428"
                         HEIGHT="191"
                         WIDTH="2209"
                         VPOS="3377"
                         HPOS="1043">
                  <String ID="string_region_1644474831969_1724l36"
                          HEIGHT="191"
                          WIDTH="2209"
                          VPOS="3377"
                          HPOS="1043"
                          CONTENT="alleenelijck dat sij die mogen rembousseren 100 voor 100. uk: opinie hier"/>
               </TextLine>
               <TextLine ID="region_1644474831969_1724l37"
                         BASELINE="1076,3620 1176,3618 1277,3616 1378,3612 1479,3610 1580,3608 1680,3605 1781,3602 1882,3598 1983,3594 2084,3590 2184,3586 2285,3582 2386,3578 2487,3572 2588,3567 2688,3561 2789,3557 2890,3551 2991,3544 3092,3538"
                         HEIGHT="180"
                         WIDTH="2048"
                         VPOS="3481"
                         HPOS="1060">
                  <String ID="string_region_1644474831969_1724l37"
                          HEIGHT="180"
                          WIDTH="2048"
                          VPOS="3481"
                          HPOS="1060"
                          CONTENT="ontrent, versoecke vrindelijck te adviseren, want het baert al wat"/>
               </TextLine>
               <TextLine ID="region_1644474831969_1724l38"
                         BASELINE="1066,3720 1178,3720 1290,3718 1403,3716 1515,3714 1628,3710 1740,3708 1852,3704 1965,3700 2077,3695 2190,3690 2302,3684 2414,3680 2527,3674 2639,3668 2752,3662 2864,3656 2976,3650 3089,3644 3201,3637 3314,3630"
                         HEIGHT="211"
                         WIDTH="2281"
                         VPOS="3572"
                         HPOS="1050">
                  <String ID="string_region_1644474831969_1724l38"
                          HEIGHT="211"
                          WIDTH="2281"
                          VPOS="3572"
                          HPOS="1050"
                          CONTENT="ongenestyt, ue missire te gemoet siende blijv naer seer vrindelijke groetenisse"/>
               </TextLine>
               <TextLine ID="region_1644474831969_1724l39"
                         BASELINE="2838,3752 2863,3750 2889,3748 2914,3748 2940,3746 2966,3746 2991,3744 3017,3744 3042,3744 3068,3744 3094,3744 3119,3744 3145,3743 3170,3742 3196,3742 3222,3742"
                         HEIGHT="135"
                         WIDTH="417"
                         VPOS="3644"
                         HPOS="2821">
                  <String ID="string_region_1644474831969_1724l39"
                          HEIGHT="135"
                          WIDTH="417"
                          VPOS="3644"
                          HPOS="2821"
                          CONTENT="Adij 28d."/>
               </TextLine>
               <TextLine ID="region_1644474831969_1724l40"
                         BASELINE="928,3828 957,3826 986,3825 1016,3824 1045,3822 1075,3821 1104,3820 1133,3820 1163,3818 1192,3816 1222,3816 1251,3814 1280,3813 1310,3812 1339,3812 1369,3810 1398,3808 1427,3808 1457,3806 1486,3806 1516,3804"
                         HEIGHT="152"
                         WIDTH="624"
                         VPOS="3745"
                         HPOS="909">
                  <String ID="string_region_1644474831969_1724l40"
                          HEIGHT="152"
                          WIDTH="624"
                          VPOS="3745"
                          HPOS="909"
                          CONTENT="London george Virgee"/>
               </TextLine>
               <TextLine ID="region_1644474831969_1724l41"
                         BASELINE="1062,3906 1175,3902 1289,3898 1403,3894 1516,3890 1630,3886 1744,3882 1857,3878 1971,3874 2085,3870 2199,3866 2312,3862 2426,3859 2540,3856 2653,3854 2767,3852 2881,3850 2994,3848 3108,3846 3222,3846 3336,3846"
                         HEIGHT="158"
                         WIDTH="2303"
                         VPOS="3763"
                         HPOS="1045">
                  <String ID="string_region_1644474831969_1724l41"
                          HEIGHT="158"
                          WIDTH="2303"
                          VPOS="3763"
                          HPOS="1045"
                          CONTENT="sedert mijnen laesten van 11 meij, d'eere, niet gehadt eenige van ue missive te becomen"/>
               </TextLine>
               <TextLine ID="region_1644474831969_1724l42"
                         BASELINE="1066,3988 1179,3986 1292,3984 1405,3982 1518,3978 1632,3976 1745,3974 1858,3970 1971,3967 2084,3963 2198,3960 2311,3956 2424,3954 2537,3950 2650,3948 2764,3944 2877,3942 2990,3938 3103,3936 3216,3933 3330,3930"
                         HEIGHT="172"
                         WIDTH="2299"
                         VPOS="3839"
                         HPOS="1047">
                  <String ID="string_region_1644474831969_1724l42"
                          HEIGHT="172"
                          WIDTH="2299"
                          VPOS="3839"
                          HPOS="1047"
                          CONTENT="dat aen de sleghte negotie attribuere, cole enckielijckx met desen ul: andermael mijn"/>
               </TextLine>
               <TextLine ID="region_1644474831969_1724l43"
                         BASELINE="1074,4080 1186,4076 1299,4074 1412,4070 1525,4068 1638,4066 1750,4064 1863,4062 1976,4060 2089,4057 2202,4054 2314,4052 2427,4048 2540,4046 2653,4041 2766,4038 2878,4032 2991,4028 3104,4020 3217,4014 3330,4006"
                         HEIGHT="189"
                         WIDTH="2286"
                         VPOS="3943"
                         HPOS="1059">
                  <String ID="string_region_1644474831969_1724l43"
                          HEIGHT="189"
                          WIDTH="2286"
                          VPOS="3943"
                          HPOS="1059"
                          CONTENT="dienst offereren tot incoop van eenige tijtten, oft in andere voorvallen, hope niet dat"/>
               </TextLine>
               <TextLine ID="region_1644474831969_1724l44"
                         BASELINE="1068,4166 1179,4164 1290,4162 1401,4160 1513,4158 1624,4156 1735,4155 1847,4154 1958,4150 2069,4148 2181,4146 2292,4143 2403,4140 2514,4136 2626,4132 2737,4127 2848,4122 2960,4116 3071,4108 3182,4102 3294,4094"
                         HEIGHT="149"
                         WIDTH="2258"
                         VPOS="4031"
                         HPOS="1051">
                  <String ID="string_region_1644474831969_1724l44"
                          HEIGHT="149"
                          WIDTH="2258"
                          VPOS="4031"
                          HPOS="1051"
                          CONTENT="ue: eenige misoeginge hebbe gegeven, om ue comissien te wederhouden, want"/>
               </TextLine>
               <TextLine ID="region_1644474831969_1724l45"
                         BASELINE="1074,4256 1187,4254 1300,4252 1413,4250 1526,4248 1640,4246 1753,4244 1866,4242 1979,4239 2092,4236 2206,4233 2319,4230 2432,4226 2545,4221 2658,4216 2772,4210 2885,4205 2998,4198 3111,4191 3224,4182 3338,4174"
                         HEIGHT="157"
                         WIDTH="2299"
                         VPOS="4138"
                         HPOS="1056">
                  <String ID="string_region_1644474831969_1724l45"
                          HEIGHT="157"
                          WIDTH="2299"
                          VPOS="4138"
                          HPOS="1056"
                          CONTENT="hebbe altijt mij ujt cotte devoiren gedaen, om ue: wel te bediene, van het beste"/>
               </TextLine>
               <TextLine ID="region_1644474831969_1724l46"
                         BASELINE="1070,4346 1183,4343 1296,4342 1410,4339 1523,4336 1637,4334 1750,4332 1863,4330 1977,4326 2090,4324 2204,4320 2317,4316 2430,4314 2544,4309 2657,4304 2771,4300 2884,4296 2997,4290 3111,4284 3224,4277 3338,4272"
                         HEIGHT="197"
                         WIDTH="2299"
                         VPOS="4216"
                         HPOS="1053">
                  <String ID="string_region_1644474831969_1724l46"
                          HEIGHT="197"
                          WIDTH="2299"
                          VPOS="4216"
                          HPOS="1053"
                          CONTENT="goedt &amp; uf. int rest behertight als voor eijgen niets soude my aengenamer sijn,"/>
               </TextLine>
               <TextLine ID="region_1644474831969_1724l47"
                         BASELINE="1082,4426 1192,4426 1302,4424 1412,4422 1522,4420 1633,4418 1743,4416 1853,4414 1963,4412 2073,4408 2184,4405 2294,4402 2404,4398 2514,4395 2624,4390 2735,4386 2845,4382 2955,4376 3065,4372 3175,4369 3286,4362"
                         HEIGHT="171"
                         WIDTH="2236"
                         VPOS="4284"
                         HPOS="1065">
                  <String ID="string_region_1644474831969_1724l47"
                          HEIGHT="171"
                          WIDTH="2236"
                          VPOS="4284"
                          HPOS="1065"
                          CONTENT="als het geluck te mogen hebben ul te bedienen, mij in ue. geinste heatelijck"/>
               </TextLine>
               <TextLine ID="region_1644474831969_1724l48"
                         BASELINE="1076,4516 1160,4512 1245,4510 1330,4508 1415,4506 1500,4504 1585,4502 1670,4500 1755,4500 1840,4498 1925,4496 2009,4494 2094,4492 2179,4490 2264,4488 2349,4486 2434,4483 2519,4480 2604,4475 2689,4472 2774,4466"
                         HEIGHT="119"
                         WIDTH="1729"
                         VPOS="4398"
                         HPOS="1060">
                  <String ID="string_region_1644474831969_1724l48"
                          HEIGHT="119"
                          WIDTH="1729"
                          VPOS="4398"
                          HPOS="1060"
                          CONTENT="recomanderende blijve naer seer minsame groetenisse"/>
               </TextLine>
            </TextBlock>
            <TextBlock ID="region_1644474837570_1727"
                       HEIGHT="4113"
                       WIDTH="2686"
                       VPOS="162"
                       HPOS="3369">
               <Shape>
                  <Polygon POINTS="3369,162 6055,162 6055,4275 3369,4275"/>
               </Shape>
               <TextLine ID="region_1644474837570_1727l1"
                         BASELINE="5338,260 5368,260 5399,260 5430,260 5461,260 5492,260 5522,260 5553,258 5584,258 5615,258 5646,258 5676,258 5707,258 5738,257 5769,256 5800,255 5830,254 5861,252 5892,249 5923,247 5954,244"
                         HEIGHT="144"
                         WIDTH="650"
                         VPOS="179"
                         HPOS="5321">
                  <String ID="string_region_1644474837570_1727l1"
                          HEIGHT="144"
                          WIDTH="650"
                          VPOS="179"
                          HPOS="5321"
                          CONTENT="Adij 29 sber 1720d"/>
               </TextLine>
               <TextLine ID="region_1644474837570_1727l2"
                         BASELINE="3418,328 3460,322 3503,317 3546,314 3589,308 3632,306 3674,302 3717,301 3760,298 3803,297 3846,296 3888,294 3931,294 3974,292 4017,292 4060,292 4102,292 4145,292 4188,291 4231,290 4274,290"
                         HEIGHT="160"
                         WIDTH="890"
                         VPOS="223"
                         HPOS="3401">
                  <String ID="string_region_1644474837570_1727l2"
                          HEIGHT="160"
                          WIDTH="890"
                          VPOS="223"
                          HPOS="3401"
                          CONTENT="Brugge Laurenca Van ventergen"/>
               </TextLine>
               <TextLine ID="region_1644474837570_1727l3"
                         BASELINE="3550,394 3670,388 3791,383 3911,378 4032,374 4153,370 4273,368 4394,366 4514,364 4635,362 4756,362 4876,360 4997,360 5117,360 5238,358 5359,358 5479,358 5600,356 5720,356 5841,354 5962,354"
                         HEIGHT="205"
                         WIDTH="2440"
                         VPOS="246"
                         HPOS="3535">
                  <String ID="string_region_1644474837570_1727l3"
                          HEIGHT="205"
                          WIDTH="2440"
                          VPOS="246"
                          HPOS="3535"
                          CONTENT="ue aengename van 22 &amp; 24 deser wel ontfanghe met den eertten de oncost rek"/>
               </TextLine>
               <TextLine ID="region_1644474837570_1727l4"
                         BASELINE="3562,482 3682,474 3802,468 3922,464 4042,460 4162,456 4282,454 4402,452 4522,451 4642,450 4762,448 4882,448 5002,448 5122,446 5242,446 5362,444 5482,444 5602,441 5722,438 5842,435 5962,430"
                         HEIGHT="126"
                         WIDTH="2432"
                         VPOS="371"
                         HPOS="3546">
                  <String ID="string_region_1644474837570_1727l4"
                          HEIGHT="126"
                          WIDTH="2432"
                          VPOS="371"
                          HPOS="3546"
                          CONTENT="van de twee packen perpet: die geeexamineert hebbe, &amp; fauteloos bevonden, bedraght"/>
               </TextLine>
               <TextLine ID="region_1644474837570_1727l5"
                         BASELINE="3554,574 3674,568 3795,562 3916,558 4037,554 4158,550 4278,548 4399,545 4520,542 4641,542 4762,540 4882,538 5003,536 5124,535 5245,534 5366,532 5486,530 5607,528 5728,524 5849,522 5970,518"
                         HEIGHT="123"
                         WIDTH="2446"
                         VPOS="470"
                         HPOS="3538">
                  <String ID="string_region_1644474837570_1727l5"
                          HEIGHT="123"
                          WIDTH="2446"
                          VPOS="470"
                          HPOS="3538"
                          CONTENT="maer £13:3:1en ƒ 78:18:6. wissel gelde, soo dat de selve ue hier benevens"/>
               </TextLine>
               <TextLine ID="region_1644474837570_1727l6"
                         BASELINE="3528,662 3650,657 3772,652 3894,648 4017,644 4139,642 4261,638 4384,637 4506,635 4628,634 4751,632 4873,630 4995,628 5117,627 5240,624 5362,622 5484,620 5607,617 5729,614 5851,609 5974,604"
                         HEIGHT="169"
                         WIDTH="2478"
                         VPOS="531"
                         HPOS="3512">
                  <String ID="string_region_1644474837570_1727l6"
                          HEIGHT="169"
                          WIDTH="2478"
                          VPOS="531"
                          HPOS="3512"
                          CONTENT="terigge sende versoeckende iattantelijckk een andere correcte te laten toecomen"/>
               </TextLine>
               <TextLine ID="region_1644474837570_1727l7"
                         BASELINE="3554,754 3665,752 3777,748 3889,744 4001,740 4113,738 4225,736 4337,733 4449,731 4561,729 4673,728 4784,726 4896,724 5008,722 5120,721 5232,720 5344,718 5456,716 5568,716 5680,714 5792,712"
                         HEIGHT="151"
                         WIDTH="2271"
                         VPOS="621"
                         HPOS="3537">
                  <String ID="string_region_1644474837570_1727l7"
                          HEIGHT="151"
                          WIDTH="2271"
                          VPOS="621"
                          HPOS="3537"
                          CONTENT="met den tweeden de oncosten opt pac tijssen bedragende in wisselgelde "/>
               </TextLine>
               <TextLine ID="region_1644474837570_1727l8"
                         BASELINE="3542,850 3635,848 3729,844 3822,842 3916,840 4009,838 4103,836 4196,834 4290,832 4383,832 4477,830 4570,828 4664,828 4757,826 4851,824 4944,822 5038,822 5131,820 5225,817 5318,814 5412,812"
                         HEIGHT="156"
                         WIDTH="1900"
                         VPOS="728"
                         HPOS="3527">
                  <String ID="string_region_1644474837570_1727l8"
                          HEIGHT="156"
                          WIDTH="1900"
                          VPOS="728"
                          HPOS="3527"
                          CONTENT="£2:11:3½ en waervooren ue in ƒ 15:7:9 is gecrediteert"/>
               </TextLine>
               <TextLine ID="region_1644474837570_1727l9"
                         BASELINE="3554,950 3671,944 3788,941 3905,938 4022,934 4140,932 4257,930 4374,928 4491,926 4608,924 4726,922 4843,921 4960,920 5077,918 5194,918 5312,916 5429,916 5546,914 5663,912 5780,912 5898,910"
                         HEIGHT="163"
                         WIDTH="2377"
                         VPOS="814"
                         HPOS="3538">
                  <String ID="string_region_1644474837570_1727l9"
                          HEIGHT="163"
                          WIDTH="2377"
                          VPOS="814"
                          HPOS="3538"
                          CONTENT="voordert hebbe ordre voor noch een pach tijken derhalven gelieve mij te"/>
               </TextLine>
               <TextLine ID="region_1644474837570_1727l10"
                         BASELINE="3546,1050 3665,1045 3784,1040 3904,1036 4023,1032 4143,1030 4262,1026 4381,1024 4501,1022 4620,1021 4740,1020 4859,1018 4978,1018 5098,1016 5217,1016 5337,1014 5456,1012 5575,1012 5695,1010 5814,1008 5934,1004"
                         HEIGHT="151"
                         WIDTH="2420"
                         VPOS="923"
                         HPOS="3531">
                  <String ID="string_region_1644474837570_1727l10"
                          HEIGHT="151"
                          WIDTH="2420"
                          VPOS="923"
                          HPOS="3531"
                          CONTENT="noteren, weet schip aen leght op london, &amp; u wat tijdt staedt te vertrecke dat"/>
               </TextLine>
               <TextLine ID="region_1644474837570_1727l11"
                         BASELINE="3538,1152 3655,1144 3772,1139 3889,1134 4006,1129 4123,1126 4240,1122 4357,1120 4474,1118 4591,1116 4709,1116 4826,1114 4943,1114 5060,1114 5177,1112 5294,1112 5411,1110 5528,1110 5645,1108 5762,1106 5880,1104"
                         HEIGHT="176"
                         WIDTH="2371"
                         VPOS="1044"
                         HPOS="3523">
                  <String ID="string_region_1644474837570_1727l11"
                          HEIGHT="176"
                          WIDTH="2371"
                          VPOS="1044"
                          HPOS="3523"
                          CONTENT="pack sal voor de naeste weeste niet connen gereedt sijn ue antwoordt"/>
               </TextLine>
               <TextLine ID="region_1644474837570_1727l12"
                         BASELINE="3548,1248 3615,1242 3682,1239 3749,1235 3816,1232 3883,1230 3950,1228 4017,1226 4084,1225 4151,1224 4219,1222 4286,1222 4353,1220 4420,1220 4487,1220 4554,1218 4621,1216 4688,1215 4755,1214 4822,1212 4890,1208"
                         HEIGHT="179"
                         WIDTH="1374"
                         VPOS="1132"
                         HPOS="3531">
                  <String ID="string_region_1644474837570_1727l12"
                          HEIGHT="179"
                          WIDTH="1374"
                          VPOS="1132"
                          HPOS="3531"
                          CONTENT="cito af wnghtende blijve naer groetenisse"/>
               </TextLine>
               <TextLine ID="region_1644474837570_1727l13"
                         BASELINE="5326,1284 5351,1282 5377,1280 5403,1280 5428,1280 5454,1278 5480,1280 5505,1280 5531,1280 5557,1282 5582,1282 5608,1283 5634,1284 5659,1285 5685,1286 5711,1286 5736,1287 5762,1288 5788,1288 5814,1288"
                         HEIGHT="163"
                         WIDTH="519"
                         VPOS="1167"
                         HPOS="5311">
                  <String ID="string_region_1644474837570_1727l13"
                          HEIGHT="163"
                          WIDTH="519"
                          VPOS="1167"
                          HPOS="5311"
                          CONTENT="Ady 30 d"/>
               </TextLine>
               <TextLine ID="region_1644474837570_1727l14"
                         BASELINE="3434,1378 3473,1376 3513,1375 3552,1372 3592,1370 3632,1368 3671,1367 3711,1365 3750,1364 3790,1362 3830,1361 3869,1360 3909,1358 3948,1358 3988,1356 4028,1356 4067,1356 4107,1354 4146,1354 4186,1354 4226,1354"
                         HEIGHT="152"
                         WIDTH="825"
                         VPOS="1273"
                         HPOS="3417">
                  <String ID="string_region_1644474837570_1727l14"
                          HEIGHT="152"
                          WIDTH="825"
                          VPOS="1273"
                          HPOS="3417"
                          CONTENT="Turnhouet gidius sanen"/>
               </TextLine>
               <TextLine ID="region_1644474837570_1727l15"
                         BASELINE="3552,1476 3674,1468 3796,1464 3918,1460 4040,1458 4162,1456 4284,1454 4406,1454 4528,1454 4650,1454 4773,1454 4895,1454 5017,1454 5139,1454 5261,1454 5383,1454 5505,1452 5627,1449 5749,1446 5871,1441 5994,1436"
                         HEIGHT="144"
                         WIDTH="2471"
                         VPOS="1358"
                         HPOS="3536">
                  <String ID="string_region_1644474837570_1727l15"
                          HEIGHT="144"
                          WIDTH="2471"
                          VPOS="1358"
                          HPOS="3536"
                          CONTENT="op 27 deser was aen ue mijne laesten waer aen mij gedrage desen om ue"/>
               </TextLine>
               <TextLine ID="region_1644474837570_1727l16"
                         BASELINE="3550,1582 3669,1574 3788,1567 3907,1562 4026,1558 4145,1556 4264,1554 4383,1552 4502,1552 4621,1552 4740,1552 4859,1552 4978,1552 5097,1552 5216,1552 5335,1550 5454,1548 5573,1546 5692,1542 5811,1538 5930,1530"
                         HEIGHT="111"
                         WIDTH="2412"
                         VPOS="1489"
                         HPOS="3533">
                  <String ID="string_region_1644474837570_1727l16"
                          HEIGHT="111"
                          WIDTH="2412"
                          VPOS="1489"
                          HPOS="3533"
                          CONTENT="te laten weeten dat ul op 100 stucken tijsen e gellt sande connen"/>
               </TextLine>
               <TextLine ID="region_1644474837570_1727l17"
                         BASELINE="3554,1682 3671,1676 3789,1670 3906,1665 4024,1662 4142,1658 4259,1656 4377,1654 4494,1654 4612,1652 4730,1652 4847,1650 4965,1650 5082,1650 5200,1648 5318,1647 5435,1646 5553,1644 5670,1641 5788,1638 5906,1634"
                         HEIGHT="147"
                         WIDTH="2383"
                         VPOS="1590"
                         HPOS="3538">
                  <String ID="string_region_1644474837570_1727l17"
                          HEIGHT="147"
                          WIDTH="2383"
                          VPOS="1590"
                          HPOS="3538"
                          CONTENT="fourairen, bij aldien ue dinst een doen gelieve cito te antwoorden"/>
               </TextLine>
               <TextLine ID="region_1644474837570_1727l18"
                         BASELINE="3562,1774 3683,1770 3805,1766 3926,1762 4048,1760 4170,1758 4291,1756 4413,1754 4534,1752 4656,1750 4778,1748 4899,1748 5021,1746 5142,1744 5264,1744 5386,1742 5507,1740 5629,1738 5750,1736 5872,1734 5994,1730"
                         HEIGHT="148"
                         WIDTH="2463"
                         VPOS="1646"
                         HPOS="3548">
                  <String ID="string_region_1644474837570_1727l18"
                          HEIGHT="148"
                          WIDTH="2463"
                          VPOS="1646"
                          HPOS="3548"
                          CONTENT="want soude anders van mijne peningn dispeneren waer mede blijve"/>
               </TextLine>
               <TextLine ID="region_1644474837570_1727l19"
                         BASELINE="3530,1896 3640,1887 3750,1879 3860,1872 3970,1868 4080,1862 4190,1860 4300,1857 4410,1856 4520,1854 4630,1854 4740,1852 4850,1852 4960,1852 5070,1851 5180,1850 5290,1848 5400,1846 5510,1844 5620,1840 5730,1836"
                         HEIGHT="159"
                         WIDTH="2232"
                         VPOS="1771"
                         HPOS="3513">
                  <String ID="string_region_1644474837570_1727l19"
                          HEIGHT="159"
                          WIDTH="2232"
                          VPOS="1771"
                          HPOS="3513"
                          CONTENT=" sal dan ordonneren de tijllen die mij het beste cagrnvenieren"/>
               </TextLine>
               <TextLine ID="region_1644474837570_1727l20"
                         BASELINE="5362,1938 5393,1936 5424,1934 5456,1934 5487,1933 5519,1932 5550,1932 5581,1932 5613,1932 5644,1932 5676,1932 5707,1932 5738,1932 5770,1932 5801,1932 5833,1930 5864,1930 5895,1930 5927,1928 5958,1926 5990,1924"
                         HEIGHT="155"
                         WIDTH="658"
                         VPOS="1844"
                         HPOS="5346">
                  <String ID="string_region_1644474837570_1727l20"
                          HEIGHT="155"
                          WIDTH="658"
                          VPOS="1844"
                          HPOS="5346"
                          CONTENT="Adij 4 8ber 1720"/>
               </TextLine>
               <TextLine ID="region_1644474837570_1727l21"
                         BASELINE="3442,2016 3474,2012 3506,2006 3538,2003 3570,1999 3602,1995 3634,1992 3666,1991 3698,1989 3730,1986 3763,1986 3795,1984 3827,1982 3859,1982 3891,1982 3923,1980 3955,1979 3987,1978 4019,1976 4051,1976 4084,1974"
                         HEIGHT="143"
                         WIDTH="677"
                         VPOS="1905"
                         HPOS="3423">
                  <String ID="string_region_1644474837570_1727l21"
                          HEIGHT="143"
                          WIDTH="677"
                          VPOS="1905"
                          HPOS="3423"
                          CONTENT="Mons francois Caniet"/>
               </TextLine>
               <TextLine ID="region_1644474837570_1727l22"
                         BASELINE="3552,2088 3671,2078 3790,2072 3909,2068 4029,2062 4148,2060 4267,2058 4387,2056 4506,2054 4625,2054 4745,2054 4864,2054 4983,2054 5102,2054 5222,2052 5341,2052 5460,2050 5580,2048 5699,2044 5818,2040 5938,2034"
                         HEIGHT="153"
                         WIDTH="2417"
                         VPOS="1939"
                         HPOS="3537">
                  <String ID="string_region_1644474837570_1727l22"
                          HEIGHT="153"
                          WIDTH="2417"
                          VPOS="1939"
                          HPOS="3537"
                          CONTENT="En suite a vre ordre du p courant, ie vous envoye deux belles ps. de "/>
               </TextLine>
               <TextLine ID="region_1644474837570_1727l23"
                         BASELINE="3572,2180 3691,2174 3810,2168 3929,2164 4049,2160 4168,2158 4287,2156 4407,2154 4526,2154 4645,2152 4765,2152 4884,2150 5003,2149 5122,2148 5242,2146 5361,2142 5480,2140 5600,2135 5719,2130 5838,2124 5958,2116"
                         HEIGHT="187"
                         WIDTH="2417"
                         VPOS="2057"
                         HPOS="3556">
                  <String ID="string_region_1644474837570_1727l23"
                          HEIGHT="187"
                          WIDTH="2417"
                          VPOS="2057"
                          HPOS="3556"
                          CONTENT="perpet: noires con une vous avez eu la derniere fois a ƒ 53:- ie n'en"/>
               </TextLine>
               <TextLine ID="region_1644474837570_1727l24"
                         BASELINE="3564,2276 3683,2268 3802,2262 3921,2258 4040,2254 4159,2250 4278,2248 4397,2246 4516,2246 4635,2244 4755,2242 4874,2242 4993,2240 5112,2240 5231,2238 5350,2236 5469,2232 5588,2228 5707,2224 5826,2218 5946,2212"
                         HEIGHT="212"
                         WIDTH="2414"
                         VPOS="2130"
                         HPOS="3547">
                  <String ID="string_region_1644474837570_1727l24"
                          HEIGHT="212"
                          WIDTH="2414"
                          VPOS="2130"
                          HPOS="3547"
                          CONTENT="aij point a ƒ50:- a ƒ51:- mais bien a ƒ48:- mais j'aij trouve bon"/>
               </TextLine>
               <TextLine ID="region_1644474837570_1727l25"
                         BASELINE="3572,2368 3692,2364 3813,2359 3934,2356 4054,2352 4175,2348 4296,2346 4416,2344 4537,2340 4658,2338 4779,2336 4899,2334 5020,2332 5141,2328 5261,2326 5382,2323 5503,2320 5623,2316 5744,2312 5865,2308 5986,2302"
                         HEIGHT="201"
                         WIDTH="2444"
                         VPOS="2231"
                         HPOS="3557">
                  <String ID="string_region_1644474837570_1727l25"
                          HEIGHT="201"
                          WIDTH="2444"
                          VPOS="2231"
                          HPOS="3557"
                          CONTENT="pour vous bien servir de vous envoyer des sortes, qui vous sont connue"/>
               </TextLine>
               <TextLine ID="region_1644474837570_1727l26"
                         BASELINE="3554,2472 3628,2467 3702,2464 3776,2460 3850,2456 3924,2454 3998,2450 4072,2448 4146,2446 4220,2445 4294,2444 4368,2442 4442,2440 4516,2439 4590,2438 4664,2436 4738,2434 4812,2432 4886,2430 4960,2428 5034,2424"
                         HEIGHT="172"
                         WIDTH="1512"
                         VPOS="2347"
                         HPOS="3537">
                  <String ID="string_region_1644474837570_1727l26"
                          HEIGHT="172"
                          WIDTH="1512"
                          VPOS="2347"
                          HPOS="3537"
                          CONTENT="il vous plaira me crediter comme en suite"/>
               </TextLine>
               <TextLine ID="region_1644474837570_1727l27"
                         BASELINE="3560,2572 3679,2566 3798,2562 3917,2558 4036,2554 4156,2550 4275,2548 4394,2544 4513,2542 4632,2540 4752,2538 4871,2536 4990,2534 5109,2532 5228,2532 5348,2530 5467,2528 5586,2526 5705,2524 5824,2521 5944,2518"
                         HEIGHT="190"
                         WIDTH="2417"
                         VPOS="2414"
                         HPOS="3543">
                  <String ID="string_region_1644474837570_1727l27"
                          HEIGHT="190"
                          WIDTH="2417"
                          VPOS="2414"
                          HPOS="3543"
                          CONTENT="le 18bre 1720 a 2 perpet. noires N.70..  ƒ52: - ƒ104:-"/>
               </TextLine>
               <TextLine ID="region_1644474837570_1727l28"
                         BASELINE="3560,2678 3676,2673 3792,2668 3908,2664 4024,2661 4140,2656 4256,2653 4372,2649 4488,2645 4604,2642 4720,2638 4836,2635 4952,2632 5068,2629 5184,2626 5300,2624 5416,2620 5532,2618 5648,2616 5764,2613 5880,2610"
                         HEIGHT="177"
                         WIDTH="2353"
                         VPOS="2524"
                         HPOS="3542">
                  <String ID="string_region_1644474837570_1727l28"
                          HEIGHT="177"
                          WIDTH="2353"
                          VPOS="2524"
                          HPOS="3542"
                          CONTENT="ie les mette a ƒ52:- pour vous donner plus du contentement, ils"/>
               </TextLine>
               <TextLine ID="region_1644474837570_1727l29"
                         BASELINE="3560,2776 3679,2769 3799,2762 3918,2758 4038,2754 4158,2750 4277,2745 4397,2742 4516,2739 4636,2736 4756,2734 4875,2731 4995,2728 5114,2726 5234,2722 5354,2720 5473,2717 5593,2714 5712,2710 5832,2705 5952,2700"
                         HEIGHT="208"
                         WIDTH="2426"
                         VPOS="2607"
                         HPOS="3542">
                  <String ID="string_region_1644474837570_1727l29"
                          HEIGHT="208"
                          WIDTH="2426"
                          VPOS="2607"
                          HPOS="3542"
                          CONTENT="ont bon auriage livre de 30 auries glantre 30½ ou ie vous puis"/>
               </TextLine>
               <TextLine ID="region_1644474837570_1727l30"
                         BASELINE="3562,2872 3682,2868 3803,2862 3923,2858 4044,2854 4165,2850 4285,2846 4406,2842 4526,2838 4647,2834 4768,2830 4888,2828 5009,2824 5129,2822 5250,2818 5371,2816 5491,2812 5612,2810 5732,2807 5853,2804 5974,2802"
                         HEIGHT="148"
                         WIDTH="2445"
                         VPOS="2758"
                         HPOS="3546">
                  <String ID="string_region_1644474837570_1727l30"
                          HEIGHT="148"
                          WIDTH="2445"
                          VPOS="2758"
                          HPOS="3546"
                          CONTENT="vrendre  service commande liberement, j'aij me belle partie"/>
               </TextLine>
               <TextLine ID="region_1644474837570_1727l31"
                         BASELINE="3562,2970 3633,2968 3705,2966 3777,2964 3849,2961 3921,2958 3993,2954 4065,2952 4137,2949 4209,2946 4281,2943 4352,2940 4424,2938 4496,2935 4568,2932 4640,2930 4712,2929 4784,2926 4856,2926 4928,2924 5000,2924"
                         HEIGHT="177"
                         WIDTH="1474"
                         VPOS="2840"
                         HPOS="3543">
                  <String ID="string_region_1644474837570_1727l31"
                          HEIGHT="177"
                          WIDTH="1474"
                          VPOS="2840"
                          HPOS="3543"
                          CONTENT="du perpet. blanchies, ie vous salue &amp; suis "/>
               </TextLine>
               <TextLine ID="region_1644474837570_1727l32"
                         BASELINE="5472,2964 5498,2963 5524,2962 5550,2962 5576,2962 5602,2960 5628,2960 5655,2959 5681,2958 5707,2958 5733,2958 5759,2956 5785,2956 5811,2956 5838,2956"
                         HEIGHT="176"
                         WIDTH="397"
                         VPOS="2826"
                         HPOS="5455">
                  <String ID="string_region_1644474837570_1727l32"
                          HEIGHT="176"
                          WIDTH="397"
                          VPOS="2826"
                          HPOS="5455"
                          CONTENT="Adij 46"/>
               </TextLine>
               <TextLine ID="region_1644474837570_1727l33"
                         BASELINE="3468,3084 3493,3081 3519,3079 3545,3076 3571,3073 3597,3071 3623,3069 3649,3067 3675,3065 3701,3064 3726,3062 3752,3062 3778,3060 3804,3060 3830,3059 3856,3058 3882,3058 3908,3058 3934,3058 3960,3060"
                         HEIGHT="138"
                         WIDTH="528"
                         VPOS="2975"
                         HPOS="3449">
                  <String ID="string_region_1644474837570_1727l33"
                          HEIGHT="138"
                          WIDTH="528"
                          VPOS="2975"
                          HPOS="3449"
                          CONTENT="brugge Rentergen"/>
               </TextLine>
               <TextLine ID="region_1644474837570_1727l34"
                         BASELINE="3566,3154 3687,3150 3808,3148 3930,3144 4051,3142 4173,3140 4294,3136 4415,3134 4537,3132 4658,3130 4780,3128 4901,3126 5022,3124 5144,3122 5265,3120 5387,3118 5508,3116 5629,3114 5751,3112 5872,3109 5994,3106"
                         HEIGHT="149"
                         WIDTH="2461"
                         VPOS="3029"
                         HPOS="3550">
                  <String ID="string_region_1644474837570_1727l34"
                          HEIGHT="149"
                          WIDTH="2461"
                          VPOS="3029"
                          HPOS="3550"
                          CONTENT="beyde ul aengename van 30 pass &amp; 2 deser wel ontfanghen met den eersten een correcte"/>
               </TextLine>
               <TextLine ID="region_1644474837570_1727l35"
                         BASELINE="3570,3246 3690,3242 3811,3238 3931,3235 4052,3232 4173,3230 4293,3228 4414,3226 4534,3224 4655,3224 4776,3222 4896,3220 5017,3218 5137,3217 5258,3215 5379,3212 5499,3210 5620,3207 5740,3204 5861,3200 5982,3194"
                         HEIGHT="161"
                         WIDTH="2445"
                         VPOS="3117"
                         HPOS="3553">
                  <String ID="string_region_1644474837570_1727l35"
                          HEIGHT="161"
                          WIDTH="2445"
                          VPOS="3117"
                          HPOS="3553"
                          CONTENT="oncost rck. op de twee balen pepet: waer vooren ue in wissel gelde gecredteet hebbe"/>
               </TextLine>
               <TextLine ID="region_1644474837570_1727l36"
                         BASELINE="3584,3338 3699,3332 3815,3330 3931,3327 4047,3324 4163,3322 4278,3321 4394,3320 4510,3318 4626,3318 4742,3316 4857,3314 4973,3313 5089,3312 5205,3309 5321,3306 5436,3303 5552,3298 5668,3294 5784,3289 5900,3282"
                         HEIGHT="159"
                         WIDTH="2349"
                         VPOS="3215"
                         HPOS="3568">
                  <String ID="string_region_1644474837570_1727l36"
                          HEIGHT="159"
                          WIDTH="2349"
                          VPOS="3215"
                          HPOS="3568"
                          CONTENT="voor £13:10:10 7 ƒ 81:5: sal het pack tijken voor tecomende dijnsdagh niet"/>
               </TextLine>
               <TextLine ID="region_1644474837570_1727l37"
                         BASELINE="3568,3434 3666,3430 3765,3425 3863,3421 3962,3418 4060,3416 4159,3414 4257,3412 4356,3412 4454,3412 4553,3410 4651,3410 4750,3410 4848,3408 4947,3406 5045,3406 5144,3403 5242,3400 5341,3396 5439,3392 5538,3388"
                         HEIGHT="179"
                         WIDTH="2001"
                         VPOS="3314"
                         HPOS="3552">
                  <String ID="string_region_1644474837570_1727l37"
                          HEIGHT="179"
                          WIDTH="2001"
                          VPOS="3314"
                          HPOS="3552"
                          CONTENT="connen versenden, verhope den schopper sigh soo lanck sal ophouden"/>
               </TextLine>
               <TextLine ID="region_1644474837570_1727l38"
                         BASELINE="3562,3530 3682,3524 3803,3519 3923,3515 4044,3512 4164,3510 4285,3508 4405,3506 4526,3504 4646,3503 4767,3502 4887,3500 5008,3498 5128,3496 5249,3494 5369,3491 5490,3486 5610,3482 5731,3476 5851,3469 5972,3460"
                         HEIGHT="165"
                         WIDTH="2439"
                         VPOS="3390"
                         HPOS="3546">
                  <String ID="string_region_1644474837570_1727l38"
                          HEIGHT="165"
                          WIDTH="2439"
                          VPOS="3390"
                          HPOS="3546"
                          CONTENT="met ul: laeste verneme het arrivement van fransi moentace aen wiens boorde"/>
               </TextLine>
               <TextLine ID="region_1644474837570_1727l39"
                         BASELINE="3574,3612 3695,3610 3817,3607 3938,3604 4060,3602 4182,3601 4303,3600 4425,3598 4546,3596 4668,3594 4790,3593 4911,3591 5033,3589 5154,3586 5276,3584 5398,3580 5519,3576 5641,3571 5762,3566 5884,3559 6006,3552"
                         HEIGHT="169"
                         WIDTH="2464"
                         VPOS="3471"
                         HPOS="3558">
                  <String ID="string_region_1644474837570_1727l39"
                          HEIGHT="169"
                          WIDTH="2464"
                          VPOS="3471"
                          HPOS="3558"
                          CONTENT="ue voor mij geladen vindt 3 balen salel vellen, hebbe daer noch geen advies noghte"/>
               </TextLine>
               <TextLine ID="region_1644474837570_1727l40"
                         BASELINE="3574,3710 3690,3706 3806,3703 3922,3700 4038,3698 4155,3696 4271,3694 4387,3692 4503,3690 4619,3690 4736,3688 4852,3686 4968,3684 5084,3683 5200,3680 5317,3677 5433,3673 5549,3669 5665,3663 5781,3658 5898,3650"
                         HEIGHT="200"
                         WIDTH="2356"
                         VPOS="3560"
                         HPOS="3557">
                  <String ID="string_region_1644474837570_1727l40"
                          HEIGHT="200"
                          WIDTH="2356"
                          VPOS="3560"
                          HPOS="3557"
                          CONTENT="rek van, dat  eerste verwaghte ide bale houdt in 14 dosijnen het gewight"/>
               </TextLine>
               <TextLine ID="region_1644474837570_1727l41"
                         BASELINE="3584,3806 3700,3802 3817,3798 3933,3796 4050,3792 4166,3790 4283,3788 4399,3786 4516,3784 4632,3782 4749,3780 4865,3778 4982,3776 5098,3774 5215,3771 5331,3768 5448,3764 5564,3758 5681,3754 5797,3748 5914,3742"
                         HEIGHT="159"
                         WIDTH="2361"
                         VPOS="3677"
                         HPOS="3567">
                  <String ID="string_region_1644474837570_1727l41"
                          HEIGHT="159"
                          WIDTH="2361"
                          VPOS="3677"
                          HPOS="3567"
                          CONTENT="nochte weirde can niet weeten, can ul die doen passeren als de voorge sonder"/>
               </TextLine>
               <TextLine ID="region_1644474837570_1727l42"
                         BASELINE="3570,3902 3689,3897 3808,3894 3928,3890 4047,3888 4167,3886 4286,3884 4405,3881 4525,3879 4644,3878 4764,3876 4883,3874 5002,3870 5122,3868 5241,3865 5361,3862 5480,3858 5599,3853 5719,3846 5838,3841 5958,3834"
                         HEIGHT="219"
                         WIDTH="2420"
                         VPOS="3750"
                         HPOS="3553">
                  <String ID="string_region_1644474837570_1727l42"
                          HEIGHT="219"
                          WIDTH="2420"
                          VPOS="3750"
                          HPOS="3553"
                          CONTENT="queltie te connen hebben, cont dat doen, het gewight is ordinaire &amp;.50 het dosijn"/>
               </TextLine>
               <TextLine ID="region_1644474837570_1727l43"
                         BASELINE="3566,4002 3687,3998 3809,3996 3930,3992 4052,3990 4174,3986 4295,3984 4417,3981 4538,3978 4660,3976 4782,3972 4903,3970 5025,3967 5146,3964 5268,3960 5390,3956 5511,3952 5633,3948 5754,3942 5876,3937 5998,3930"
                         HEIGHT="143"
                         WIDTH="2466"
                         VPOS="3883"
                         HPOS="3550">
                  <String ID="string_region_1644474837570_1727l43"
                          HEIGHT="143"
                          WIDTH="2466"
                          VPOS="3883"
                          HPOS="3550"
                          CONTENT="de weiyde als voor desen, dogh comen nu wel wat beter coop, soo haest advies"/>
               </TextLine>
               <TextLine ID="region_1644474837570_1727l44"
                         BASELINE="3592,4116 3696,4109 3801,4104 3906,4098 4010,4094 4115,4091 4220,4088 4324,4086 4429,4082 4534,4080 4639,4078 4743,4076 4848,4074 4953,4072 5057,4070 5162,4066 5267,4064 5371,4060 5476,4056 5581,4050 5686,4044"
                         HEIGHT="149"
                         WIDTH="2126"
                         VPOS="4013"
                         HPOS="3575">
                  <String ID="string_region_1644474837570_1727l44"
                          HEIGHT="149"
                          WIDTH="2126"
                          VPOS="4013"
                          HPOS="3575"
                          CONTENT="iek become, sal ue schrijven, waer mede naer groe tenisse blijve"/>
               </TextLine>
            </TextBlock>
         </PrintSpace>
      </Page>
   </Layout>
</alto>
