8365 4747
2647 292 699 146 Adij 13feb: 1725

842 296 955 162 Lendr Mons: Piere Gabriel

1020 382 2407 203 desen is dienende om ul: te adviseren als dat van daagh aen ul: toegesonde

1014 500 2296 110 hebbe p voerman ordinaire van hier op gendt een lasken met

1019 627 2401 114 50 atroenen & 50 oravier appelen weirdigh seven guldens gemerckt D. Willer

1002 700 2429 150 en fwee vaties ides met soo ansiovis gemerckt  L. N.T.3. sijnde de twel

1021 805 2351 130 vaties te samen weirdigh aghtien guldens de selve wel geconditioneert

1013 882 2420 120 ontfanghen hebbende gelieft de vraght te betalen als naer reden & versoecke

1030 962 2350 110 det lassen met de  vaties op het spoedighste te versonden op rijsel

1013 1051 2404 132 en te adresseren aen dHr. de Lannoj de la Raiere nu d'esqpermoise a lille

999 1156 2382 104 & uk: aldaer te doen betalen de vraght soo van hier op genot als van

1011 1250 2326 115 gendt op rijsel als oock van alle oncosten onder wegen bidde van te

1017 1322 2341 114 letten als dat de ausions niet de dight en staen by de sas met

1035 1366 2244 172 eitroenen & orame appelen want souden de selve altemael doen

1027 1483 2328 112 bedarven & de vaties moeten op den vraght waghen recht gestelt

1016 1525 2380 119 worden met het marck boven om dat anders de sause soude uyte

1014 1619 2377 126 loopen & de ansiover bederven verhope ul het selve alles wel sult

1014 1700 2397 166 gelieven te doen & versoecke vrindelijck een letterten tot avies dat ue

978 1779 2314 163 het voors ontfangen & versonden heeft dit afwaghtende blijve

1035 1896 406 120 naer graes

2702 1873 643 180 Ady 13 fer 1725

863 1904 1310 198 Lille mons: de Lannoy de la Raiere

1036 2008 2354 152 Jiay reccu En son temp l'honneur de la vre du 5 coure avec avis que

1021 2120 2338 123 vous aviez examine vre compte courant & l'avoir trouve juste & que vous

1020 2222 2285 134 m avec debité pour ƒ 91:d0 de change a compte nouveau aunsj tout est

1028 2283 2411 128 de conformite j'ay este tres morsiqie d'apprendre vre judisposition j'espere

1027 2380 2414 149 mons: que vous seray remis en parfaite santé pour des longes années que

1016 2446 2427 123 ie vous souhaite d'ame & de soeur, cette pour avis que J'ay envoye

981 2564 2464 101 Daujour dhuy p le chariot de gand un paise marque D.LNI contenantt

1035 2627 2341 123 cincquante eitrons & cinnquante dranges ameres outre deux petits

1021 2711 2411 138 barils d'anchoix marque L.M.B: &3 contenant chacqun huit pent

1018 2776 2427 135 ancheix que j'espere vous seront agreables ayant fait touts les dovoir

1010 2864 2421 157 die monde pour avoir ct qu'il y a de melieur j'ay payé pour le tout

1025 2980 903 153 comme en suit scavoir

1035 2998 2289 222 pour 50 citrons & 50 cranges ameres a 1¼ sols la piece  ƒ 8:14

3016 3130 279 92 „-:15

1040 3147 1172 151 pour la caisse ou elles sont paise

1019 3220 2210 148 pour deux barils d'anchoix chacqun de 800 pieces a 3s bule ant 128:-

3007 3306 286 114 „ - „ 13

1042 3324 1027 138 pour le tol jusqu'a Jand

2965 3387 330 143 „1:-

1045 3403 881 130 pour les doix batils

1973 3490 1333 181 borte cisem be en argent catant ƒ39:8

1034 3595 2402 121 Parsant en argent e dancy ƒ33:71: dont ie vous ay debite vous

1035 3695 2404 148 dariant de l'annoser de meme, quanc vous ouvre les baruls d'ancton

1031 3772 2413 145 2ls les faut owrrir p ou ils sont marque il faut renverser les anchoy

1028 3849 2316 166 cans un pot de terre blan neuve & faire tellement qu'ils soint

1043 3910 2400 169 toujours couverts de la sause & alors vous les conserveray des anne

1026 4025 2402 115 la paisse, a les deux barils, sont advisse a piere gabiel a gand ave

1034 4122 2386 133 ordre de les expedies pour bille au plustot possible, mon espoze espere

1041 4236 2341 95 que le tout sera a vre gre & quoy que les nombre des anch

1049 4306 2266 129 est un peu grand pour une caremme elle ne croit pas que

1039 4364 2365 145 cela vous doit enbarasser pour ce qu'ils sont tres bien gouverne

1051 4467 2287 112 & convitione ou les tiendra bon pendant trois eu quatre ans

3584 232 2474 138 quad vous les aurrez receu faite seulement comme ie vous ay

3565 317 2513 160 marque: cy devant il faut bien nettoier le pot neuvez avec de leau chandi

3569 380 2514 157 & quand les anchoix y seront de dan il faut mettre quelques pieces d'ardoise

3560 473 2475 161 desus qu'ils soient couvers & tant ce peu presse & lier un papier au desus

3569 518 2521 188 de pot en y faisant quelques petits troix avec un espingle couserverond

3568 643 2490 171 asse si cependant vous verriez: que la sause commenceroit a ettre un

3573 742 2463 141 peu delie quelle ne resteroit point espais il faudroit les manger car

3565 832 2454 121 aloos il couriont risque de gater il vaut enrieux de les mettre end

3574 909 2449 125 hant ou il ny a point de soleue que dans les caves on ma dit

3592 986 2401 175 que le baril que est marque D avec un petit tetre par dessons

3566 1069 2515 177 la marque sont les plus grand, cependant vous pouvez choisir ceux

3577 1156 2506 170 qu'il vous plaira nous en a vons fait aussij nre provisions mon espouze

3575 1243 2514 182 2'a pas eu le temp pour garder apree le compte de mons: deliman elle

3570 1379 2499 104 le ferra au premiere pour vous donner plus d'eclairsissement elle vous

3585 1431 2366 137 fait bien des complimentt & a toute la famile come moy qui a

3484 1516 1386 171 p l honneur d'estre tres cordialement

3477 1615 1119 151 Amson dhr Jacques Fran. de witte

5187 1605 657 185 Adij 11 feb: 1725

3580 1719 2465 129 8 aeng. van 5 Julij 1723 is tot nu toe onbeantwords gebleven bij faute

3585 1835 2465 106 van materie bevinde uyt de rek ceurte van dhs Phevalier Thomas Scawen

3595 1909 2343 168 & compt dat ul noch niet hebt ontfanghen de see ƒ4:3: 3 en die ul

3600 1972 2536 173 geremitteert hebbe op 10 July 123 op mijn traitte op voors heere dat de reden is, &

3548 2068 2548 147 ue desen schrijve versoeckende sonder voorder diley de betalinge in te voorse

3581 2158 2392 155 & hebbe aen ditto keere mede ordre gegeven om de vof schellingen sterlx

3580 2262 2449 98 mede: te betalen die ue seght voor brief porten boven het voors noch

3580 2340 2495 111 schuldigh te sijn hebbe alle negotien gequitteert waron alle k met mijne

3590 2434 2494 146 Correspondeten soecke te sluyten biddende dan van de konningen te ontfange

3605 2496 2440 154 conse openstaende rekk met mij te sluyten dit afwaghtende blije naer

3604 2601 2486 113 ue gewenstt te hebben alle bedenckelijcke benedictien in dit koopende mujare

3527 2627 1047 183 8 groete uk van herten

3474 2740 1391 185 tdn Mons: Thomas Seliven & Comp

5351 2775 602 158 Adij 14 fenr 1725

3637 2853 2450 164 ie me trouve a repondre a deux agreables vres l'un du 6 xbre 1723 g lautre du

3579 2953 2430 119 15 janvier 172 sou passé & J'ay l'honneur de vous dire sur la premiere que

3602 3032 2456 150 savois trouvé vre compte court lutte p le quelle il me revenoit £90:17: de

3608 3116 2477 130 quoy ie trouvois une remise de parelle some sur suill. le febure a 35:7 pour

3599 3222 2468 94 solde du dit compte ayant auste le tout de conformite cependant ie vois

3618 3293 2481 128 que vous n'avez pas encez paye ma traitte du 10 jullet 1723 de  £4:3:2en

3615 3379 2445 143 a l' ordre de sacques frand. de witte qui m'a marque que ie luy devoir encor

3610 3460 2501 144 outre la dit somme r'escaillins sterling que ie vous prie de payer aussij quand

3629 3529 2423 155 il les demande ce seroit pour quelquee ports de lettres, & luy faire rendre

3613 3630 2477 97 l'incluse p la quelle ie luy marque de vouloir recevoir chez vous, ce

3619 3707 2439 116 que ie suis devable pour solde de compte p vre derniere J'ay derechef

3624 3815 2407 119 un extrait de mon compte court. consistant en dividents & interetts que

3627 3885 2420 122 vous aviez receu des mes actions entre vos mains ce que j'ay trouve

3628 3957 2487 122 juste & ie vous ay debite pour solde a compte nouveau pour  £53:3 de

3638 4051 2395 82 meme vous est credite pour ma preditte traitte en 4:3: 2 en vous

3625 4150 2495 100 avez bien fait de ne pas me remettre a cause que la some n'est qu'ane

3643 4201 2474 127 bagatele J'espere mons: que vous receveray bien toit le divident de la

3642 4281 2492 126 comp du sur eschie le 25 xbre - passé & les suivants interests & dividents

3644 4351 2379 139 En son temps la raison que ie ne me suis pas donné l'honneur de vous

3656 4426 2420 108 respondre plustost est qu'on m a fait le 4 xbre 1723 grand aunoner de

5749 4484 324 63 ure ville
