8262 4692
905 229 2151 151 die door het perlement sal geanetorgeert worden, geschreden daer

940 295 2373 152 int rekeningen in ditto comp vesoecke £500: voor mijn reekeninge

936 392 2355 149 te laten inteckenen, als het ue sal geraden vinden, stelle dat in al

954 465 2198 176 handen, & te comandere te doen, als voor eygen, & als ue eenige

949 557 2309 209 employen doedt gelieve de waerde op sight op mij te trecken, om

964 679 2194 191 van de wissel eenighsints te profiteren, waer mede naer seer

953 818 1051 151 minsame groetenisse blijve

932 814 2255 253 Sl gelieve mij te laten weeten, oft ue int remitteren voor de

960 924 2314 234 brieven instaet, & soo langh de penningen vanjmant onder

958 1067 2312 202 berusten, intrest a 3& p anum goedt doedt vermits de wissel

952 1154 2331 261 present al wat sonde connen geven soude ue wel remittern

972 1306 1278 173 om retruren daer van te hebben

2694 1302 632 193 Ady 13 Juny 1720

806 1446 832 165 Brussel wed: Borremans

955 1472 2375 221 in antwoordt op ue aengename van gisteren segge als dat geene sacges miet

969 1594 2335 203 hebbe, & hebbe getraght mij van alle de sarges af te maken, om dat daer

978 1723 2302 126 in het debiet seer vermindert is dat men soo menighvioldige couleuren

978 1798 2336 141 moet hebben een groote quantityt van stucken & daer en groot Capitacl

993 1876 2278 158 in hanght, & ten lesten de quade couleuren, die niet getrocken worden

938 1987 2328 135 doorbde motten worden opgeheten, hebbe mijn gans packhuys van

970 2074 2260 163 sarges aen imant overgelaten, & sal daer uyt blijven tot aldersye

977 2123 2230 205 maer contiuere in de perpetwanen soo voor zeep witte als swerte

964 2203 2312 274 & hebbe present daer soo goede provisie van meer, als oyt gehadt hebbe

965 2393 1370 156 daer comen geen quade couleuren van

988 2389 2284 238 voorlede weeke sijnder 3 versche & cepwitte perpet: van N. 30 thuys

995 2532 2308 212 gecomn, van C30 ½ lanck van de swerte sijnder oock een schoone

988 2600 2251 252 partije geverft sedert dat d heere gehadt hebbe de laeste partije

986 2730 2313 186 ue toe te senden hebbe die alle gevisitent, & de langhste meeten

963 2834 2258 198 a 29½ a1ps. van N:80 a 30. sal de bette uyt soecken, & op

993 2903 2262 208 sahordagh toecomende, p beurtschop ue toesenden wat ul seght

1006 2984 2333 224 niet minder als 30 illen mogen sijn, lanck, die sadden qualijckk t

1002 3107 2278 218 vinden sijn, onder een partije van 100 ps. de vef doet stercs

997 3218 2178 225 crimpeen & de stucken worden niet gereeet ue van aen de

993 3346 1343 173 leepwitte oordeelen wat de verf doet

1010 3364 2258 259 bdancke uk: voor de ƒ 800:- aen dher rousseau getelt

997 3540 2142 154 woort daer vooren gecrediteert sal eltijt provisie van

1009 3574 2264 265 perpet: hebben, soo zcep witte als swerte meer als uyt tot

1023 3669 2294 256 ue dienste, waer mede naer seer vrindelycke groetenisse blijve

2788 3781 463 160 Adij 12d

814 3874 834 190 Brugge Rentergen

1034 3905 2240 182 ick: aengeneme van p & 13 deser wl ontfanghten mt den

1021 4003 2153 184 eersten advies dat het packie tijtien & N. 24 ul, wel was

1034 4095 2224 220 geworden, & dat bij tijde de oncost ick: & cognossement toe

1003 4197 2224 180 senden soude, die niet vertcoma hebbe et  lulte sight

1008 4287 2221 234 dat grij gonij & wortelle tot londen salvo geaiveet sijn, ben

3509 186 2464 148 verwondert dat de rek. & cognossement niet sendt supponere dat het over 37

3502 260 2483 132 thost hebt gesien & in gedachten sijdt die gesonden hebt dat contrarie is daron

3503 345 2353 163 op ontfang deser dat te sonden, & in afwaghtinge blijve naer groetenisen

5215 418 725 162 Adj 15 juay 1722

3405 468 838 164 Brussel wed: Borremans

3507 537 2471 171 tot antwoordt op ue aengename van gisteren segge dat hebbe doen

3504 626 2465 174 informeren, ofter eene lasse af wat, dat het beurtschip soude connen

3503 715 2446 147 beletten om over te comen, & bevonden dat het niet en is derhalven

3497 827 1381 173 senden heden aen ue het naevolgende

5448 870 370 182 400:-

3768 912 1142 179 8 perpet in wisselgelde

3492 1001 2493 214 sijnde gepackt in een packie B. tis alle seer schoon goedt vesch

3508 1088 2418 227 geverft & geperst de langhtte & beste uyt gesoght, lijdt verschert dat

3461 1206 2500 162 meer pijn hebbe, on alles wel te doen als ue soude connen geloven

3488 1331 2475 164 oft soude mij aengenamer sijn, dat ul die selfs conde uytsoecken

3516 1435 2475 156 iets anders van ue dienst voorvalende gelieve te comanderen die

3514 1541 1080 185 met de ujterst affectie blijve

5265 1530 514 167 Ady 19 d.

3387 1663 843 177 Iweton Januel beorridge

3500 1768 2485 157 ue aengename 30 april lest 0.3. wel ontfanghe met advies dat mijn

3503 1824 2428 180 remise van £15:15 s wel hadde ontfangen, niet twijfelen de oft sal wesen

3503 1935 2396 145 betaelt de bale N. 26 is mij wel geworden dogh noch niet geopent l

3506 2052 1793 179 gelieve voor mij te preparere 60 perpet: als volght

3546 2134 1670 190 30 perpet. van N.1 a 50:6 en in eene bale

4082 2279 216 96 „70

3553 2283 199 98 20 d

4315 2275 844 180 30 ps. in eene bale

4069 2347 258 128 „80

3464 2365 306 165 m

3562 2342 2423 237 60pt. om met het eerste schip op ostende te versonden die van ƒ. 80

3513 2488 2360 188 sijn a 80p door ue vades mij gesonden geweelt gelijck ue uyt sijne

3515 2579 2437 205 boecken sal connen sien, ingesloten een stael van de lytten die niet

3535 2673 2474 198 breeder mogen welce, & van de selfte fabrique, het menk is.I.M. van den

3519 2797 2398 167 werckingen tot ue gouverno. maer moete hier bij seggen als dat alle ue

3529 2859 2434 246 pepet: e soo kort vallen dat te biy naer niet vercoopen can hebbe

3531 3002 2397 163 noem wel 13 ps van N.200 daer onder differente p die maer

3509 3058 2468 221 a 28½ mete, & moeten ten intten a 30 onser mate swrt lanckk

3541 3153 2375 213 blijven &onder de N. 80 bevinde oock al veele die maer C28½

3531 3273 2396 221 sijn, daerom soo ue1 geene perpet: becomen can die hunne

3534 3391 2404 188 volle leingde & breede hebben sendt geene, oock op da minster

3515 3465 2377 252 miet te stelle, recomanderende van het beste goed want men is

3520 3597 2476 237 present soo moeyelijck dat het sigh verdriet goederen te coopen

3535 3674 2483 214 waer mede ue antwoordt efarnostende blijve naer cediale groet

5420 3794 457 157 Adij 13d

3444 3872 1201 147 London rebcea hamiltn & Coos

3554 3932 2458 183 k aengename van 23 & 2¼ pass wel ontfangheen met den eersten

3533 4078 2483 137 advies dat op mij getrocken hadde £150 op 2 usos a 36:5 aen

3537 4140 2496 143 d'ordre van John lansdell, wellie hebbe geaccepteert & ten vervel dage

3544 4275 841 149 sal alle eere bewijsen

4100 4340 1919 142 versoect te weeten, treputatie van d hier is bekent

3668 4376 308 111 1  las

4006 4407 71 64 te

3556 4410 92 68 11
