8070 4754
785 194 2452 96 is stiptelijk &olbroght kan het alderbeste goet dan tree van

767 278 2487 97 mijne beste makers, & om dat ue ingeren soude, siens goet

761 327 2496 148 ue: het beste aenstaet, soo sijnder 6is geseckent £ 3an den

778 439 2481 131 eenen maker & de andere sijn ongerecken dese goederen sijn

765 557 2423 153 gistren Jan hier op Brugge vertrocken & opgepackt in N

769 641 2488 158 van waer hier nevens de facture monterende ƒ 1204:- wiss: Gebe

751 719 2491 176 Melcke gelieve tesamineren,  naer wel bevinden my daen

787 821 2444 185 vooren te crediteren, godt geljde dese baelel laete de selve ue

752 919 2459 160 wel gehonditionneert ter hant comen hebbe een erreurtie

772 1018 2478 157 bevonden inde facture Jan de bale p.V.t mijnen preiuditie

786 1131 2456 140 ontrent de provisie al waer maer ƒ22:- stout moet syn

735 1200 2443 233 ƒ24:- & hebbe dat geredresseert, soo dat de selve nu moet

755 1324 2478 152 beloopen ƒ 1286:8: dat benevens mij gelieve te notteren

764 1400 2465 190 mijn hem volgens ue brief, van valten, soo soude ul van

756 1521 2498 216 opinie sijn, als dat imant advers dan ue imployere soude

766 1628 2465 189 tot encoop van loot, oft tiey dat mij seer gevoeligh is, ick

785 1717 2478 197 verslare  protessere, bij waerhijdt, dat naerde door van

775 1814 2463 216 mijn vader saliger, die al over de negen jaeren begraven is

763 1953 2461 179 noyt een stuck dan d'een, oft dander, tot den dag van

770 2013 2494 205 heden ontboden hebbe, & bij soo verne tot in coop inslined

787 2126 2466 231 sijdt verschertie: daer toe versoecken soude, als men

794 2260 2402 164 hier te lande oft hier ontrent geen oorlogh heeft, is

792 2350 2450 163 aen het loot niets te profiteren & de leopers is suckn

771 2434 2412 238 geringen volck, datter veele banqueroties aen te becomen

767 2555 2436 205 sijn goederen te laeten comen  niet weeten, hoe die

774 2657 2396 200 te debiteren, & daer een dollighyt, dat niet tewijfelen oft

777 2755 2472 182 salt mede iugeren derhalve verhope niet dat ue sijne

806 2816 2460 208 ordres tot incoop dantyhen om dese presuintiicu predine

792 2950 2425 181 soude intreckeen ten regarde van het goet, als van ue

814 3071 2417 148 intrest te behertigen tot ue meeste evantagie, acloove

788 3180 2465 166 niet as: oyt redenen gegeven hebbe & sant nenantsan

788 3250 2431 153 u besen, oft recht vaerdiger bedunn als ick totu toe

749 3381 2456 209 gedaen hebbe & continueren sal derhalve wil hopen

811 3450 2335 196 ud: sijne comissien vergrooten sal int toecomende

782 3538 2051 222 a sal attijt sijn met de grootste genegentijt

2512 3636 734 194 Ady 16aag. 17719

592 3680 1321 194 tiserton Will &sam lewis

820 3830 2348 110 ue: aeng van 11opril lest op sijn tijt wel ontfangen dien

794 3879 2441 149 volgens hebbe de stalen van de 4 packen op gepackt in N.24

803 3958 2381 169 aen d heerf: van nentergen, tot brugge alkan versonden

810 4050 2450 178 hij adviseert mij die bale noch niet gebenificccrt wat, ick

799 4195 2395 155 hes enscke u daer inne te helpen & dinst te doen u is

817 4241 2447 185 noch indaghey, de claghten die gedaen hebben over eene bale

3493 169 2509 144 ontrent de overgroote slechte qualitijt dant goet  dat den coope

3478 218 2500 218 groote pretentie maechte, om te rabbatteren, & dat niet wiste

3431 317 2542 157 hoe dat het uyt vallen soude, de sortinge geschiet ordinaire, als

3485 395 2516 198 op betaelen aen compt, dat eijndelijk, iehhiet is de voorlede weeke

3476 469 2523 231 gben veraccordeert met duysent woorden, 6d, st pps. deralve

3476 552 2549 222 om u te solageren, ontrent de voors bale, sal die ter consirderd

3480 658 2542 242 aen veerden soo gelieve mij eene rek van de selve toe desenden

3480 754 2470 249 36 et st daer op te rabatteren, sal op ontfangdie weirde ul

3501 869 2496 193 remitteren & en afwagtinge blijve naer cordiale groetenisse

5238 945 765 228 Adj 16 aug 1719

3302 1028 1092 241 London John Patnall

3513 1095 2506 213 u aeng. van 10 pas a3. wel ontfangen, & laer bij met genoege

3498 1210 2520 223 verstaen, dat ul de packen uyt moerstaek wel hebt ontfange

3491 1305 2528 215 & dat ue de bale N.18 geexamineert hebt & de selve in nomber

3488 1425 2532 187 cost reght hebt bevonden, dogdat sommige te 3 segels niet

3502 1505 2450 215 wel naer ul sijn, dat mij overwondert, hant die twee

3497 1575 2507 250 packen sijn van mijne tree beste mackns & geen beter

3481 1639 2563 254 makers wordender gevonden, ider pack is van een different

3501 1761 2497 241 maeker, & verom ue vande bale N19 geen  laghten

3509 1861 2526 210 macht, soo supponnere us die het terte bevallen de salve

3514 1976 2500 186 es: ordre voor 100 ps. alle smalle strepen hebbe van dien

3495 2056 2540 201 genomen, & selfs bij hem geweest, ul: sal ten uytersten

3494 2199 2505 194 daer van voldaen wesen, dese soo ps sijn opgepack 2

3518 2285 2500 232 in  N. 20. & op 4 deser van hier naer bugge versonden

3510 2393 2371 201 valdaer geladen int schip van Lucas Troobant

3512 2467 2504 217 com geen abuysen meer te hebben Jan retardement

3517 2574 2522 196 soo heeft mijn lrindt hem doen treckenen den 13 deser

3532 2669 2511 189 wedere wint dienende te vertrecken, op verbuurte Jau

3496 2770 2543 221 de Braght ingesloten de facture bedragende in wes: gede

3534 2864 2468 239 ƒ1103: 2½ oock het cognossement, tot geleyde die

3505 2979 2514 223 baele in salvo laete dese goederen ul tot genoegen

3510 3080 2496 218 wel geconditionneert ter hant comen ue can geen

3519 3173 2440 240 sehoonder goet becomen, & als ue voorders geleve

3502 3269 2404 219 te erdonneren, sal kan die selve maker senden

3526 3377 2425 226 de tijken beginnen seer schaers te worden & de

3505 3476 2420 192 maekers leggen een parelijck datter opslag moet

3491 3570 2483 207 comen om de daerte der gaerens, tot noch tae

3499 3718 2512 188 verwercken sijde gaerene, die sij van outs bij hebben,

3480 3756 2394 290 & de naestemans comende nuuwe gaereno die

3529 3901 2466 198 merckelijk hooger in prijs suallen comen, het plas

3519 3978 2385 231 daer de linneng van gemaeckt worden is soo

3506 4112 2455 259 gemonteert, datter niet aen te comen is soo d'een

3501 4239 2446 182 volght d'ander al, soo present partijen tijken te
