8426 4713
2547 263 707 143 Adj 28 juay 1722

941 277 908 156 Gent van de velde, facteur

1067 338 2305 175 cette pour avis que ie vous cey envoye a hier p la barque marchande

1039 456 2286 186 un paque BX. contenent onze prs: des perpetuanes, pour

1042 515 2320 190 compte de mons. hermes broeta de tournay layant receu il vous

1053 642 2123 214 plaira payer la voiture selon raison, le dit s brocta vous

1022 726 2132 190 donnera les ordres pour l'encheminement de bouche, c'est le

1048 872 857 170 subject de cette, & suis

2443 898 740 220 Ady 29 sun o712

890 927 1175 205 Lille Mons: de Lannoy de la resiere

1051 1074 2285 152 p liay recoys l'honneur de la vre du 27 courant y joint une remise

1058 1195 2313 121 de dix huit sens florin argent de change ser mons: Jean B de foulon

1049 1255 2187 188 a bruxelles a quinee soud de veu la quelle j'envoyera pour

1064 1371 2276 184 acceptation et a son esseame  ie sacheray de la negotier a vre

1066 1481 1937 174 plus grand avantage, donc vous auvez avez en son temp

1070 1598 2214 158 ie vous envoye p cette l'obligation de mons: baron de la verre

1092 1676 2245 196 acquise vous priant de me donner avis de la reception enfin que

1074 1806 2197 183 ie puis estre assune qu'il vous est pervenue. ie troube mons:

1087 1898 2191 197 que vous est un peu negligant a me donner reponce aux lettres

1082 2073 2306 126 que ie me donne l'honpeud de vous escrire puis que vous ne me marque

1048 2117 2346 156 point d'avoir receu ma lettre d'un selle ou selle date sur tout quand

1087 2239 2255 201 vous devez approuber la negotiation que ie fais de ves remises

1091 2372 2121 181 ou autre choe de remarquer, nous somm accotemez druvoir

1085 2482 2301 168 ex actiseire en affaires en pour quoy ayez la bonte y faire attentie

1082 2610 2224 143 mons. de swijndrecht est fort mortihe, qu'on ne luy envoy point

1104 2744 2294 165 le ressament de feu vre oncle iny l'estat en l'inventaire de son bie

1083 2852 2309 167 il fait estat de vous venier voire dans ien mois d'icy ou pluteyt qu'il

1099 2948 1818 199 luy soit   posible ie vous salu qpuis de coeur

3004 2976 104 119 Mo

2774 3043 590 148 Adij 6 Juliy 1722

908 3074 920 148 London hamilton & Cooste

1094 3150 2269 193 cf: aengename van 11 mey lest is tot nu toe on be antwoordt gebleven,

1091 3256 2113 153 om dat ue voordere missive was afwaghtende, terwijlen ue: mij

1085 3338 2228 211 noteerde dat den maler van het buffet ue geseydt hadde dat hij

1076 3420 2239 167 een weeck naer ue schrijven & den biuffet soude gemaeckt gehadt

1086 3518 2182 196 hebben, derhalven hadde die verwaght, & ue advies twijfele niet

1090 3631 2021 183 oft sal nu voltrocken wesen & oo uerste versonden borden

1098 3694 2212 206 voorders sien, dat madame de negotie aen dh Roger coote

1085 3794 2202 207 heeft overgelaten, alsoo aen ue comp. p slot van rekkeninge

1101 3960 2244 125 is comene, een hondert caght & taghentigh guldens, aght strijvers

1097 4021 2218 200 & halven, wissel gelde, soo gelieve mij te noteren, oft die op rek

1105 4117 2250 183 van dh: roger Cooke sonde brengen, ben seer verwondert dat nu

1100 4236 2301 186 in 7 maenden g een ordre van ue becomen hebbe voor eenige tijken,

1094 4322 2308 204 hope echter dat het naer lesoen favorabelder sijn sal, & ue occasie

5897 188 127 139 d

3582 234 2322 142 geven, om veel meerdere partijen te ordonneren gue mijn dienst

3563 314 2420 138 van haeten presenterende, blijve naer seer vrindelyke groetenisse

3461 435 1187 192 Bruxelles Mons: Sephano Rousseau

4935 425 809 217 Adij 14 subit 1712

5159 561 205 147 Rank

3565 551 2442 218 JJ'ay receu en son temp l'honneur de la vre du  du passe avec avis d'avoir

3569 711 2365 188 sire her moy la some de ƒ300:- courant payable a l'ordre de mad: Conelia

3593 842 2390 176 van diepenbeuk a quoy j'ay fait honneur a la prsentation & vous en este

3576 926 2459 197 debite en argent de change pour la some de deuxens cincquant septflorines

3572 1028 2463 221 troys pastale ie vous envoye cy coint une remise de dix huit centflones argent

3548 1160 2473 200 de change sur mons: Jean  de foulon esche le 10 courant vous priant

3569 1302 2454 163 de procurer le payentent a son tems q ue donner avis de la reception de esse

3576 1368 802 167 estant en tous occasiions

3479 1427 2036 242 Lille Mons: de lannoy de la Haiere Ady 14 d 1721

3562 1572 2342 176 J'ay receu en son temps l'honneur de la vre du 4me courant depuis j'ay

3584 1684 2457 189 negosie vre remije de ƒ 1800:- de change a ¼  de perse & vous eh esspredite

3567 1800 2442 190 pour mil sept cent quatrevingt suinze florins & dire sol de change vous

5864 1908 117 85 chn

3557 1923 2475 173 priant de l'annotter en conformite, ie ne voys pont que mons: de swepnte

3571 2059 2475 140 est a de fourned de son dessair du voyaye de lille il en parle plus que jamais

3563 2124 2463 186 qil e du chayrin que son de logement luy cause le dilay j'avoue a sonage

3582 2281 2393 152 il ne contienne pas de se resguer en chemain cependant il p poile tres

3577 2356 2359 150 bien grace a dieu ie vous suis tres oblige de la boute que vous avez de

3577 2513 2346 134 me marquer que moy qia compa jerioustres bien venue hez vous

3571 2587 2475 164 soez parsualez mons: que nous avons de moins autant d'essime qeneratio

3592 2724 2353 145 pour vous pour taute la famile qln tous occasions nous ta cheron

3554 2801 1869 164 de vendre nes petits service estant tres parfaittement

5422 2840 472 234 ƒ27:16 d

3486 2887 731 213 brussel Steph: Rousseau

3588 2964 2451 219 le 14 courant, fut a vre grace ma derniere, & avec une remise de ƒ1800:

3573 3131 2442 150 de change sur mons: de faulon a hier ie recois vre aggreable du 13d

3582 3238 2402 133 y joint une lettre de change de N593 a 42 et sur mons: Jean Frans.

3564 3327 2475 154 wjlinck, la quelle ie vous renvoije icy accepte, ie suis en attendant

3584 3419 2337 159 l'honneur de vre responce sur ma precedante, & vous salue de coeur

3493 3487 1001 179 Rijsel de Lannoy de la vaiere

5345 3499 489 171 Ady 20 d

4893 3561 154 124 me

3585 3566 2463 212 pour responce a lagreable vre du 12 courant, J'ay l'honneur de vous

3592 3726 2460 141 dire, que ma comp. at este voir dans tous les magazins de velour

3562 3826 2444 145 & elle na trouve qune niece des couleurs, comme vous me mande

3568 3884 2468 171 la quelle n'est pas assi a son grez, ce pour quoy ie vous envoye

3588 4016 2364 128 cj joint l'eschantillion de la piece, & si cela vous peut servirs

3591 4095 2465 130 vous aurez la bonte de me donner vos ordres, & ie vous l'envoye

3595 4230 2438 103 au plustoit possiblee, les 3 aunes de franse font donze du notre

3595 4306 2331 132 & le dernier prix est de 32 escarlins argent de change ie

3587 4384 2451 127 vous salue & suis en attendant l'honneur de vre responce
