8029 4781
691 185 2496 121 pour des drogetts d'engleterre ie n'en ay point a present, ny ce n'en

671 284 2486 130 peu les faire venir d'angleterre, a cause que la qualite, done ie

687 352 2509 121 me suis loujours servie est trop chere ie ny peu treuver au cun

678 438 2500 185 procvit, ie suis sachez mons. que ie ne peu lous en servire, j'ay

683 532 2496 190 assez d'autres marchandses stant ene larges, qu'en perpectaane

695 634 2502 180 noirs e lanchies sie ie vous puis rendre service, commandez

684 769 328 156 celuy

2347 817 728 216 Adij 28 meij 1714

522 833 1239 234 Brugge L: Jan Rentorgen

692 955 2494 193 ek: aeng. van 24 deser wel ontfangen, oock advico van mijnen

676 1119 2487 133 vrindt dan teverton, dat de twee packen p Buridge sijn

695 1207 2400 125 aengesomen derhalve aen den voet deser de nontie tot de

695 1249 2488 197 derlloringe, & hier benevens de certificane & tot brief daer sijn

695 1358 2401 217 geene gevefde bij in & 220: sijn 10 drogetten, die altijdt voor

680 1501 2504 142 tofen gepasseert hebben, & hebbe inde corteficane doen

683 1598 2392 181 leyden, voor stoffen, dog waert dat daer rusie om soude

690 1664 2444 177 comen sal liever een ander senden, dat niet geloove noodig

662 1786 2503 162 sal vresen, de twee balen 147:148: sal ue: adroiture &

687 1930 2502 158 by lander mij toe senden & & 220 a costij laten leggen moet

673 1987 2481 169 op t omen versonden worden twijfele niet oft de laeste

693 2127 2495 146 baele tijken sal ue: voor nne ontfangen hebben, & versoecke

686 2214 2488 206 op het aederspoedighe mij de oncost rek taete senden, ssaen

704 2332 677 177 mede Blijve

1152 2416 1709 214 Ade Jan Baridge Joor B melijn

1052 2642 1019 183 147. met ƒ 20 sarges

1079 2757 911 132 „ 148 „60 ditto

1052 2780 1216 254 220 „ 10 drogettene

1499 2939 398 183 113ans

691 2981 2503 254 hebbe ue genotteart, dat mischien de Bale vande meyns

714 3154 2397 165 letris sal aenveerden, soo die wissel soude vallen, maer

697 3253 2494 159 niet positief, daerom als u die middelertijdt sonde benificeren

699 3374 1046 148 jersuyint djoccasie niet

2373 3387 773 206 Adij 2 7d N719

486 3447 1469 229 London A namilton Pson

716 3588 2466 171 beyde ue: aeng Jan dmeert  pasto wel ontfangen, daer bij

691 3681 2474 187 ierneme, dat mijne twee tratos ten tijde ververt hebt wa

711 3812 2466 145 vooren ue Bedancke, ook advies dat de twee balen tij hen

680 3861 2411 246 p grimbergen wel hadde ontfangen nae vooren al

697 3976 2438 188 bedanck niet twijfelenden oft dese goederen sullen

687 4053 2500 236 alle bedenckelijcke vergenoeginge gegeren hebben, ick hebbe

687 4184 2417 209 nu eene partye lijne strepius gereedt, soo Van blame

698 4288 2420 199 pent, als van roodtse wist, derhalve sal ue ordre

3466 203 2563 120 afwogten tot de versendinge bij soo verre noch groote partije

3458 273 2545 177 Jan dese soude mogen noodig hebben soo versoecke te laten

3486 357 2492 192 weeten, om dat daer toe eenen grooten tijdt noodigis  om de

3458 447 2558 213 selve te maiens gelijck ue genoegsaem bekent is, dewerck

3464 538 2556 209 huyden ewillen die niet maken, als op expresse ordre, van de

3461 678 2501 152 ordinaire Breede  smalle strepen Jan altijdts becomen

3432 765 2600 195 daer seght nu een schip in ladinge op london, dat binnen2

3481 863 2539 231 a weken staet te dertrecken, soo ue ordre by tijde become

3458 982 2573 189 sal die met het voors schip versenden, daer sullen soo veele

3452 1100 2569 216 schepen van brugge op London ut jaeren, als voorlede gaen

3471 1144 2580 262 om datter present beijnige goederen Jan London op ons lant

3476 1283 2556 233 worden versonden & als dese occasie voorbij is, salt wat tijts

3473 1406 2535 213 aen loopen serden weder eend ander sal vertrecken, dit tot

3467 1495 2567 202 uf narrght & us messive afwagtende blijve naer lee

3467 1636 1312 217 Pundelijcke groetenisse

5223 1670 801 234 Adij 27 meij 1714

3289 1761 1478 197 tewaton Berel nech march

3473 1871 2545 145 beyde al: aeng van Pl 9 deser wel ontfangen met den eersten

3464 1930 2549 238 lacture & staelen van 2 Balen Sarges gemarcht 17148.

3460 2055 2570 164 bedragende £ 231:12 pt geladen int schip Jan John baridge

3452 2123 2580 202 banion, die godt danck behauden is gearriveert met den laesten

3460 2221 2568 185 het cognossement de couleuren sijn wel maer naer de stalen

3454 2349 2566 159 dune ht mij seinge groove stucken onder te sijn, ick hebbe

3476 2422 2523 216 heden getraght ue ten volle te remitteren, dog geene

3478 2549 2475 226 makers geresfontreert, soo dat hebbe moete nemen dat

3469 2635 2481 200 mij te vooren quame dat ue hier nevens ben sendende

3479 2719 2529 240 te reeten £100:- op ls chevallurs scauwen Comp

3492 2831 1991 205 alnoch - „100:- op dward frous

4006 2886 2024 250 samen £200:- waer vooren het noodig gelave

3448 3068 2535 165 te besergen iden ontfang deser t'adviseren soo lang de

3468 3133 2552 270 goederen soo hoog blijven & datter geen beter debien compt

3472 3249 2548 197 is het onmogelijck goet te ontviuden aen dese goederen van

3480 3352 2473 238 geen 3xe geprofiteert worden & den lanck dwigen

3468 3425 2556 238 borgh te tekenen esser maer verlies inplaets Jan profijdt

3467 3573 2555 193 in doen, daer is geen gelt onder de luyden ca men doet nmet

3472 3631 2559 240 dan Jan ban que rooten spreken, het is het geraedt saemte

3491 3774 2502 205 heden daeghs, wijnig, oft niets te doen, sdant men weedt

3485 3928 2444 168 met vrie fieren, godt iel e comy kan seerliesen

3466 3981 2549 258 desdaeren, soo het restantie rescontrene, salt ue

3474 4124 2555 218 remittere waer mede naer seer vrindelycke groeteniste

3474 4323 569 157 Blijven
