8433 4747
1122 324 2265 121 Ps acherboon heeft aen d'heer Rousseau tot amsterdam sijne notitie

1097 418 2281 152 gesonden van de passen thee die hij voor sijke rek. heeft ingekoght galsoo icke

1077 493 2337 161 smet ditto hl comisfau paert gdeelk hebbe soo versoeckt op het alder spoedighste

1062 597 2308 148 te cassente versonden op schidam volgens hij ue geschreven heefte qul: sal

1075 708 2236 164 die t mijn naeme stellen de rekke van het comport mij toe te senden

1102 809 2327 114 sal die waerde afen dh. Jana rogels hier promt betalen mits profetenende

1066 913 2234 145 het rabat als naer conditie de versendinge woorde ue hertelijck apt

1107 978 2236 175 spoedighste gerecomandeert geen letterten tot antwoordt op ontfangh

1076 1041 2242 229 deser sal mij seer aengenaemm sijn qui afwaghtinge blijve als vooren

929 1170 1663 155 Amsterdam DH. franc. rousseau ady 17 auy ƒ722

1119 1281 2113 173 ue misiien van 14 deser is mijn broeder pedro wel gelwoorden oock heeft

1117 1380 2317 109 s: acherboon aen mijn broeder Jan michiel de notitie van 18 cassen groenen

1105 1474 2272 160 thee I thee bou 2 congo q ist heyers thee toegesonden terwijlen dat ick

1115 1589 2208 153 met mijne liefste een reysie naer rijsel hadde gedaen sij waeren

1120 1670 2300 146 verwondert dat hij boven ul geselde prijsen singe te speht hadde qul mede

1128 1764 2250 172 hebbende op de vercoopinghe tol oft ende geweeft swee dagen gal dat

1113 1878 2204 142 aen s: agherboon geshijdt hebbbe was dat hijcl orders volgen soude

1124 1976 2305 139 grant gepasserde ule sadvisgeven waer op vertrocken ben quu ien boven

1086 2032 2298 186 de gestelde prijsen gekoght heeft echter om geene prejuditie te lyden soo

1098 2186 2273 122 schrijve heden aen sj van bostem van de voor gemelde, cossen op het

1118 2240 2344 189 proedighste op jahiedam te senden volgens ue. salreede aen hem geordonne

1091 2359 2361 147 hebt & dast hij het impart soude op maeken de iek op mijn naeme te stellen

1121 2466 2167 121 & dat ick hier de waerde aen di hr Jan B Cogels pront sal betalen

1143 2565 2274 134 waer op ue sigh vertroulven lagh & sal ue de copye van de rek. soo

1134 2628 2277 134 haest die become toe sanden al isst dat den thee wat hoogh ingelsoght

1140 2709 2051 167 is geloove geen verlies sal syn dit sijnde het noodigh dese

1141 2821 1578 160 dat blijve naee ee vnetelijcke groedenisse

1139 2911 1422 160 suponnen ul de notelie van de prijsen

1138 3008 1535 159 oock tae gesonden sijn synde als hiedachter

1093 3067 1481 224 ostende Dihl achurbour Ady 17 d

1148 3207 2221 142 thuyscomende bevinde biy mijn broeder Jan michiel melijn nottilie

1154 3294 2202 171 van de cassen thee die ue voor re van d'hr Rousseau ad'onse

1153 3380 2156 171 toe sendt ick hadde ue geseydt bij aldien tot de prijsen die dins

1141 3456 2315 194 rousseau ue gestelthadte ponde koopen dat wel soude syn maedun

1152 3590 2267 176 ien dat ul ponsiderabel hoogert ingekoght hebt voor one rek

1150 3687 2305 151 waer over wij alle verwondert sijn haddt al andermael versoght

1154 3804 2257 161 sijne ordres naes te sien que sseptelijce te volgen dhor Rousseau

1145 3899 2277 159 schrijft aen si van costem syn ordre gesonden hadde om die cassen

1120 4003 2287 120 op het spoedighste op schiefden af te senden dat heden aen dh

1135 4132 2307 101 van cotten mede continmern & dat ick de betalinge hier binnen

1142 4212 2301 107 antverpen promt sal sdoen wil met twijfelen oft sal de passen

1159 4314 2288 108 op out schrijven laeten volgen g versenden soo met dat hij off ue

1157 4370 2294 132 ean lesternen gelieve te schrijven sal hem een brief van d'he

1169 4458 2288 154 oft d'hr lougs de conincte doen hebben voor alle syne seerotgt

3572 243 2464 183 versoecke de sorie te hebben dat de cassen wel geslolen gecondituoneert

3580 341 2298 149 wworden 9 dat die op het spoedigh te moghen al geladen woorden

3581 452 1528 142 waer mede naer hertelijcke gioetenmise blijve

3473 479 1696 195 London d'her John Satualle  Ady

3571 577 2450 192 thuys comende van eene clegie neijse  met mijne lieftte naer oftende gedene

3563 685 2446 139 hebbe bevinde mij vereent met iue aengenaem van 20 pass 5 waer op lot

3564 795 2429 146 antwoordt segge als dat het mij onmogelijck is betere sorge te dragen om het

3459 873 2575 217 sijn goiet als gdaen hebbe ben verwondert dat ue wedeven laegeten goedt dar

3539 952 2507 230 mjn maner op die goederen in N36 soo geroemt heeft soock op di van N 3

3569 1086 2377 187 sal ue eernste aenstaende ordre aen een van mijn ander makers bestellen

3552 1100 2493 271 quly sal dan oordeelen wie voorders timplogenen hebbe de facture van ƒ36

3565 1261 2497 175 naer gesien qbevonden, soe gelijck uk noleer dat mij icst courant soaude

3575 1324 2462 187 coren dogh alsoo die partije vm mijnen groet bock op ue nek svelgedvagen

3578 1417 2338 189 is can dat niet redresseren qune soy eyn bayateller oft de mayhe mett

3577 1557 1680 189 weerdt eenen post voor de ball N 36: 9 85:8 ½

3553 1610 2475 238 de bale N.37: is op 27 caulij pass maer brugge versonden geweeyt ghadde

3577 1738 2459 183 ordre gegeven aen d'heer renteryem van aen ick het cognossement toe

3575 1836 2450 187 te senden synde geladen in den schepe van leecks stroobant waer

3570 1955 2511 161 van hier in gesloten de lacken bedragende in wissel gelde ƒ1063:17 ½

3573 2045 2465 200 welcke gelieve te exammeren qualewel bevinden mij veor des selfsn

3573 2161 2311 219 waerde te meditenen queis voorders van ue denste vaervallende

3588 2283 2224 213 gelieve te comanderen die met alle dinst preenscen blijvee

3557 2380 2273 195 ue remise voor s £ 160- a 36:2 op sodoghe tol

3582 2530 1138 126 mechelen is oock geaccepeert

3565 2568 2488 227 versoecke van den ingesloten te laten behandigen aen mons. Iaae delpesch

3573 2694 2463 244 Conincklijcken notaris woonende bij de borse tot london, & aen hem te

3585 2777 2495 204 betalen voor rekeninge van dh: pedro melijn tot antwerpen 2 schellinge

3567 2878 2443 214 7 grooten sterlint sal ue rek daer vooren crediteren soo gelijck

3578 3047 1319 175 ul de wissel p naeste sal noteren

3513 3076 1895 210 Tunhoudt de wed. Jan sRobert Ady 21 dt

3593 3201 2406 220 ue aengenaem van gisseren wel ontfangen dien volgens hebbe aen

3593 3293 2487 192 Jacobus Jan sen ule assignatie van negen hondert myensessigh geldenien

3580 3464 2085 142 & teven staivers betalt in de volgende spenen te weeken

5572 3478 469 199 ƒ744:16

3610 3548 1591 136 66½ son pistolen a ƒ Crooven heder  56 st

5578 3638 435 147 „ 2118:8

3605 3675 997 144 s crovet in spetie a 56 st

3655 3766 323 124 monela

5799 3753 205 163 3

5150 3890 868 203 samen ƒ953:7

3591 3880 1641 257 dienende in voldoening van allen tot heben

3601 4056 2418 173 voorders hebbe advies van mijn vrindt dat de partye van el unj lest

3610 4140 2367 147 hem wel geloorden was ghij claght soo dat verdriet crijgen saght

3590 4266 2457 130 de ¼ qul 5 segels van leght geven van sleght coeleuss met wel

3459 4290 2640 169 gewerckt sijn dat kenm niet can animeren om andere onbieden

3611 4420 2320 133 wat van de laeste partije seygen sal moet noch afwaghten
