8413 4740
1059 291 2364 107 uyt dese stadt moete sijn sal hij het cognossement aen ue selver toe senden

1059 376 958 134 om geen tijdt te versuijmen

1036 464 2415 111 terwijlen ul intrest als eygen ter harten neme, soo hebbe niet getrocken

1052 520 2377 146 nochte trecken sal, maer sal ue remise voor st £100:- p ue eerste

1064 609 2318 165 verwaghten sijnde us: meeste avantagie & sien mede uyt ue: voors

1045 685 2395 193 dat uk: sulx wel begent derhalven sal mij daer op verlaten, waer mde

1050 838 1977 123 ue missive afwaghtende blije naer cordicle groetenisse

1062 910 2397 193 P.T. hebbe dese bale op 10 deser aen den maker betaelt tot ul n'acrige

1036 1043 2251 193 & seght voor die prijs niet meer geven can terwijlen daer niets aen

1081 1118 2298 162 avanceert dogh dat hij voor mij doen sal al wat hem mogelijck is.

904 1150 2547 281 amst Mijn heer francisio Rousseau Antwerpen den 27 sber 171

1103 1337 2330 178 ue aengenaemen van 23 deser wel ontfangen daer

1108 1462 2297 140 bij gesien den loooper van onsen thee met een

1097 1532 2347 174 chicane voor den sdagh comt 2legens de oncosten

1088 1611 2333 175 die daer ontrent gereien sijn pretenderen daer

1128 1696 2289 177 lopen: te coorten ƒ 180: ue heeft seer e

1106 1827 2329 181 gedaen can daer niet naer te theysteren als

1100 1902 2353 186 sijnde een onrecht matigen pretensie sblant tij

1091 2022 2362 164 feeerlijck dat de partijen aen hem verkocht

1101 2102 2311 164 is Lvolgens de factuerre en de onscosten daer

1073 2192 2341 205 op geresen tot bijnen laste met  suyver

1097 2289 2280 177 avans en uwe heeft ten tijde mane

1102 2366 2327 220 ver coop mij sulckx geaviseert de blijseinge

1088 2472 2211 232 daer & Jan te meer door ue gesonden

1099 2617 2346 147 rekeninge daer can te sienis sijnde daer

1110 2708 2357 209 op alles afgekort soo dat niet bedencken seen

1099 2786 2345 217 udat redene den cooper heeft die pretensie

1086 2919 2270 157 te Lillen formeren ten ellaere omt

1090 3042 2320 200 dilay Jan betaelinge ½ is niet noodich

1115 3100 2352 207 naer de te nugh cromote ians lieur ackerboon

1101 3225 2245 183 te llachten de questie kan voor hem

1146 3309 2301 184 par een messine wel gederideert lorden

1104 3404 2328 216 derhalven heeft den ccoper sijne schult

1114 3507 2288 245 bij tijde maer te voldoen en op het

1118 3621 2333 245 ingoureuste genomen soude jndien gevalle

1111 3702 2347 258 de  sijne pretensie maer connen inhouden

1118 3817 2094 222 tot alder tijt hij door Sr aceer boom

1137 3913 2187 248 geconvineert  sal sworden t'bij bj

1126 4004 2337 203 missiwe ofte anders ints hope dat de 2issel

1129 4128 2291 183 sich soo schecken sal dat mijn advant

1120 4207 2248 175 sonder schaede sal bonpen yntrecken,

1116 4282 2345 180 hier beneffen te ugh den wissel brief Jan

1106 4386 2293 189 N 700:- Aen laste marianne en ssabella

3597 261 2444 206 vernimen met behoorelijcke acceptatie en

3592 367 2485 164 waer in ue eenge soordere aengenaemen

3588 445 2475 189 dienst lvan doen gelieft maer te commanderen

3629 577 2357 175 die naer seer randeljcke groetenisse blijve

5063 624 741 211 Adij 2 xbre 1723

3479 714 963 167 swerdon moors: George thorne

3637 768 2441 187 in jange het gelucks niet gehadt aen ul: te schrijven ben sedert eenig nieer

3592 893 2447 205 uyt de negotie geschijden & hebbe mons: advianus ueythoven in de selve gestelt

3581 987 2503 161 & mijn packhuys overgelasen is een seer br man met den welcken veele affaires

3592 1085 2503 227 gedaen hebbe hij exeneert de sarges negotie soo als die bij mij is geweest a verniet

3592 1198 2470 190 bij ul niet is konnende & siah van andere heeft laten bediunen soo hebbe ue

3576 1300 2568 187 aen hem wel willen recomanderen om ul te minboyeren in swarte sagel perpet.

3583 1422 2342 191 van N:1 & drogetten warom hij aen ul: desen ingeslotenen is schrijvende

3585 1559 2472 154 & ordonnerende liets voor eene preuve hebbe hem van alles geinstruweert & hem

3598 1647 2400 205 geseijdt dat den resico van de zee op de swarte sarges altijdt sul: laste is

3568 1748 2506 221 ingevalle van ongeluck daer godt ul nous van bewaren wilt gelieft heen

3597 1875 2369 228 op ontfangh te antworden op alles & al: beste te doen van hem wel te

3580 1961 2517 234 bedienen ben wel versehert dat ul iaerlijckxx van hem goede comissien sult

3576 2076 2518 232 becomen sien dat onse bocken oft ik geeftent is & traghte met dan de

3590 2207 2442 212 selve te sluyten & al hoe wel die negotie geguiseert hebbe als ue mij

3589 2333 2503 208 sal gelieven te schrijven sal mij aengenaem wesen om ue dinste te connens

3587 2475 1534 176 doen waer mede naer seer vrinde groet blijve

5175 2569 674 166 Adij 2 sberi 1723

3498 2594 1036 155 bditton messrr Bere & Lnchmarck

3598 2691 2494 148 Cilsoo de negosie geguiteert hebbe hebbe geene occasie gehadt aen ue te schrijve

3609 2814 2430 113 & hebbe d'eere p desen ul: bekent te maeen als dat mijne affaires over geset

3603 2895 2484 129 hebbe aen mons: adrianus uythoven alhier sijnde een seer raf man waer mede

3608 2978 2415 144 groote partijen genegotieert hebbe hij heeft over langh de sarges negotie

3604 3111 2415 128 geexerceert & is ten hooghsten daer inne svaren a vermits hij aen ul: geene

3595 3190 2409 172 rennisse gehadt heeft hebben andere vrinden hem bedient & om ock oude

3603 3339 2383 145 & lange correspondentie soo hebbe ul aen hem wel willen recomanderen

3621 3401 2352 129 hij heeft mij versoght aen ul: eens te schrijven om de prijsen van de sarges

3609 3510 2454 187 & drapeer te weeten, synde die nu goeden coop hebbe aen hem onsen genetalen

3625 3634 2434 128 staelbock over gelaten om daer naer sjne noodige couleuren te ordonneren niet

3602 3754 2456 102 twijfelende oft ul. de copije noch bij sigh heeft gelieve dan aen voors uythoven

3614 3835 2421 118 te schrijven & hem van alles te ioreren ais een man die veel debiedt heeft

3610 3916 2351 147 & sijne negotie met eere & repatatie oxerceert tot al: naeright & waer in

3618 4021 2494 172 papabel ben ul: eenigen aengenaemen dinst can doen gelieve te comandere

3611 4092 857 176 du met astectie blijve
