8399 4699
1060 242 2311 121 voor een hondert vifen tagensigh guldens wissel gelde tot volle voldoen

1058 305 2291 107 het is mij leedt te vertaen de sleghte gesteltenisse van d'afferes hee

1044 370 2327 100 den goeden gods ons beetere mijden sal verlienen & als ue

1045 464 2333 101 heeft geliefn maer te comanderen ben voorsien van groo pa

1045 528 2296 148 erpstannen soo zeepwitte als swerte van alle prissen dNgelijck

1030 615 2267 112 eet: altidt gewoondt tis te hebben waer mede naer brjt preentatie

1065 676 1036 129 & hertelijcke groetenisse blijve

2458 715 746 173 Adij 6 xbre 1725

871 751 878 144 Bruxelles Steph: Rousseau

1062 798 2306 166 mons. J'ay l'honneur de vre agueable au 15  casse avec advis qu'avez

1066 904 2264 112 reccu les quate quitarcee a la charge de vostre ville done ies vous

1066 982 2221 118 ay debile pour ƒ213:4:9: de change ne doutant pas qu'elles

1059 1048 2212 144 sesons payez ie prend la liberlez de vous envoyer cy soint mon

1038 1133 2238 121 cassignation a vre ordre sur la veusez cornelis le fays pour la

1049 1230 2248 99 somme de ens quatre vingt cinc f lovens agenst de change

1045 1300 1943 109 vous pricent ien proceve le payement & me suvixe

1077 1368 1019 99 que ie suis tres onrmen

2225 1374 861 207 Adj 8 xber 1715

887 1419 1008 176 Gendt d'Hr Braip Louis Baut

1073 1509 2243 162 beyde us mij sed aengenaeme van 26 8bes pass qb dese

1058 1612 2273 98 sijn my wel ter handt gecomen met den eerstcn facturen van

1025 1696 2112 91 vied pieces ruve lijnwarten bedragende in wissel gelde

1052 1754 2312 120 £22: 3:8 en wae vooren ick is gesoedikert & sijn mij die stucken

1062 1830 2312 141 l schipper francois mast wel gewoorden, oock hebbe het wissel

1067 1909 2263 121 brrief is van ƒ 5 £ 62: tot laste guiltiamme le s elure met

1078 2013 2272 89 behoonelijcke acceptatie wel ontfangen bedangkende u sij voor

1069 2058 2288 114 die genoemen mogte met er lake soecome advis dat voor mijne

1082 2158 2298 96 ick noch ingekoght hebt 20 js. ditto lijnwaten die met het

1083 2214 2279 119 eerste versoegkende schip ieht af senden dat seer wel is vals

1065 2286 2300 116 eenigh pack docht noodigh hebbe van ½ brievt af te 3g van

1085 2347 2272 128 4&5 sfuyvers d'elle soo versoecke soo een stuck daer bij te daen van

1093 2454 2268 117 sal m het gerifeljckete sijn tgeleve op mij te taecken tgene

1079 2491 2250 167 uet is comende waer mede afsortend blijve naen presentatie

1077 2571 2136 130 van mijnen dint  groete u de familie van herten

2774 2664 433 161 Adij 9 d

911 2711 1096 152 hier margo suyers tafelveresse

1051 2809 2282 135 in lange van ue noet vernomen, desen om ul te laten weeten,

1058 2908 2316 155 als dat tusschen dit & kersemisse gaerne soude voldaen sijn van de

1064 3018 2282 153 tafelbrieven onder mij beittende, sijnde voor de somme, als aen

1022 3154 2342 120 den voet deser genoteert, & sal wederom op de niuwe tafelbrieven

1049 3218 2310 171 dit jaer getafelt, gelt avanceren voor meerdere sommen, dogh dese

1067 3328 2263 166 moeten eerst voldaen sijn, tot u gouverno, dit verwaghten de

1048 3448 1318 170 blijve naer Cordiale groetenisse

1048 3531 1896 192 een taseltref van ƒ1576:3 van vunoedus brans

1689 3641 1246 151 „ 4259:1 Cornelis diricksens

1746 3728 1220 140 „ 1425: 8 mel chior gobbaerts

1411 3895 824 147 Lamen ƒ 7260:12

1048 3931 2320 197 laet mij weeten hoe veel dat voor het corste oft tweede payement

1070 4036 2077 190 soude moeten aveneeren om mijn gelt gereedt te honden.

1058 4141 2164 190 heeft ue get tot brussel, cont dat aen dheer rousseau maer

1060 4285 1793 144 laten tellen voor mijn rekeninge als voor desen

5886 222 135 115 11

3427 259 1314 149 ondon Trebecca Hamilson & cooste

5256 250 739 161 adij 10 xbre 1721

3555 367 2400 118 ul aengenaem van 24 pass O.s: wel ontfangen daer bij

3566 470 2089 104 voor soo ps. tjcken de niet alle berenchelijcke sorge

3549 510 2463 142 fxperitie sal proviveren & cito mogelijck versenden & sal ue

3555 613 2427 91 remises daer vooren e eerste vewaghten, seynde ice altijdt het

3553 663 2257 116 profisbelsse te remitseren als dat op uss saecken soude

3544 765 2418 109 ibllancken uk voor alle goede presensalien van ainst Jin all

3555 835 2293 92 voorvallende occasien gelieve mij niet te sparel waer mede

3573 917 1983 131 afhortende blijve naer seer vrindelijck groeteni se

3435 1009 1488 154 London John Schappens 2o Edwardt

5146 1012 832 158 Adij 10 xber 1721

3566 1111 2397 91 ue mij seer aengenaem van 15 pass: 8.5 wel ontfangen naer

3578 1192 2338 101 biy mijne sreekeninge courans gesuldeert met een wissel brefne

3558 1257 2324 113 £37:315 op 2 usos a 35:103 un laste guillaaie de Jeben

3556 1340 2284 108 tot gendt in intwerpen te betalen dat om acceptatie hebbe

3550 1371 2448 154 vesonden gaiss rekeninge courant geexamineert die d'anvoir

3560 1495 2272 109 hebbe bevonden uytgenomen tjene ul sselt voor van poorst

3549 1509 2461 162 & notariale aele van £500: oostindische comp £1:019 en bevinde

3531 1598 2338 136 eet ues mij geadviseert heeft voor d'atte 9  suponnen de rest

3556 1631 2407 156 voors transoort te sijn soo dat die rest benevens u conform

3577 1723 2434 139 sal sluyten sien dat de oostindische pomp. wederon ƒ42 & noch

3558 1808 2451 112 hoogen is geweest naer dat tos iso was bij aldien die noch tot 150 mae

3569 1869 2446 129 toe dalene soude noch wel se £500 begeiven soo icl het geraven soude

3559 1946 2339 138 vinden want wille nietst ondernemen sonder ue aaprobalas

3578 1999 2409 162 men seght de weten van de gepasserde lotergce seef dalen ulle

3581 2117 2415 97 als daer prtyt aen te coen caih gelieve te laeten wieten al wel

3561 2185 2455 108 in eenige loutsen ofacsien waer mede naer dinst presen sal blijve

5586 2269 230 132 721

4949 2261 479 167 Adj 12

3444 2271 1226 158 Tunhart de wed: Jan BB SBebers

3554 2385 2314 107 use aengenaeme van 12 pass wel ontfangen dien volgens

3580 2452 2320 146 hebbe mij op ue woors detwout ontrentt het lynwaeret  hope

3559 2540 2455 114 int wasschen wit sal oerden wij hebben dat gemeten contrens

3566 2619 2442 128 beelten langh bevonden is 60 ellen e betalen a 5½ ƒ sijn  ƒ102:

3578 2715 2302 132 louraerr gelt hebbe ul be vooren den £200 a 51 t besalt soo

3554 2774 2451 136 geliete mj a ordonneren de ƒ102:- & betalen, & daer cen partieulin

3545 2866 2392 146 qui saulie van te enden want poete voor  jaer van alles off te

3556 2948 1758 101 sijn van het garen sal ue caer naer van schi ven

3562 3012 2421 94 hebbe een bien voor soo als tjcken dogh al soo daer moocken sondere

3566 3061 2318 116 sijn noce samen daert empbayeren com uet niet voor bij

3573 3100 2339 136 te gaen soo sende aen ue de shellt die sonder faute op sondagh

3569 3208 2434 126 besomende mij moet ue senden waer mede nae greloenis blijve

3585 3296 1339 120 y ¼ gract soof 15 smalle 710 brecn

3578 3372 1375 131 „ 25  3 segels 20 malle 7 5 breu

3621 3467 299 144 52 db

3590 3515 2296 177 senddt mede ul assignalie voor het is van de se 50 as

3587 3615 2284 111 ten langsessen legens toesomende donderdagh want maete het

3591 3712 1071 123 ider een eten sijn als voors

5223 3686 779 161 @ 12 di 172

3468 3767 776 131 Turnhoudt Egidius sanen

3584 3807 2431 152 gelievve mij op, sondagh toecomende toe a senden de 50 ondergenoterde

3579 3930 2389 61 tchen & sendt mede ue s assignatie aen ie suyse voor het iport

3569 3971 1574 114 des selvte waer mede naey geaetenijte aei

3584 4066 1213 87 715 ¼3 segels moerkens blam gwit

3586 4109 1579 128 720 d goot loot 15 male 75 breede stucpen

3576 4171 1278 127 „15   segels „ 18 small„ 5 breede

3587 4238 207 121 35 ƒ5

3594 4313 2305 94 mangeert niet van ue asispatie se senden want mese vovr

3594 4386 1482 117 ite jaer met ider een geefent sijn

5730 4381 80 112 beter
