8406 4713
1047 292 2200 109 p la quelle vous avez eu la bonte de m'adviser le depart de mons.

1031 362 2277 122 de swijndrecht de lille & il estoit arrive icy een parfaite sante le mesme

1015 463 2260 177 jour qu'avez me marque J'ay l'honneur de vous adviser p cette que j'ay

1037 565 2247 192 pronstement payez vre traitte du 23 xbre 1722 a 3 jours de date payable

1049 668 2327 157 a l'ordre. de mons: de swijndrecht valleur de madame van Zeller sans autre

1040 752 2341 212 pour six cons florins argent de change come celle pour dix noeuf cent quarante

1012 859 2343 182 deux florins sept et demne patars aussij de change a l'ordre de madame van

1018 958 2154 209 azeller dont vous en este debite en compte mon espouze vous fait

1051 1057 2148 241 bien des compliment et vous souhaite l'anne courant tres hureuse

1028 1181 2327 236 & salutaire comme aussij a madame vre comp. & a toutee la famile

1042 1276 2322 188 & j'ay l'honneur d'y joindre les meme souhaits & suis tres parfaittement

1056 1399 2250 203 mons de swijndrecht vous fait aussij ses compt. & a madame & a toute

1039 1533 654 153 vre phere famile

2295 1566 773 218 Adij 19 febr 1723

908 1627 658 171 £ius marge shjers

1065 1664 2270 226 ue brief van 16 deser wel ontfanghen gon eenige afferes niet cerder

1038 1807 2141 202 hebbe connen beantwoorden soo ist dat ul: segge dat het waed is

1046 1928 2264 182 dat wel verwondert ben dat ul niet sijlt wed gecomen gae wilt

1059 2047 2293 166 mij door  brieven wat amieseren q vinde de selve coutradictoire

2942 2145 163 86 mesd

1035 2125 2169 208 deen aen d'ander uyt mechelen schrijft ul mij op C deser

1060 2232 2231 203 dat ten langhsten op vosten avont dagh soude over gecomen hebben

1059 2354 2222 180 & dat mij &daer naer reglleren soude e schrijft ul naer surnhout

1064 2449 2339 188 garendonck: sijdt geweestn soo dat het light om tasten is dat het

1047 2572 2308 166 maer dientt om uytsstel gseer sleghte uyt oleghten ue moet peijsen

1055 2649 2353 198 dat sultx moede ben & dat niet schrijven de betalinge niet vervordert

1059 2763 2340 198 darnom soo bidde van gelt te brengen & te comen rekenen sen alderlaenge

1065 2910 2316 135 tot dijnsdagh toecomende oft sal moeten selver comen & my dan met

1075 2986 2277 175 geen woorden laten paeyen waer nier oock cont reguleren & blejte

883 3053 2230 204 Attons mad la veufe francois camet & Ady 190. vxls

1101 3182 2280 158 j'ay receu en son temps l'honneur de la vre tres agreable vre du

1058 3262 2249 194 16 me courant, pe la quelle vre grace me mande deux perpti N.170

1083 3358 2153 184 une blanche & une noire du meme N. comne ie n'avoir pas de

1061 3487 2333 157 blanchies de N70 sen ay fait blanchier une ps que vous trouverez

1054 3580 2333 171 belle & bonne mais comme elle ne sera sitoit prete je vous envoyerez

1070 3683 2150 180 la ps p le premiere voyage du messagier jonart qui sera la

1067 3752 2209 231 semaine prochaine icy come ie crois jsy la blanche y peut

1089 3889 2150 199 estre joint ie ne manquerez pas de la faire cependant

1078 3985 2212 192 si vous avez besoin d'autres N entre sems ie vous prie de

1075 4141 2227 159 me le marquer & ie sa cherez de vous rendre contante en

1082 4225 1384 182 toute chose & j'ay l'honneur destez

1082 4332 1429 169 ma comp vous fait ses compliments

1071 4423 1169 165 & vous este bien oblige des vres

5909 230 129 92 198

3507 270 495 153 st wed: Caniot

3529 311 2498 183 comme le messagier ballaste est presentement icy ie vous envoye la ps perpet:

3545 407 2460 177 noire N.70 en attendant la blanchie au plus toit possible, i vous prient

3559 538 421 152 me crediter

3553 543 2432 189 le 19 fevrier 1723 a 1ps perpet: noire N. 70  30 argent de change ƒ50:-

3564 696 2441 161 voila un florin moins quoy que ie profite peu de chose, estant pour

3548 783 1723 207 vous satisfaire & vous donner du contantement

5371 782 656 235 Adij 23 februp:28

3458 919 570 187 hier margo suyers

3548 971 2455 204 op 19 deser hebbe ue: versoght van niet voorders uyt te stellen van over te

3538 1101 2493 191 comen & dat ul ten langhsten heden hier soude verwaght hebben, &even wel

3553 1200 2406 161 ue: niet vernomen, dat mij groot chagrin causeert te meer om dat sien,

3544 1295 2418 149 dat alle mijn schrijven ue: niet acht noch antwoordt noch gelt become

3545 1406 2418 162 sijnde nu wel een maenst genden niet een stujver betaelt hebt & oock

3554 1511 2387 177 blijven ue: gedane betalingen ongelignideert was van intentie van

3544 1578 2476 174 morgen naer hier te comen, dogh die rejsen vallen mij wat cottelijck

3559 1709 2475 196 soo dat eens deel die late, mij vertrouwende dat op vrijdagh toecomende

3560 1837 2447 172 mij sult comen besoecken, & eenigh gelt mede brengen als wanneer seer

3542 1928 2453 204 gaerne eenighsints effen resieninge soude maken, biddende andermaels

3550 2030 2452 187 mij hier nne te voldoen, & in afwaghtinge blijve naer groeteniste

5186 2118 763 199 Adij 25 geb 1723

3439 2162 1125 203 msterdam D.H. franb. Rousseau

3558 2182 2517 239 ij mij seer aengenaem van 22 deser wel ontfanghen & aen de doedt der selve

3558 2344 2413 150 een afdrucfsels van het signet dat u de goedthijdt gehadd heeft van voor mij te

3561 2463 2458 163 laten graveren bvinde het selve ten uytersten wel uyt gelwerekk dogh valt wat

3557 2588 2500 184 groot in sijn bellorp ven wel ben daer over seer content & blijve ue ten hoghsten

3526 2656 2396 223 verplight voor de genomen moeyte & goede sorge ul: seght dat het ncher

3557 2782 2414 208 bentvens ue brief toesont soo ben naer het post comptoir gegaen om het afte

3556 2921 2478 147 halen & men gaf mij voor andrwordt datte voor mij van costj niets mede connen

3569 2998 2456 199 was soo suponere dat het sal sijn blijven liggen versoeckende daer eens naer

3575 3123 2406 178 l'inquisteren & oft ue tnoch niet versonde n hadde van ge post mij te laten

3568 3224 2401 186 toecomen geloove het port van weynigh belangh sal wesen sal ul voor het

3582 3310 2476 213 montant ƒ 22:15 jours gelt crediteren ben seer ourieur om het signet te sien

3582 3403 2405 235 om dat het wat hoogh beloopt twijffele niet oft het satsoen vant sibier soo

3550 3555 1120 181 aerdich als het grastersel sijn sal

3550 3688 2510 156 de spoinge die u ontrent den thee geeft aen mijn broeder Jan michiel doen mij groote

3583 3778 2458 137 achterdencken geven van verlies te meer om dat onse  my alleen aengaen & die somme

3589 3870 2444 165 noch wat beloopt echter oete mij niet het soor contentent & sal hoe wel ul mij

3579 3931 2454 203 daer niets van niteert ben seer begurigh om te verstaen op wat doett daer af souden

3592 4073 2424 139 comen geraeten dogh salt altijdt aen sendirectie laten & mij daer aen referteren dat

3571 4143 2504 187 onle oostinesche comp. aen goet fis seker dat het planj tot brussel bij den marguis

3560 4239 2483 168 de brie is & dat de directeyrs daer bij beneemt sijn genen seght de 2 persoonen van

3595 4325 2446 132 antwerpen je sijn dhr. Jacome de pret d'hr lours de Coninck & d hr pedra rous

3580 4425 2442 78 emniers men het die keeren dien will naer brussel gaen vant ontwerp cannen noch
