8406 4706
835 249 2556 222 Lille mons: Joseph de Lannoy de la Hacime Ady 26 di 17

1044 407 2328 201 je n'ay receu qu'aujourd huy l'honneur de la vre de 2

1041 540 2356 208 courant y coint deux remisees paitant en semble en argent

1044 642 2327 210 de change la somme de deux mille neuf cent p lorins sus

1041 770 2277 193 la S: Jean B de soulon a bruxelles le quelles ie sacheray

1061 892 2299 155 de negotier a vre plus grand avantage aujourt huy ie ne l'ay

1049 1015 2343 181 peie faire qu'à  de parte ce pous quoy que j'ay dilaye

1049 1126 2315 204 pour de main cependant ie craingu que ie seray oblige day

1053 1249 2351 214 passed a cause quelie ont encoue 1s peir jours a couvie demain

1073 1349 2296 210 ie vous en donneray avis du succe & sell en serve que pour

1058 1547 2283 151 vous m'estre en repos que vos remises me sont bien p

1058 1621 2273 169 pervence & vous pouvez disposes de vre argent quand bon

1065 1728 2220 202 vous semblera touchant la provision nous n'aurois

1061 1851 2309 184 pas de difficultes ie suis touvoiurs au service de mes amis

1059 1995 2331 185 q'il ne que sop jusse que mons: de wijndrecht sexcuse

1053 2098 2362 209 de faire les moindre affaires puis que sen age ne la pennes

1059 2223 2340 207 plus & qu'austre fais ma comp: les faisoit & presentment

1069 2339 2318 184 cela he convienne pas cependant en tous occasion ou e

1085 2476 2185 149 vous puis estre utile &a la famile soyez paruadez

1297 2587 145 62 serve

1066 2600 704 192 que ie toujours

902 2611 2509 241 llemse ion de anves de lea bayie Aad 27 d 172:

1058 2815 2322 198 Je ne referre a celle que ie mes suis donnne l'honneur de

1072 2953 2312 214 vous escreue e kiet cette ne servira que poud vous donner avis

1068 3140 2334 159 que j'ay negotie vos deux remises sud bruxelles aujourdhay seavid

1081 3241 1283 190 ƒ800:- de change a de veue

2417 3265 941 248 2900:- a 5½ de vre perte

1093 3357 1288 197 „2100: de change a  deveve

1103 3500 2264 216 restant ƒ2802:15 don vous en est credite en £482: 2:6t

1091 3639 2284 206 de change vous priant de l'anoller en conformile ma compt

1085 3783 2169 206 vous fait ses compliment comm aussij a mons: de la

1100 3924 2049 184 chapelle & a facle la famile comme moy qui suis

1086 4073 758 158 tres paufaittement

939 4073 2420 259 oruvxelles mons: Stephano Rousseau Adij 27 janus 1722

1102 4293 2258 163 mons: J'ay receu l'honneur de la vre du 23 courant

1086 4398 2251 131 avec avis qu'avez strez sur moy a quatez jour

5866 186 113 128 1d

3570 263 2379 186 de vene p caisse la comine de dixsept cent florins argent de

3559 383 2365 194 change a l'ordre de mons:: gerard cieters que j'ay payez a la

3565 504 2353 177 presentation et vous en est debiee ie vous envoye cy joint

3562 615 2333 181 deux remises sur mons: Iean  de boulon que j'ay endoise

5237 745 656 136 a vre ordre seavoir

3567 788 1485 201 ƒ800:- a 5 sairs de veus argent de change

3560 892 999 188 „2100:- a 6 jours de veue

4792 929 115 193 d

3541 1022 2482 288 ƒ2 goor de change ice dis deux mil peuf cent flotins argee

3550 1229 2464 212 de change vous priant d'en procurer. le requis j'ayant receu

3553 1401 2350 202 la vulleur n en crediter et de donner un peut mot d'avis

3562 1548 2246 190 de la receptivn de cette a celuy qui est tres cinserement

3453 1644 1249 225 ried marge juvers cafelieresse

4933 1651 966 212 Adij 28 Janu: 1722

3559 1784 2448 239 mejouff: ue: aengenaem 10 deses op syn tydt wel ontfangen

3544 1927 2274 218 dien volgens hadde al verwaght dat swee brefkens van

3552 2085 2430 212 ƒ3000: gettelijcke guldens soude hebben comen voldoen dese

3564 2227 2290 179 maens & hadde daer staet op gemackt dogh vinde mij nu

3562 2383 2458 207 geabuseert daerom diene dese om ue te versoecken van over

3543 2504 2410 174 te comen & te voldoen dit afwaghtende blijve naer groetenis te

3469 2638 2562 218 London Mons: Chomas Scawen & comp Ady 4 fevried 1722

3559 2820 2467 190 J'ay bien receu l'honneur de la vre du 29 gxbre V S avec

3550 2923 2292 264 avis d'avoir receu ma remise de  £180:- sur petionelle de

3564 3086 2300 228 vlieger esche le ½ du mois passez & quapres avoir obtenie le

3573 3280 2371 169 payement que vre grace m'aurez remis ce qui me revienne

3555 3400 2348 196 de sorle que j'ay ette en attente des recevoir des remiles depuis

3554 3584 2412 163 que ma preditte remise et eschve nous avons receu plusieurs

3564 3700 2402 200 posses les derniere lestres sont de  passe & comme le change

3550 3808 2490 235 est assez savorable ie vous prie de ne plus dilayed a me remettre

3550 3963 2387 226 J'ay Camunique a mon amis snogens le contence & de vre

3556 4106 2376 195 lettres touchant l'assignation sont il est bien mortie il

3568 4218 2445 218 a escrit au 1 de wille pour vour suil pourroit estre satist

3577 4344 2423 137 en luy donnant de commision mais ie crainne que le la
