8193 4685
818 223 2455 115 hem tot turnhant sijnde noch al opgesedt, hij heeft drij meet

827 262 2450 208 gesoreven, & sij tot antstd eene messire toegevonden, waen

817 393 2410 179 nuts anders conde verstaen worden, als patter speculane

817 516 2463 189 gemackt wos, waer op hij noch mael gesereven heeft

821 616 2466 201 naer sijne obligatie inden staet daer hij signe bevondte

797 700 2486 256 2 noteerde dat hij selver soude oversomen, om de offace

795 840 2458 238 le avanceren & ac: ucanighre sijt soo beett dan nu

832 982 2449 236 eens te serjven datter geen aparentie vras van resolntie

807 1036 2474 238 daer nochtans gescreven hebt over saken my rakende

842 1151 2445 299 gistren avont van vrangen huys gesomen sijnde verneme

850 1314 2392 260 ali en pertinenten handel  en van al: nighte

764 1409 2519 264 die onder verlijke luyden niet gepractiseert wot

819 1571 2426 266 gj reet dat om d'affaires ran trangen met

838 1672 2449 263 derver larg men srrijet plaet hem oversomen

835 1791 2461 273 hij hadde londagh noch connen thuys sijnn men

803 1919 2434 301 Di muleert seght met mede alle unt minste

850 2051 2433 281 geene de claratie u nighse gaet maendagh buyte

821 2140 2454 252 voor wee dagen & hadet opentlijk den tot met

862 2282 2430 269 hem Coock met mij resmits dat gij mij selve

877 2392 2418 225 ever die laske gespothen hebt, soo fang ick gelieft

851 2524 2440 224 hebbe hebbe dat danigen handel noyt genoort sij

854 2628 2425 245 verschert dese passogie, niet ten sijnen regarde

880 2768 2414 250 maer ten mijne mij inde wyttersgramschap

889 2897 2405 233 tebby u meriteert met de gansteghyt die voor

891 3032 2403 263 ul gehadt hebbe bij een ander hebbe 2 p rabat

875 3123 2412 238 daer by ay mij met een consentere ue hadde van

888 3295 2310 238 wanghen sijnen op niet moeten vobblasen

893 3373 2344 249 weet noch wat ick ul hier sijnde gelijdt hebbe ik

883 3491 2291 242 chyde want mijn gemoet is te seer versorne

889 3603 2236 269 om ueven beestegen handel t' mijnen regarde

899 3657 2399 315 hadde ue hem tot ue nighte niet aengemoedight

909 3850 2386 246 hij soude daer noyt op gepeyst hebben ra

905 4025 821 185 hmede blijve

5268 153 699 194 Adij 18 gber 1719

3389 175 1172 208 Brugge L. Van Rentergend

3502 237 2332 202 ue: aenge van 11„ 12„ 315 deser, &sel ontfangen met den eersten

3493 343 2518 213 cognossement,  oncost rekk op het packie tijken HN.10 bedragende

3518 479 2456 198 en wisselgelde ƒ 11:18½ £1:19:7en waer vooren ue is gecrediteert

3505 571 2344 169 als mede voor ƒ 73:0:6: voor doncosten op mijne twee balen

3484 662 2142 255 perpett. N. 22. 23 die alhier wel hebbe ontfangen

3503 749 2380 212 met don trreeden hebbe te rieg den rissel brief van 146:

3509 882 2468 186 a 36:4en door uk geaccepteert, met behoerlijk addres, hebbe over

3508 962 2486 266 lanck geweeten dat k en engelse goederen negotieert & dat

3518 1072 2475 272 op ue getrocken wert ue antwerpen te betalen & ul behoorde

3513 1189 2473 212 mij oock eenige provisiee te laeten verdunene. tot ul narighe

3516 1290 2378 271 op den laesten vende geene naterie om te behandt woorden

3520 1370 2464 248 als dat alles wel es voorders soo hebbe heden noch eene pack

3508 1475 2514 265 tijken ul toegesonden, gemarckt  N.22. in handende 60 po

3511 1605 2496 274 tjkenen voot rek san m ohn tatuall tot London, hope

3502 1746 2523 189 dat Lucas stroobant, noch met sal sijn vertrocken om den

3530 1819 2480 264 contenuelen contrarie vrinde,  dat ditto pack noch in tijts

3518 1902 2489 247 sal comen, & oft ditto schipper al na ostende ras ue soude

3526 2029 2496 256 hem connen scrijven, noch een pack te sonden, macke

3527 2148 2496 220 staet, dat dit pack maendag toecomende a costij sal resen

3517 2280 2408 206 het succes hier kan sal bran ul gaerne vernemen, ick

3515 2340 2459 250 verwaghte van London p cerste Gbertreckende bij lander

3538 2486 2462 201 4 baelen salfsvellen, soo eenen compt t'arriveren, gelieve

3520 2575 2505 231 te laeten vreeten, aen die naer seer vrindelycke grooten

3544 2767 422 206 blijven

5284 2831 673 239 Aey d. 1719

3396 2862 1044 250 Dwerton P: Thorne

3548 2936 2472 237 uue aeng van 17 past° 68: wel ontfangen daer benaveus mijde

3522 3087 2489 200 Rek courant gesloten, dat mede gedaen hebbe, soo dat rij ve

3544 3199 2495 174 van alles effen sijn, & om eene imuwe te beginnene soo begere

3546 3310 2491 158 wel 30 ps. moeren a 34:6 en 3 30 ditto beste a 3 8egen samen

3553 3374 2481 201 60ps in une bale den rises van de lie tot inde have vae

3544 3475 2467 188 ost ende darhalve sendt de selve, op het alderspoedighste op

3532 3590 2503 167 London aen ul vrint, met ordre om die van daer met het

3546 3706 2425 185 erste vertrechende schip op ostende te versinden, ick sal

3570 3806 2462 223 eens sien, oft die sullen vallen n qualitjt gelijck ue gelooft

3530 3902 2497 207 de laeste die gehadt hebbe sijn veel sluchten geweest, als de

3548 4050 2483 165 joerige principael die bale coffies van 90 ps die noch

3560 4117 2467 213 alse bij hebbe,  sijn niet vercoopbaen om de sleghijdt van

3567 4252 2462 214 goet, & ick hadde wel gewenst die niet aengenomen
