8317 4699
2729 229 576 114 Adij 28 xber 1720

848 237 897 144 Amst sirancisio Rousseau

983 315 2269 128 beyde ue aengename van 16 & 19 pass wel ontfanghe, daer bij de 3a d

1003 437 2321 127 wissel brieven van de geremitteerde st £300:- hebbe tot mi toe geene

985 500 2333 117 materie gehadt de selve te beantwoorden doccasie pretenteert sigh, dat

997 588 2333 164 verobligeert ben twee boven camers met nn desen te laten legge dat

991 689 2318 160 doorsake is, ue met desen come timportidneren met versoeck van ligh

1004 777 2263 155 cens te informeren by den princdpacetten houdt vercooper oft hij de

983 893 2330 140 onders desen soude connen leveren & lhoe lanck hij die bij gehadt heeft

999 984 2230 146 want moeta seer droogh sijn, om in den naetten somer te leggn,

1007 1080 2223 178 daermogen geen wieren in sijn, den qmies van de selve te noterm

1003 1164 2245 192 excuseert dese importune comissie hope dat niet qualijck salt af

985 1266 2352 177 nemen, & in iets waer in ue van gelijcken dienstigh magh wesen, gelieve

993 1367 2308 165 te comanderen, ul missive tot antevoordt te gemoedt siende blijve

997 1513 1048 130 naer seer tminsame groetenisse

990 1531 2372 199 in affaires passeert voiers ider een is vervaert voor monigh vildige banqueron

993 1675 1124 169 daer godt uls & mij af beware

1082 1681 2240 237 40 grijne camer delen, 1½ duyn dick 25 a 28 voeten lanck hoe veel ider deul

1092 1851 1954 186 36 ditto 1½ duyn dich, 19 voeren lanck sioe veel in puiys p dele

1169 1932 1948 212 alle sonder wieren wijnigh oft sander specken, & seer drooghe

2843 2031 379 150 Adij d

833 2099 886 187 Turnhoudt Cgidius samen

993 2178 2332 163 het antwoort op ue brief van gisteren, gelieve mij s00 stucken tissen

1002 2289 2344 153 te besorgen, als aen den voedt deser genoteert, & dat ue recomanderen moete

1016 2389 2322 152 is dat van het alder bette goedt moet senden, want soude mijne calanten

997 2478 2316 195 anders verliesen, & dat soude mij seer gevoelijck sijn, & ue soude de faute

1006 2569 2296 162 sijn, dese tijlen sijn voor eenen vwesen vrindt die de tijken al te wel

993 2669 2337 175 kent daerom draeght de goede sorge, & sal de selve toecomenden donde dag

1014 2802 1203 173 verwaghten blijve nae groetenisse

1179 2882 1367 196 55 ¼ groot loot 40 smalle 15 breede

1145 2970 1260 204 25 ¼ 3 segels 5d. 20 d

1148 3061 1287 235 20 ¼ 3 segels 10 d 10 d

1124 3147 2231 229 100 ps. daer onder begrepen de ¼ grloot die bij ue surter syn

1103 3302 1899 180 soo dat int geheel maer s00 stucken hebben moete

3040 3340 128 110 mo

2856 3384 422 159 Adij d. gber

884 3465 884 150 Turnhoutt de wed: Robet

1036 3508 2333 210 ue aengename van gisteren wel ontfanghen dien volgens sal ul casselijnn

1028 3639 1511 162 aen Te Cornelis pauwels betalen voor ƒ 430:8-

1025 3697 2292 165 heden become een ordre voor 12o ges. tijken die cito molgelijck mij gelieve

1030 3816 2224 150 toe te senden tis voorden alderviesten, daerom wel te lotten, om het

1036 3917 2274 146 schoonste goedt te senden hij wilt de tijten beter coop hebben, soo ice moet

1032 4012 2243 131 verminderinge doen, oft anders liggen wij in de goedt & als desen man

1022 4140 2306 117 quijt ben den donen de tijtn niet meer, want loope ten grooten

1052 4195 2241 173 risico met alle andere voor een bagatelle versoecke van luy banys

1016 4338 2327 145 sijlier te senden hebbe wets meer voor provisie waer mede blijven

3767 206 1434 139 „ 40 ½ gloet 30 smalle - „ 10 breede

4904 279 280 105 5 brede

3767 292 981 148 „20 ¼ 3 segels . 15 sualle

4380 356 495 131 10 snalle

3748 380 454 134 „10 ¼ gloot

3765 407 1458 195 „44 ¼ 3 segels  30 smalle - 14 brede

3834 534 969 152 6 ¼ groot loit „ 6 smalle

4426 628 156 78 2

4366 654 852 171 91 scalle 29 brede

3754 651 304 189 120 ƒ

3776 725 1518 175 hier sijn nu de  groot loot om te lossen

3552 856 1231 171 ick sal un stuck sijn waet nu verpacken

5297 890 631 165 Adj 2 gber 1720

3441 975 824 171 Gent Francois Louis Baut

3570 1024 2428 167 noyt dere gehadt aen ue te schrijvnn bij faute van occasie hebbe eenige stucken

3537 1134 2456 134 gentsche lijnwaten sjaers noodigh, & terwijlen geinformeert ben, ue in die negetie

3530 1239 2395 141 doedt soo wenschte ue soo goedt waert van mij 3 a 4 seucken toe te senden

3543 1312 2373 164 van  shalf breedt & a 10 stujvers, 10½ st: a 11 p p elle dogh niet hooger

3549 1362 2391 187 de stucken moeten wat wit vallen niet graen van gront oock niet te seen

3539 1487 2454 197 gestrept, & al sijn sij alle van een prijs daer is niet aengelegen, wel te verstaen

3542 1585 2455 174 dese prijsen in courant gelt, que provisie oft avance, gelijck uk gewent is te

3537 1668 2453 177 bedienen, hier onder begrepe, sal dese 2 a 3 ps. de toecomende weke noodigh

3552 1755 2469 178 hebben & soo die mij connen accomoderen sal de libertijt gebruyssen van meerdere

3540 1873 2416 135 te vraghen, dienende voor eene preuve excuseert dese libertijt hopende de

3537 1936 2479 181 occasie sigh presenteren sal van eenige affaires te samen conen doen van

3554 2055 2289 146 meerder belangh, & waer in ue dienstigh magh weten geliee liben te

3541 2111 2433 215 comanderen, die naer seer minsame groetenisse blijve aen ue. & de gelieele

3510 2278 289 150 Janulie

3536 2307 2040 171 de lijnwaten mogen niet geblijckt sijn segge touw lijn waten

5324 2403 387 150 Adij 2di

3440 2457 940 160 London Jacqus frans: de witte

3550 2500 2474 192 op 9 pass was aen ul mijnen laetten met versoeck van mijne ick courant met dhaer

3547 2612 2459 158 bollengier saliges, als mede om te weeten, wie dat voor de salfsvellen moete crediteren

3546 2704 2409 164 sedert geene van ul: vernomen, dat mij oppatientigh maeckt te meer omdat

3553 2771 2460 181 diversche engelsche posten, hier aengecomen sijn, & dat sien, van over langh hadde

3554 2893 2424 173 connen voldoen aen mijn versoeck, tis buyten mijn manire, imant voor mij

3557 2979 2458 155 in debours te lasten, ue traegheyt wort van vele berispt, & dat een correspondent

3554 3079 2407 132 niet animeren, derhalven om dat te voosomen bidde ul andermael aen

3572 3157 2443 158 mijn voors. versoeck te voldoen, sonder voorde wijtstel, dit van ul verwaghtende

3575 3283 943 170 blijve naer cordiale groetenisse

5439 3277 406 172 Adj 2d

3457 3385 641 141 London Jon tatuall

3566 3423 2426 183 uk: aengename van 17 passt I.5. gitteren ontfanghen daer benevens den 2 brief

3559 3529 2422 195 op Jan B. de sadelare geindorseert dat wel is, sijnde de prima geaccepteert, & voor

3557 3613 2441 145 de remise van  £100:- ten laste judous van diest a 35: 7 et sal het noodighe

3568 3703 2417 151 besorgen, oock voor de 120 ps. geordonneerde tijken die met alle bedenckelijcke

3568 3801 2374 191 spoedt sal besorgen, maer vrlete de  groot loot niet te becomen, mijn beste

3568 3878 2379 156 maker heeften wel, dogh sijn breede rrepuy & ue vraeght snalle strepen, sal

3574 4036 1326 109 buyten ue ordre niet senden, liever geene

3579 4023 2443 198 wat aengaet om ue intrest te menageren, niet getrocken hebbe is mijn schuldige

3559 4167 2418 154 plight vermits professie make, mijn vrinden wwl te bedienen, & hen voordeel te

3579 4203 2450 170 soecken, p mijn naeste hebt factue & cognossement te verwaghten waer mede

3589 4352 2131 112 naer seer vrindelyke groetenisse & presentatie van dinst blijve
