<?xml version="1.0" encoding="UTF-8"?>
<alto xmlns:xsi="http://www.w3.org/2001/XMLSchema-instance"
      xmlns="http://www.loc.gov/standards/alto/ns-v4#"
      xmlns:page="http://schema.primaresearch.org/PAGE/gts/pagecontent/2013-07-15"
      xsi:schemaLocation="http://www.loc.gov/standards/alto/ns-v4# https://www.loc.gov/standards/alto/v4/alto.xsd">
   <Description>
      <MeasurementUnit>pixel</MeasurementUnit>
      <OCRProcessing ID="IdOcr">
         <ocrProcessingStep>
            <processingDateTime>2022-02-11T21:40:29.43+01:00</processingDateTime>
            <processingSoftware>
               <softwareCreator>READ COOP</softwareCreator>
               <softwareName>Transkribus</softwareName>
            </processingSoftware>
         </ocrProcessingStep>
      </OCRProcessing>
   </Description>
   <Layout>
      <Page ID="Page1" PHYSICAL_IMG_NR="1" HEIGHT="4713" WIDTH="8351">
         <TopMargin HEIGHT="0" WIDTH="8351" VPOS="0" HPOS="0"/>
         <LeftMargin HEIGHT="4713" WIDTH="0" VPOS="0" HPOS="0"/>
         <RightMargin HEIGHT="4713" WIDTH="0" VPOS="0" HPOS="8351"/>
         <BottomMargin HEIGHT="0" WIDTH="8351" VPOS="4713" HPOS="0"/>
         <PrintSpace HEIGHT="4713" WIDTH="8351" VPOS="0" HPOS="0">
            <TextBlock ID="region_1644475191782_1835"
                       HEIGHT="4309"
                       WIDTH="2561"
                       VPOS="210"
                       HPOS="794">
               <Shape>
                  <Polygon POINTS="794,210 3355,210 3355,4519 794,4519"/>
               </Shape>
               <TextLine ID="region_1644475191782_1835l1"
                         BASELINE="2764,342 2792,344 2821,344 2850,344 2879,343 2908,342 2937,342 2966,342 2995,341 3024,340 3053,340 3081,340 3110,340 3139,340 3168,342 3197,342 3226,343 3255,344 3284,345 3313,348 3342,352"
                         HEIGHT="150"
                         WIDTH="609"
                         VPOS="246"
                         HPOS="2748">
                  <String ID="string_region_1644475191782_1835l1"
                          HEIGHT="150"
                          WIDTH="609"
                          VPOS="246"
                          HPOS="2748"
                          CONTENT="Ad 15 gber 172"/>
               </TextLine>
               <TextLine ID="region_1644475191782_1835l2"
                         BASELINE="936,360 973,362 1010,362 1047,362 1085,362 1122,362 1159,362 1197,362 1234,362 1271,362 1309,362 1346,360 1383,360 1420,360 1458,359 1495,358 1532,358 1570,358 1607,358 1644,358 1682,358"
                         HEIGHT="158"
                         WIDTH="778"
                         VPOS="268"
                         HPOS="919">
                  <String ID="string_region_1644475191782_1835l2"
                          HEIGHT="158"
                          WIDTH="778"
                          VPOS="268"
                          HPOS="919"
                          CONTENT="Brugge Rentergen"/>
               </TextLine>
               <TextLine ID="region_1644475191782_1835l3"
                         BASELINE="1078,446 1191,450 1304,452 1417,452 1530,452 1643,452 1756,452 1869,450 1982,450 2095,448 2208,446 2321,444 2434,442 2547,440 2660,438 2773,436 2886,434 2999,434 3112,434 3225,434 3338,434"
                         HEIGHT="210"
                         WIDTH="2291"
                         VPOS="313"
                         HPOS="1063">
                  <String ID="string_region_1644475191782_1835l3"
                          HEIGHT="210"
                          WIDTH="2291"
                          VPOS="313"
                          HPOS="1063"
                          CONTENT="uls aengename van 10„11 pass &amp;2 deser wel ontfanghen, met den"/>
               </TextLine>
               <TextLine ID="region_1644475191782_1835l4"
                         BASELINE="1074,544 1184,544 1294,544 1404,544 1514,544 1624,544 1734,544 1844,544 1954,542 2064,542 2174,541 2284,540 2394,538 2504,536 2614,532 2724,530 2834,526 2944,521 3054,517 3164,511 3274,504"
                         HEIGHT="131"
                         WIDTH="2232"
                         VPOS="446"
                         HPOS="1056">
                  <String ID="string_region_1644475191782_1835l4"
                          HEIGHT="131"
                          WIDTH="2232"
                          VPOS="446"
                          HPOS="1056"
                          CONTENT="certten de oncost ick van de 3 balen calfsvellen, waer vooren es"/>
               </TextLine>
               <TextLine ID="region_1644475191782_1835l5"
                         BASELINE="1062,648 1173,646 1285,646 1397,644 1509,644 1621,644 1732,644 1844,644 1956,642 2068,642 2180,640 2291,638 2403,636 2515,634 2627,630 2739,626 2850,621 2962,615 3074,608 3186,600 3298,592"
                         HEIGHT="186"
                         WIDTH="2264"
                         VPOS="531"
                         HPOS="1047">
                  <String ID="string_region_1644475191782_1835l5"
                          HEIGHT="186"
                          WIDTH="2264"
                          VPOS="531"
                          HPOS="1047"
                          CONTENT="gecoediteert is in wissel gelde £9:15:4en ƒ 58:12:- als mede"/>
               </TextLine>
               <TextLine ID="region_1644475191782_1835l6"
                         BASELINE="1042,744 1155,746 1268,747 1381,748 1494,748 1607,748 1720,748 1833,748 1946,746 2059,746 2172,742 2285,740 2398,736 2511,734 2624,729 2737,724 2850,718 2963,712 3076,706 3189,700 3302,692"
                         HEIGHT="184"
                         WIDTH="2296"
                         VPOS="617"
                         HPOS="1024">
                  <String ID="string_region_1644475191782_1835l6"
                          HEIGHT="184"
                          WIDTH="2296"
                          VPOS="617"
                          HPOS="1024"
                          CONTENT="voor ƒ 16:9:6 £2:14:11 et voor oncotten op het pack tijsen"/>
               </TextLine>
               <TextLine ID="region_1644475191782_1835l7"
                         BASELINE="1062,856 1174,856 1286,854 1398,854 1510,854 1622,852 1734,852 1846,850 1958,848 2070,845 2182,842 2294,839 2406,836 2518,831 2630,826 2742,821 2854,816 2966,810 3078,802 3190,795 3302,786"
                         HEIGHT="188"
                         WIDTH="2273"
                         VPOS="708"
                         HPOS="1046">
                  <String ID="string_region_1644475191782_1835l7"
                          HEIGHT="188"
                          WIDTH="2273"
                          VPOS="708"
                          HPOS="1046"
                          CONTENT="DN. 26 p ues laette advies vant arrivement van loln buowdge"/>
               </TextLine>
               <TextLine ID="region_1644475191782_1835l8"
                         BASELINE="1050,958 1164,956 1279,954 1394,952 1509,950 1624,948 1738,946 1853,944 1968,942 2083,939 2198,936 2312,934 2427,930 2542,926 2657,922 2772,918 2886,912 3001,906 3116,898 3231,890 3346,882"
                         HEIGHT="212"
                         WIDTH="2328"
                         VPOS="812"
                         HPOS="1033">
                  <String ID="string_region_1644475191782_1835l8"
                          HEIGHT="212"
                          WIDTH="2328"
                          VPOS="812"
                          HPOS="1033"
                          CONTENT="daer niet bij geintresseert ben ten ware vant marck K. dat eghter"/>
               </TextLine>
               <TextLine ID="region_1644475191782_1835l9"
                         BASELINE="1082,1050 1193,1050 1304,1048 1415,1048 1527,1046 1638,1046 1749,1044 1861,1042 1972,1040 2083,1037 2195,1034 2306,1030 2417,1028 2528,1024 2640,1018 2751,1014 2862,1008 2974,1001 3085,996 3196,988 3308,980"
                         HEIGHT="182"
                         WIDTH="2258"
                         VPOS="938"
                         HPOS="1065">
                  <String ID="string_region_1644475191782_1835l9"
                          HEIGHT="182"
                          WIDTH="2258"
                          VPOS="938"
                          HPOS="1065"
                          CONTENT="niet geloove. desen on ue te adviseren, als dat desen morgent uk"/>
               </TextLine>
               <TextLine ID="region_1644475191782_1835l10"
                         BASELINE="1066,1156 1176,1155 1287,1154 1397,1152 1508,1150 1619,1148 1729,1146 1840,1142 1950,1140 2061,1136 2172,1134 2282,1130 2393,1127 2503,1123 2614,1119 2725,1114 2835,1110 2946,1106 3056,1102 3167,1096 3278,1092"
                         HEIGHT="136"
                         WIDTH="2247"
                         VPOS="1048"
                         HPOS="1047">
                  <String ID="string_region_1644475191782_1835l10"
                          HEIGHT="136"
                          WIDTH="2247"
                          VPOS="1048"
                          HPOS="1047"
                          CONTENT="p wagens toegesonden hebbe twee packen tijsten te weeten"/>
               </TextLine>
               <TextLine ID="region_1644475191782_1835l11"
                         BASELINE="1094,1246 1193,1248 1293,1248 1393,1249 1493,1248 1593,1248 1693,1246 1793,1245 1893,1243 1993,1240 2093,1238 2192,1234 2292,1232 2392,1228 2492,1224 2592,1220 2692,1215 2792,1210 2892,1206 2992,1201 3092,1196"
                         HEIGHT="167"
                         WIDTH="2029"
                         VPOS="1130"
                         HPOS="1078">
                  <String ID="string_region_1644475191782_1835l11"
                          HEIGHT="167"
                          WIDTH="2029"
                          VPOS="1130"
                          HPOS="1078"
                          CONTENT="een pack  N.27 inhoudende can hondert af wintigh ps tijsten "/>
               </TextLine>
               <TextLine ID="region_1644475191782_1835l12"
                         BASELINE="1082,1350 1166,1350 1251,1350 1336,1350 1421,1350 1506,1350 1590,1348 1675,1348 1760,1346 1845,1344 1930,1342 2014,1340 2099,1338 2184,1334 2269,1332 2354,1328 2438,1325 2523,1322 2608,1318 2693,1314 2778,1310"
                         HEIGHT="194"
                         WIDTH="1729"
                         VPOS="1225"
                         HPOS="1065">
                  <String ID="string_region_1644475191782_1835l12"
                          HEIGHT="194"
                          WIDTH="1729"
                          VPOS="1225"
                          HPOS="1065"
                          CONTENT="een ditto &amp; 16 met een hondert stucken ditto"/>
               </TextLine>
               <TextLine ID="region_1644475191782_1835l13"
                         BASELINE="1060,1448 1174,1450 1289,1452 1404,1452 1519,1452 1634,1450 1748,1448 1863,1446 1978,1442 2093,1438 2208,1434 2322,1430 2437,1426 2552,1422 2667,1418 2782,1414 2896,1410 3011,1406 3126,1404 3241,1402 3356,1400"
                         HEIGHT="164"
                         WIDTH="2329"
                         VPOS="1328"
                         HPOS="1043">
                  <String ID="string_region_1644475191782_1835l13"
                          HEIGHT="164"
                          WIDTH="2329"
                          VPOS="1328"
                          HPOS="1043"
                          CONTENT="die vervolgens gelieve te verslaren, op london &amp; eerste vertreckens "/>
               </TextLine>
               <TextLine ID="region_1644475191782_1835l14"
                         BASELINE="1082,1548 1195,1549 1308,1550 1421,1548 1535,1548 1648,1546 1761,1542 1875,1540 1988,1536 2101,1532 2215,1528 2328,1524 2441,1520 2554,1516 2668,1512 2781,1509 2894,1506 3008,1504 3121,1502 3234,1500 3348,1500"
                         HEIGHT="158"
                         WIDTH="2296"
                         VPOS="1444"
                         HPOS="1065">
                  <String ID="string_region_1644475191782_1835l14"
                          HEIGHT="158"
                          WIDTH="2296"
                          VPOS="1444"
                          HPOS="1065"
                          CONTENT="schipte te vessenden &amp; N.27 t'addresseren aen dhier Jolhm tatack"/>
               </TextLine>
               <TextLine ID="region_1644475191782_1835l15"
                         BASELINE="1058,1656 1172,1656 1286,1656 1400,1656 1514,1654 1629,1651 1743,1648 1857,1644 1971,1640 2085,1636 2200,1632 2314,1628 2428,1623 2542,1619 2656,1615 2771,1611 2885,1608 2999,1605 3113,1604 3227,1602 3342,1602"
                         HEIGHT="176"
                         WIDTH="2314"
                         VPOS="1541"
                         HPOS="1041">
                  <String ID="string_region_1644475191782_1835l15"
                          HEIGHT="176"
                          WIDTH="2314"
                          VPOS="1541"
                          HPOS="1041"
                          CONTENT="&amp; het ander sal ul het cognossement aen mijn ordre laten tecken"/>
               </TextLine>
               <TextLine ID="region_1644475191782_1835l16"
                         BASELINE="1086,1750 1199,1752 1312,1754 1425,1753 1538,1752 1651,1750 1764,1746 1877,1743 1990,1738 2103,1734 2216,1730 2329,1726 2442,1720 2555,1717 2668,1714 2781,1712 2894,1710 3007,1708 3120,1709 3233,1710 3346,1714"
                         HEIGHT="198"
                         WIDTH="2295"
                         VPOS="1612"
                         HPOS="1068">
                  <String ID="string_region_1644475191782_1835l16"
                          HEIGHT="198"
                          WIDTH="2295"
                          VPOS="1612"
                          HPOS="1068"
                          CONTENT="om daer van meestel te weseen &amp; sert de oncotten lognessa"/>
               </TextLine>
               <TextLine ID="region_1644475191782_1835l17"
                         BASELINE="1084,1848 1197,1850 1311,1852 1424,1854 1538,1852 1651,1851 1765,1849 1878,1846 1992,1842 2105,1838 2219,1834 2332,1830 2446,1826 2559,1822 2673,1818 2786,1815 2900,1812 3013,1810 3127,1810 3240,1810 3354,1810"
                         HEIGHT="200"
                         WIDTH="2300"
                         VPOS="1712"
                         HPOS="1069">
                  <String ID="string_region_1644475191782_1835l17"
                          HEIGHT="200"
                          WIDTH="2300"
                          VPOS="1712"
                          HPOS="1069"
                          CONTENT="op het alderspoedightte dogh van iderpack particulier om dat"/>
               </TextLine>
               <TextLine ID="region_1644475191782_1835l18"
                         BASELINE="1094,1954 1153,1954 1212,1956 1271,1956 1330,1956 1390,1956 1449,1954 1508,1954 1567,1953 1626,1952 1686,1950 1745,1949 1804,1946 1863,1946 1922,1944 1982,1940 2041,1938 2100,1936 2159,1934 2218,1932 2278,1930"
                         HEIGHT="154"
                         WIDTH="1218"
                         VPOS="1845"
                         HPOS="1077">
                  <String ID="string_region_1644475191782_1835l18"
                          HEIGHT="154"
                          WIDTH="1218"
                          VPOS="1845"
                          HPOS="1077"
                          CONTENT="het voor differente vrinden is,"/>
               </TextLine>
               <TextLine ID="region_1644475191782_1835l19"
                         BASELINE="1074,2064 1182,2064 1291,2062 1400,2060 1509,2058 1618,2054 1727,2050 1836,2047 1945,2043 2054,2038 2163,2034 2271,2030 2380,2025 2489,2020 2598,2018 2707,2014 2816,2010 2925,2008 3034,2006 3143,2004 3252,2004"
                         HEIGHT="248"
                         WIDTH="2207"
                         VPOS="1873"
                         HPOS="1057">
                  <String ID="string_region_1644475191782_1835l19"
                          HEIGHT="248"
                          WIDTH="2207"
                          VPOS="1873"
                          HPOS="1057"
                          CONTENT="mijnheer gelien op mij te trecken tgene ue is comende"/>
               </TextLine>
               <TextLine ID="region_1644475191782_1835l20"
                         BASELINE="1088,2164 1169,2160 1250,2159 1332,2157 1413,2156 1495,2154 1576,2152 1657,2152 1739,2150 1820,2150 1902,2148 1983,2148 2064,2146 2146,2144 2227,2144 2309,2142 2390,2140 2471,2136 2553,2134 2634,2130 2716,2126"
                         HEIGHT="168"
                         WIDTH="1662"
                         VPOS="2028"
                         HPOS="1071">
                  <String ID="string_region_1644475191782_1835l20"
                          HEIGHT="168"
                          WIDTH="1662"
                          VPOS="2028"
                          HPOS="1071"
                          CONTENT="waer mede naer cordiale groetenisse blijve"/>
               </TextLine>
               <TextLine ID="region_1644475191782_1835l21"
                         BASELINE="1054,2272 1166,2272 1278,2270 1390,2269 1502,2268 1614,2265 1726,2262 1838,2260 1950,2258 2062,2254 2174,2252 2286,2248 2398,2246 2510,2243 2622,2240 2734,2236 2846,2234 2958,2232 3070,2230 3182,2228 3294,2226"
                         HEIGHT="144"
                         WIDTH="2271"
                         VPOS="2178"
                         HPOS="1038">
                  <String ID="string_region_1644475191782_1835l21"
                          HEIGHT="144"
                          WIDTH="2271"
                          VPOS="2178"
                          HPOS="1038"
                          CONTENT=" gelieve niet te trecken sal pomijn naeste ue een quitantie"/>
               </TextLine>
               <TextLine ID="region_1644475191782_1835l22"
                         BASELINE="1112,2368 1161,2366 1210,2366 1259,2364 1308,2364 1357,2362 1406,2362 1455,2361 1504,2360 1553,2360 1602,2360 1651,2358 1700,2358 1749,2358 1798,2358 1847,2356 1896,2356 1945,2356 1994,2356 2043,2356 2092,2356"
                         HEIGHT="132"
                         WIDTH="1013"
                         VPOS="2280"
                         HPOS="1096">
                  <String ID="string_region_1644475191782_1835l22"
                          HEIGHT="132"
                          WIDTH="1013"
                          VPOS="2280"
                          HPOS="1096"
                          CONTENT="toe senden, on in te voorderen"/>
               </TextLine>
               <TextLine ID="region_1644475191782_1835l23"
                         BASELINE="2774,2440 2801,2438 2829,2438 2856,2438 2884,2438 2912,2438 2939,2438 2967,2438 2994,2438 3022,2438 3050,2439 3077,2440 3105,2440 3132,2441 3160,2442 3188,2442 3215,2444 3243,2445 3270,2446 3298,2448 3326,2448"
                         HEIGHT="193"
                         WIDTH="584"
                         VPOS="2284"
                         HPOS="2759">
                  <String ID="string_region_1644475191782_1835l23"
                          HEIGHT="193"
                          WIDTH="584"
                          VPOS="2284"
                          HPOS="2759"
                          CONTENT="adij 16 gbre 172"/>
               </TextLine>
               <TextLine ID="region_1644475191782_1835l24"
                         BASELINE="910,2470 964,2468 1019,2466 1074,2465 1129,2464 1184,2462 1238,2460 1293,2460 1348,2458 1403,2458 1458,2458 1512,2456 1567,2456 1622,2456 1677,2454 1732,2454 1786,2454 1841,2452 1896,2452 1951,2450 2006,2450"
                         HEIGHT="185"
                         WIDTH="1128"
                         VPOS="2335"
                         HPOS="894">
                  <String ID="string_region_1644475191782_1835l24"
                          HEIGHT="185"
                          WIDTH="1128"
                          VPOS="2335"
                          HPOS="894"
                          CONTENT="brussel Philippus t'sergoris"/>
               </TextLine>
               <TextLine ID="region_1644475191782_1835l25"
                         BASELINE="1098,2552 1210,2550 1322,2550 1435,2548 1547,2546 1660,2543 1772,2541 1884,2538 1997,2536 2109,2532 2222,2530 2334,2528 2446,2526 2559,2523 2671,2522 2784,2519 2896,2518 3008,2516 3121,2514 3233,2514 3346,2514"
                         HEIGHT="155"
                         WIDTH="2279"
                         VPOS="2426"
                         HPOS="1083">
                  <String ID="string_region_1644475191782_1835l25"
                          HEIGHT="155"
                          WIDTH="2279"
                          VPOS="2426"
                          HPOS="1083"
                          CONTENT="met groote verwonderinge misnoege verneme hed en za"/>
               </TextLine>
               <TextLine ID="region_1644475191782_1835l26"
                         BASELINE="1102,2634 1214,2632 1326,2630 1438,2628 1550,2626 1663,2624 1775,2622 1887,2619 1999,2616 2111,2614 2224,2611 2336,2608 2448,2606 2560,2604 2672,2602 2785,2600 2897,2598 3009,2596 3121,2596 3233,2594 3346,2594"
                         HEIGHT="155"
                         WIDTH="2277"
                         VPOS="2512"
                         HPOS="1084">
                  <String ID="string_region_1644475191782_1835l26"
                          HEIGHT="155"
                          WIDTH="2277"
                          VPOS="2512"
                          HPOS="1084"
                          CONTENT="dh Rousseau, dat ul sijne acceptane van ƒ 300: met res"/>
               </TextLine>
               <TextLine ID="region_1644475191782_1835l27"
                         BASELINE="1090,2730 1202,2726 1315,2722 1427,2718 1540,2714 1653,2710 1765,2708 1878,2704 1990,2702 2103,2700 2216,2697 2328,2694 2441,2692 2553,2690 2666,2688 2779,2686 2891,2683 3004,2680 3116,2678 3229,2674 3342,2672"
                         HEIGHT="173"
                         WIDTH="2285"
                         VPOS="2589"
                         HPOS="1074">
                  <String ID="string_region_1644475191782_1835l27"
                          HEIGHT="173"
                          WIDTH="2285"
                          VPOS="2589"
                          HPOS="1074"
                          CONTENT="vollens hebt betaelt, pretenderende te cortene 1 28t van de "/>
               </TextLine>
               <TextLine ID="region_1644475191782_1835l28"
                         BASELINE="1102,2830 1213,2825 1325,2820 1437,2815 1548,2812 1660,2807 1772,2803 1883,2800 1995,2796 2107,2794 2219,2790 2330,2788 2442,2785 2554,2782 2665,2779 2777,2776 2889,2773 3000,2770 3112,2766 3224,2762 3336,2760"
                         HEIGHT="173"
                         WIDTH="2264"
                         VPOS="2688"
                         HPOS="1086">
                  <String ID="string_region_1644475191782_1835l28"
                          HEIGHT="173"
                          WIDTH="2264"
                          VPOS="2688"
                          HPOS="1086"
                          CONTENT="voorige partije van voorleden jaer &amp; van dit jaer, vooreer"/>
               </TextLine>
               <TextLine ID="region_1644475191782_1835l29"
                         BASELINE="1096,2944 1208,2936 1320,2931 1432,2926 1544,2919 1656,2914 1768,2908 1880,2904 1992,2898 2104,2894 2216,2889 2328,2884 2440,2880 2552,2876 2664,2872 2776,2868 2888,2865 3000,2862 3112,2858 3224,2856 3336,2852"
                         HEIGHT="191"
                         WIDTH="2278"
                         VPOS="2761"
                         HPOS="1076">
                  <String ID="string_region_1644475191782_1835l29"
                          HEIGHT="191"
                          WIDTH="2278"
                          VPOS="2761"
                          HPOS="1076"
                          CONTENT="&amp; bi weet wel wat acoordt wij sijn aengegalen voor die "/>
               </TextLine>
               <TextLine ID="region_1644475191782_1835l30"
                         BASELINE="1096,3032 1208,3025 1320,3020 1432,3014 1544,3010 1657,3005 1769,3000 1881,2996 1993,2992 2105,2988 2218,2984 2330,2980 2442,2976 2554,2973 2666,2968 2779,2964 2891,2960 3003,2956 3115,2949 3227,2944 3340,2938"
                         HEIGHT="189"
                         WIDTH="2277"
                         VPOS="2884"
                         HPOS="1078">
                  <String ID="string_region_1644475191782_1835l30"
                          HEIGHT="189"
                          WIDTH="2277"
                          VPOS="2884"
                          HPOS="1078"
                          CONTENT="laeste partije &amp; voor de eerste lisser niets gesprohew 3oo"/>
               </TextLine>
               <TextLine ID="region_1644475191782_1835l31"
                         BASELINE="1076,3132 1188,3126 1300,3120 1413,3114 1525,3108 1638,3104 1750,3098 1862,3094 1975,3088 2087,3084 2200,3078 2312,3074 2424,3070 2537,3066 2649,3061 2762,3058 2874,3054 2986,3050 3099,3047 3211,3044 3324,3040"
                         HEIGHT="197"
                         WIDTH="2282"
                         VPOS="2951"
                         HPOS="1058">
                  <String ID="string_region_1644475191782_1835l31"
                          HEIGHT="197"
                          WIDTH="2282"
                          VPOS="2951"
                          HPOS="1058"
                          CONTENT="contante betaelinge, bovendien hebbe  geseyde wel"/>
               </TextLine>
               <TextLine ID="region_1644475191782_1835l32"
                         BASELINE="1056,3234 1170,3229 1284,3224 1398,3218 1512,3214 1627,3208 1741,3203 1855,3198 1969,3192 2083,3187 2198,3182 2312,3176 2426,3172 2540,3165 2654,3160 2769,3154 2883,3149 2997,3143 3111,3138 3225,3131 3340,3126"
                         HEIGHT="251"
                         WIDTH="2320"
                         VPOS="3049"
                         HPOS="1036">
                  <String ID="string_region_1644475191782_1835l32"
                          HEIGHT="251"
                          WIDTH="2320"
                          VPOS="3049"
                          HPOS="1036"
                          CONTENT="duydelijck daer voorene niets souden laeten corten, oock"/>
               </TextLine>
               <TextLine ID="region_1644475191782_1835l33"
                         BASELINE="1056,3332 1170,3328 1285,3324 1399,3320 1514,3315 1629,3310 1743,3305 1858,3301 1972,3296 2087,3290 2202,3285 2316,3279 2431,3274 2545,3268 2660,3263 2775,3257 2889,3252 3004,3247 3118,3242 3233,3236 3348,3232"
                         HEIGHT="204"
                         WIDTH="2330"
                         VPOS="3166"
                         HPOS="1036">
                  <String ID="string_region_1644475191782_1835l33"
                          HEIGHT="204"
                          WIDTH="2330"
                          VPOS="3166"
                          HPOS="1036"
                          CONTENT="dat helcx noyndt geschiedt is bij mij &amp; dat voor de eerst"/>
               </TextLine>
               <TextLine ID="region_1644475191782_1835l34"
                         BASELINE="1098,3442 1210,3436 1323,3430 1436,3426 1549,3420 1662,3414 1774,3410 1887,3404 2000,3400 2113,3395 2226,3390 2338,3384 2451,3381 2564,3374 2677,3370 2790,3365 2902,3360 3015,3354 3128,3348 3241,3344 3354,3338"
                         HEIGHT="257"
                         WIDTH="2290"
                         VPOS="3256"
                         HPOS="1080">
                  <String ID="string_region_1644475191782_1835l34"
                          HEIGHT="257"
                          WIDTH="2290"
                          VPOS="3256"
                          HPOS="1080"
                          CONTENT="partije contant geldt gepretendeert hebbe is geweest"/>
               </TextLine>
               <TextLine ID="region_1644475191782_1835l35"
                         BASELINE="1100,3552 1212,3543 1324,3535 1437,3528 1549,3521 1662,3515 1774,3508 1886,3502 1999,3498 2111,3493 2224,3488 2336,3484 2448,3478 2561,3474 2673,3469 2786,3466 2898,3462 3010,3456 3123,3452 3235,3446 3348,3442"
                         HEIGHT="223"
                         WIDTH="2279"
                         VPOS="3345"
                         HPOS="1083">
                  <String ID="string_region_1644475191782_1835l35"
                          HEIGHT="223"
                          WIDTH="2279"
                          VPOS="3345"
                          HPOS="1083"
                          CONTENT="om onkenschap, &amp; om het selve syn ul. de goederen"/>
               </TextLine>
               <TextLine ID="region_1644475191782_1835l36"
                         BASELINE="1128,3648 1239,3641 1350,3636 1462,3630 1573,3624 1685,3618 1796,3614 1907,3608 2019,3603 2130,3598 2242,3594 2353,3589 2464,3584 2576,3580 2687,3574 2799,3570 2910,3564 3021,3558 3133,3553 3244,3548 3356,3542"
                         HEIGHT="178"
                         WIDTH="2265"
                         VPOS="3475"
                         HPOS="1110">
                  <String ID="string_region_1644475191782_1835l36"
                          HEIGHT="178"
                          WIDTH="2265"
                          VPOS="3475"
                          HPOS="1110"
                          CONTENT="eenens halven stuyver p pondt berer coop gelaeten geweck"/>
               </TextLine>
               <TextLine ID="region_1644475191782_1835l37"
                         BASELINE="1076,3752 1189,3748 1302,3742 1416,3738 1529,3732 1643,3727 1756,3722 1869,3718 1983,3712 2096,3708 2210,3702 2323,3697 2436,3692 2550,3687 2663,3682 2777,3678 2890,3672 3003,3668 3117,3664 3230,3660 3344,3656"
                         HEIGHT="211"
                         WIDTH="2300"
                         VPOS="3564"
                         HPOS="1057">
                  <String ID="string_region_1644475191782_1835l37"
                          HEIGHT="211"
                          WIDTH="2300"
                          VPOS="3564"
                          HPOS="1057"
                          CONTENT="daer selfs grootn prepeditie bij geledene hebbe door ul cap"/>
               </TextLine>
               <TextLine ID="region_1644475191782_1835l38"
                         BASELINE="1076,3864 1189,3857 1303,3850 1416,3844 1530,3838 1644,3833 1757,3828 1871,3822 1984,3818 2098,3812 2212,3808 2325,3804 2439,3799 2552,3796 2666,3791 2780,3786 2893,3783 3007,3778 3120,3774 3234,3770 3348,3766"
                         HEIGHT="243"
                         WIDTH="2308"
                         VPOS="3651"
                         HPOS="1056">
                  <String ID="string_region_1644475191782_1835l38"
                          HEIGHT="243"
                          WIDTH="2308"
                          VPOS="3651"
                          HPOS="1056"
                          CONTENT="den hande die 8P. hier ontrent drijge worden van"/>
               </TextLine>
               <TextLine ID="region_1644475191782_1835l39"
                         BASELINE="1112,3968 1223,3961 1335,3956 1447,3950 1559,3944 1671,3938 1783,3934 1895,3928 2007,3924 2119,3920 2231,3914 2342,3910 2454,3906 2566,3901 2678,3896 2790,3892 2902,3887 3014,3883 3126,3877 3238,3872 3350,3866"
                         HEIGHT="231"
                         WIDTH="2273"
                         VPOS="3777"
                         HPOS="1093">
                  <String ID="string_region_1644475191782_1835l39"
                          HEIGHT="231"
                          WIDTH="2273"
                          VPOS="3777"
                          HPOS="1093"
                          CONTENT="eerelijcke leyden niet gepractiseert, als ul hier tras, hebt"/>
               </TextLine>
               <TextLine ID="region_1644475191782_1835l40"
                         BASELINE="1114,4070 1225,4066 1336,4063 1448,4059 1559,4054 1671,4050 1782,4046 1893,4040 2005,4036 2116,4032 2228,4027 2339,4022 2450,4017 2562,4012 2673,4007 2785,4002 2896,3997 3007,3993 3119,3989 3230,3984 3342,3980"
                         HEIGHT="224"
                         WIDTH="2261"
                         VPOS="3879"
                         HPOS="1097">
                  <String ID="string_region_1644475191782_1835l40"
                          HEIGHT="224"
                          WIDTH="2261"
                          VPOS="3879"
                          HPOS="1097"
                          CONTENT="willen t26 rabatteren, hebbe &amp;8 geantwoort dat me"/>
               </TextLine>
               <TextLine ID="region_1644475191782_1835l41"
                         BASELINE="1094,4188 1206,4184 1318,4180 1431,4176 1543,4172 1656,4168 1768,4164 1880,4160 1993,4156 2105,4152 2218,4148 2330,4144 2442,4141 2555,4138 2667,4134 2780,4129 2892,4125 3004,4121 3117,4116 3229,4112 3342,4108"
                         HEIGHT="272"
                         WIDTH="2280"
                         VPOS="3986"
                         HPOS="1077">
                  <String ID="string_region_1644475191782_1835l41"
                          HEIGHT="272"
                          WIDTH="2280"
                          VPOS="3986"
                          HPOS="1077"
                          CONTENT="geen rabat wilde vercoopen vermits sulcx noyndt ged"/>
               </TextLine>
               <TextLine ID="region_1644475191782_1835l42"
                         BASELINE="1098,4300 1210,4294 1323,4288 1436,4283 1549,4278 1662,4276 1774,4272 1887,4268 2000,4266 2113,4264 2226,4262 2338,4260 2451,4257 2564,4255 2677,4252 2790,4250 2902,4246 3015,4243 3128,4239 3241,4234 3354,4230"
                         HEIGHT="175"
                         WIDTH="2287"
                         VPOS="4149"
                         HPOS="1081">
                  <String ID="string_region_1644475191782_1835l42"
                          HEIGHT="175"
                          WIDTH="2287"
                          VPOS="4149"
                          HPOS="1081"
                          CONTENT="hadde &amp; de goederen sijn ul vervolgens sonder rabat"/>
               </TextLine>
               <TextLine ID="region_1644475191782_1835l43"
                         BASELINE="1130,4410 1240,4406 1351,4400 1461,4396 1572,4392 1683,4388 1793,4384 1904,4382 2014,4378 2125,4376 2236,4373 2346,4370 2457,4366 2567,4364 2678,4360 2789,4356 2899,4352 3010,4349 3120,4344 3231,4339 3342,4332"
                         HEIGHT="232"
                         WIDTH="2245"
                         VPOS="4241"
                         HPOS="1114">
                  <String ID="string_region_1644475191782_1835l43"
                          HEIGHT="232"
                          WIDTH="2245"
                          VPOS="4241"
                          HPOS="1114"
                          CONTENT="vercoghe geweest &amp; dat ul die pretentie haddee, l soue "/>
               </TextLine>
               <TextLine ID="region_1644475191782_1835l44"
                         BASELINE="1280,4522 1373,4518 1467,4514 1561,4510 1655,4508 1749,4505 1843,4502 1937,4498 2031,4496 2125,4494 2219,4491 2312,4489 2406,4486 2500,4484 2594,4481 2688,4478 2782,4476 2876,4472 2970,4468 3064,4465 3158,4462"
                         HEIGHT="167"
                         WIDTH="1908"
                         VPOS="4368"
                         HPOS="1265">
                  <String ID="string_region_1644475191782_1835l44"
                          HEIGHT="167"
                          WIDTH="1908"
                          VPOS="4368"
                          HPOS="1265"
                          CONTENT="wel wisselbrieven met getaekent hebben"/>
               </TextLine>
               <TextLine ID="region_1644475191782_1835l45"
                         BASELINE="1106,4520 1137,4519 1168,4519 1199,4520 1230,4520"
                         HEIGHT="140"
                         WIDTH="154"
                         VPOS="4398"
                         HPOS="1091">
                  <String ID="string_region_1644475191782_1835l45"
                          HEIGHT="140"
                          WIDTH="154"
                          VPOS="4398"
                          HPOS="1091"
                          CONTENT="des"/>
               </TextLine>
            </TextBlock>
            <TextBlock ID="region_1644475194328_1838"
                       HEIGHT="4343"
                       WIDTH="2659"
                       VPOS="120"
                       HPOS="3438">
               <Shape>
                  <Polygon POINTS="3438,120 6097,120 6097,4463 3438,4463"/>
               </Shape>
               <TextLine ID="region_1644475194328_1838l1"
                         BASELINE="3520,342 3641,336 3763,331 3885,326 4007,322 4129,318 4251,316 4373,314 4495,312 4617,310 4739,308 4860,308 4982,308 5104,306 5226,306 5348,306 5470,304 5592,304 5714,303 5836,302 5958,300"
                         HEIGHT="133"
                         WIDTH="2470"
                         VPOS="216"
                         HPOS="3504">
                  <String ID="string_region_1644475194328_1838l1"
                          HEIGHT="133"
                          WIDTH="2470"
                          VPOS="216"
                          HPOS="3504"
                          CONTENT="derhalves seponere dat 8C. op een finisterlijcke maniere sigh "/>
               </TextLine>
               <TextLine ID="region_1644475194328_1838l2"
                         BASELINE="3562,444 3674,433 3787,424 3900,418 4013,412 4126,408 4238,406 4351,404 4464,404 4577,404 4690,404 4802,405 4915,406 5028,406 5141,408 5254,408 5366,408 5479,406 5592,404 5705,400 5818,394"
                         HEIGHT="153"
                         WIDTH="2287"
                         VPOS="322"
                         HPOS="3547">
                  <String ID="string_region_1644475194328_1838l2"
                          HEIGHT="153"
                          WIDTH="2287"
                          VPOS="322"
                          HPOS="3547"
                          CONTENT="selfs soude willen voldoene naer ule gehoegen, dat met"/>
               </TextLine>
               <TextLine ID="region_1644475194328_1838l3"
                         BASELINE="3542,544 3660,534 3779,527 3897,520 4016,514 4134,510 4253,506 4371,504 4490,502 4608,502 4727,500 4845,500 4964,500 5082,500 5201,500 5319,498 5438,498 5556,496 5675,493 5793,490 5912,486"
                         HEIGHT="211"
                         WIDTH="2401"
                         VPOS="403"
                         HPOS="3527">
                  <String ID="string_region_1644475194328_1838l3"
                          HEIGHT="211"
                          WIDTH="2401"
                          VPOS="403"
                          HPOS="3527"
                          CONTENT="pretendere, mijn ordre heden aen dh Rousseau is om"/>
               </TextLine>
               <TextLine ID="region_1644475194328_1838l4"
                         BASELINE="3558,638 3679,630 3800,622 3921,616 4042,610 4163,608 4284,604 4405,602 4526,600 4647,600 4768,598 4889,598 5010,598 5131,598 5252,598 5373,598 5494,596 5615,596 5736,594 5857,590 5978,586"
                         HEIGHT="211"
                         WIDTH="2451"
                         VPOS="473"
                         HPOS="3543">
                  <String ID="string_region_1644475194328_1838l4"
                          HEIGHT="211"
                          WIDTH="2451"
                          VPOS="473"
                          HPOS="3543"
                          CONTENT="b: de acceptatie te doen betaelen ten vallen met reghte"/>
               </TextLine>
               <TextLine ID="region_1644475194328_1838l5"
                         BASELINE="3550,734 3665,726 3780,718 3895,711 4010,706 4125,701 4240,698 4355,696 4470,694 4585,692 4700,692 4815,692 4930,692 5045,694 5160,694 5275,694 5390,694 5505,694 5620,694 5735,692 5850,690"
                         HEIGHT="165"
                         WIDTH="2333"
                         VPOS="605"
                         HPOS="3534">
                  <String ID="string_region_1644475194328_1838l5"
                          HEIGHT="165"
                          WIDTH="2333"
                          VPOS="605"
                          HPOS="3534"
                          CONTENT="ofte met minsaemheydt, derhalven is &amp; met geene"/>
               </TextLine>
               <TextLine ID="region_1644475194328_1838l6"
                         BASELINE="3570,830 3689,819 3808,812 3927,805 4046,800 4166,796 4285,793 4404,790 4523,790 4642,788 4762,788 4881,790 5000,790 5119,792 5238,792 5358,794 5477,794 5596,794 5715,794 5834,794 5954,794"
                         HEIGHT="166"
                         WIDTH="2417"
                         VPOS="690"
                         HPOS="3553">
                  <String ID="string_region_1644475194328_1838l6"
                          HEIGHT="166"
                          WIDTH="2417"
                          VPOS="690"
                          HPOS="3553"
                          CONTENT="oncosten gedient gelieve prompt de £13„10 resterende te "/>
               </TextLine>
               <TextLine ID="region_1644475194328_1838l7"
                         BASELINE="3562,934 3679,924 3796,916 3913,910 4030,904 4147,900 4264,896 4381,894 4498,894 4615,892 4732,892 4849,892 4966,892 5083,892 5200,892 5317,894 5434,894 5551,892 5668,892 5785,890 5902,888"
                         HEIGHT="166"
                         WIDTH="2374"
                         VPOS="793"
                         HPOS="3545">
                  <String ID="string_region_1644475194328_1838l7"
                          HEIGHT="166"
                          WIDTH="2374"
                          VPOS="793"
                          HPOS="3545"
                          CONTENT="voldoen, rant soude niets glisterens tot 8 roverno,"/>
               </TextLine>
               <TextLine ID="region_1644475194328_1838l8"
                         BASELINE="3554,1038 3673,1027 3793,1017 3912,1009 4032,1002 4151,998 4271,994 4390,992 4510,990 4629,988 4749,988 4868,988 4988,988 5107,988 5227,988 5346,988 5466,988 5585,986 5705,986 5824,984 5944,980"
                         HEIGHT="183"
                         WIDTH="2424"
                         VPOS="882"
                         HPOS="3537">
                  <String ID="string_region_1644475194328_1838l8"
                          HEIGHT="183"
                          WIDTH="2424"
                          VPOS="882"
                          HPOS="3537"
                          CONTENT="ick hebbe &amp;  aengesien root eerelijcker als soodanige"/>
               </TextLine>
               <TextLine ID="region_1644475194328_1838l9"
                         BASELINE="3550,1136 3663,1128 3776,1122 3889,1116 4002,1110 4116,1106 4229,1102 4342,1099 4455,1096 4568,1094 4682,1093 4795,1092 4908,1090 5021,1090 5134,1088 5248,1088 5361,1086 5474,1086 5587,1084 5700,1082 5814,1078"
                         HEIGHT="203"
                         WIDTH="2294"
                         VPOS="973"
                         HPOS="3535">
                  <String ID="string_region_1644475194328_1838l9"
                          HEIGHT="203"
                          WIDTH="2294"
                          VPOS="973"
                          HPOS="3535"
                          CONTENT="slechteno het te bedrijven, waer mede blijve "/>
               </TextLine>
               <TextLine ID="region_1644475194328_1838l10"
                         BASELINE="5250,1220 5287,1222 5324,1222 5361,1222 5398,1224 5435,1224 5472,1224 5509,1224 5546,1224 5583,1224 5621,1224 5658,1222 5695,1222 5732,1222 5769,1222 5806,1220 5843,1220 5880,1220 5917,1220 5954,1220 5992,1218"
                         HEIGHT="217"
                         WIDTH="775"
                         VPOS="1073"
                         HPOS="5234">
                  <String ID="string_region_1644475194328_1838l10"
                          HEIGHT="217"
                          WIDTH="775"
                          VPOS="1073"
                          HPOS="5234"
                          CONTENT="ady 16 gbre 1720"/>
               </TextLine>
               <TextLine ID="region_1644475194328_1838l11"
                         BASELINE="3448,1260 3506,1256 3565,1250 3624,1245 3683,1241 3742,1237 3800,1234 3859,1230 3918,1227 3977,1224 4036,1222 4094,1220 4153,1219 4212,1218 4271,1216 4330,1216 4388,1216 4447,1216 4506,1216 4565,1216 4624,1218"
                         HEIGHT="161"
                         WIDTH="1211"
                         VPOS="1124"
                         HPOS="3429">
                  <String ID="string_region_1644475194328_1838l11"
                          HEIGHT="161"
                          WIDTH="1211"
                          VPOS="1124"
                          HPOS="3429"
                          CONTENT="Bruxelles Stop: Rousseau"/>
               </TextLine>
               <TextLine ID="region_1644475194328_1838l12"
                         BASELINE="3544,1358 3665,1348 3786,1340 3907,1333 4028,1327 4150,1324 4271,1320 4392,1318 4513,1318 4634,1316 4756,1316 4877,1316 4998,1318 5119,1318 5240,1318 5362,1318 5483,1318 5604,1316 5725,1315 5846,1312 5968,1310"
                         HEIGHT="227"
                         WIDTH="2457"
                         VPOS="1178"
                         HPOS="3528">
                  <String ID="string_region_1644475194328_1838l12"
                          HEIGHT="227"
                          WIDTH="2457"
                          VPOS="1178"
                          HPOS="3528"
                          CONTENT="J'aij honeur de la vre Dhier, je suis surpriz que le s"/>
               </TextLine>
               <TextLine ID="region_1644475194328_1838l13"
                         BASELINE="3524,1452 3646,1443 3768,1437 3890,1430 4012,1426 4134,1422 4256,1418 4378,1415 4500,1413 4622,1412 4745,1410 4867,1408 4989,1408 5111,1408 5233,1408 5355,1408 5477,1408 5599,1410 5721,1410 5843,1410 5966,1412"
                         HEIGHT="141"
                         WIDTH="2475"
                         VPOS="1330"
                         HPOS="3506">
                  <String ID="string_region_1644475194328_1838l13"
                          HEIGHT="141"
                          WIDTH="2475"
                          VPOS="1330"
                          HPOS="3506"
                          CONTENT="sergoris. rescrvce ƒ 13„10 de change quil pretend rabattre"/>
               </TextLine>
               <TextLine ID="region_1644475194328_1838l14"
                         BASELINE="3554,1560 3673,1551 3792,1542 3912,1534 4031,1528 4151,1524 4270,1518 4389,1515 4509,1512 4628,1510 4748,1508 4867,1506 4986,1505 5106,1504 5225,1504 5345,1504 5464,1504 5583,1502 5703,1502 5822,1502 5942,1500"
                         HEIGHT="228"
                         WIDTH="2420"
                         VPOS="1391"
                         HPOS="3538">
                  <String ID="string_region_1644475194328_1838l14"
                          HEIGHT="228"
                          WIDTH="2420"
                          VPOS="1391"
                          HPOS="3538"
                          CONTENT="pour prompt payement de ƒ600:- cy devant ƒ300:- de "/>
               </TextLine>
               <TextLine ID="region_1644475194328_1838l15"
                         BASELINE="3546,1662 3669,1653 3792,1644 3916,1638 4039,1631 4163,1625 4286,1620 4409,1617 4533,1614 4656,1612 4780,1609 4903,1608 5026,1606 5150,1604 5273,1604 5397,1602 5520,1602 5643,1600 5767,1598 5890,1596 6014,1594"
                         HEIGHT="264"
                         WIDTH="2500"
                         VPOS="1461"
                         HPOS="3529">
                  <String ID="string_region_1644475194328_1838l15"
                          HEIGHT="264"
                          WIDTH="2500"
                          VPOS="1461"
                          HPOS="3529"
                          CONTENT="son acceptation, vous pouves croire, que s'il avoit pretention"/>
               </TextLine>
               <TextLine ID="region_1644475194328_1838l16"
                         BASELINE="3550,1764 3670,1754 3791,1745 3911,1737 4032,1730 4153,1724 4273,1719 4394,1714 4514,1712 4635,1708 4756,1706 4876,1704 4997,1702 5117,1702 5238,1701 5359,1700 5479,1700 5600,1700 5720,1698 5841,1698 5962,1696"
                         HEIGHT="238"
                         WIDTH="2445"
                         VPOS="1596"
                         HPOS="3532">
                  <String ID="string_region_1644475194328_1838l16"
                          HEIGHT="238"
                          WIDTH="2445"
                          VPOS="1596"
                          HPOS="3532"
                          CONTENT="quil n'auroit point accepte la somme totale, et je"/>
               </TextLine>
               <TextLine ID="region_1644475194328_1838l17"
                         BASELINE="3550,1868 3672,1856 3795,1846 3917,1837 4040,1830 4163,1825 4285,1820 4408,1817 4530,1814 4653,1812 4776,1810 4898,1808 5021,1808 5143,1806 5266,1806 5389,1804 5511,1802 5634,1800 5756,1796 5879,1792 6002,1788"
                         HEIGHT="184"
                         WIDTH="2485"
                         VPOS="1724"
                         HPOS="3533">
                  <String ID="string_region_1644475194328_1838l17"
                          HEIGHT="184"
                          WIDTH="2485"
                          VPOS="1724"
                          HPOS="3533"
                          CONTENT="m'ettonne fort que vous luy avez rendu son accoptation"/>
               </TextLine>
               <TextLine ID="region_1644475194328_1838l18"
                         BASELINE="3554,1970 3670,1962 3786,1954 3902,1948 4018,1944 4135,1938 4251,1935 4367,1932 4483,1930 4599,1928 4716,1925 4832,1924 4948,1922 5064,1920 5180,1918 5297,1914 5413,1912 5529,1908 5645,1904 5761,1900 5878,1894"
                         HEIGHT="170"
                         WIDTH="2359"
                         VPOS="1805"
                         HPOS="3536">
                  <String ID="string_region_1644475194328_1838l18"
                          HEIGHT="170"
                          WIDTH="2359"
                          VPOS="1805"
                          HPOS="3536"
                          CONTENT="sans estree enturement satesfais, celce done pour vous"/>
               </TextLine>
               <TextLine ID="region_1644475194328_1838l19"
                         BASELINE="3566,2076 3684,2066 3802,2058 3920,2050 4039,2045 4157,2040 4275,2036 4394,2034 4512,2030 4630,2029 4749,2026 4867,2026 4985,2024 5103,2022 5222,2020 5340,2019 5458,2016 5577,2014 5695,2010 5813,2005 5932,2000"
                         HEIGHT="200"
                         WIDTH="2399"
                         VPOS="1898"
                         HPOS="3547">
                  <String ID="string_region_1644475194328_1838l19"
                          HEIGHT="200"
                          WIDTH="2399"
                          VPOS="1898"
                          HPOS="3547"
                          CONTENT="dire de procurer enture satisfaction, soiten justiee"/>
               </TextLine>
               <TextLine ID="region_1644475194328_1838l20"
                         BASELINE="3562,2178 3681,2168 3800,2160 3919,2153 4038,2148 4157,2144 4276,2140 4395,2138 4514,2136 4633,2134 4753,2133 4872,2132 4991,2130 5110,2130 5229,2128 5348,2127 5467,2124 5586,2122 5705,2118 5824,2114 5944,2108"
                         HEIGHT="203"
                         WIDTH="2414"
                         VPOS="1981"
                         HPOS="3546">
                  <String ID="string_region_1644475194328_1838l20"
                          HEIGHT="203"
                          WIDTH="2414"
                          VPOS="1981"
                          HPOS="3546"
                          CONTENT="ou dehors, cy joint une lettre que vous aurez la bonte"/>
               </TextLine>
               <TextLine ID="region_1644475194328_1838l21"
                         BASELINE="3558,2294 3676,2286 3795,2278 3913,2269 4032,2264 4151,2257 4269,2252 4388,2247 4506,2244 4625,2240 4744,2238 4862,2234 4981,2232 5099,2230 5218,2228 5337,2227 5455,2226 5574,2224 5692,2222 5811,2220 5930,2218"
                         HEIGHT="181"
                         WIDTH="2407"
                         VPOS="2144"
                         HPOS="3539">
                  <String ID="string_region_1644475194328_1838l21"
                          HEIGHT="181"
                          WIDTH="2407"
                          VPOS="2144"
                          HPOS="3539"
                          CONTENT="de luy rendre, garde tor gour Cargent que vous avez et "/>
               </TextLine>
               <TextLine ID="region_1644475194328_1838l22"
                         BASELINE="3552,2402 3673,2391 3795,2382 3916,2373 4038,2366 4160,2360 4281,2354 4403,2350 4524,2346 4646,2343 4768,2341 4889,2338 5011,2336 5132,2336 5254,2334 5376,2333 5497,2332 5619,2331 5740,2330 5862,2328 5984,2328"
                         HEIGHT="188"
                         WIDTH="2466"
                         VPOS="2239"
                         HPOS="3535">
                  <String ID="string_region_1644475194328_1838l22"
                          HEIGHT="188"
                          WIDTH="2466"
                          VPOS="2239"
                          HPOS="3535"
                          CONTENT="s'il ne veut pas satisfaire je vous envoyeray procuration "/>
               </TextLine>
               <TextLine ID="region_1644475194328_1838l23"
                         BASELINE="3552,2508 3667,2495 3782,2485 3897,2474 4012,2467 4127,2461 4242,2455 4357,2451 4472,2448 4587,2444 4702,2442 4817,2440 4932,2440 5047,2438 5162,2438 5277,2436 5392,2434 5507,2432 5622,2430 5737,2428 5852,2424"
                         HEIGHT="230"
                         WIDTH="2334"
                         VPOS="2333"
                         HPOS="3534">
                  <String ID="string_region_1644475194328_1838l23"
                          HEIGHT="230"
                          WIDTH="2334"
                          VPOS="2333"
                          HPOS="3534"
                          CONTENT="pour ager en mon nom, cependant je ne donte pas"/>
               </TextLine>
               <TextLine ID="region_1644475194328_1838l24"
                         BASELINE="3556,2628 3666,2614 3777,2601 3887,2592 3998,2583 4109,2576 4219,2569 4330,2564 4440,2558 4551,2554 4662,2552 4772,2549 4883,2547 4993,2544 5104,2544 5215,2542 5325,2540 5436,2537 5546,2534 5657,2532 5768,2528"
                         HEIGHT="236"
                         WIDTH="2243"
                         VPOS="2454"
                         HPOS="3539">
                  <String ID="string_region_1644475194328_1838l24"
                          HEIGHT="236"
                          WIDTH="2243"
                          VPOS="2454"
                          HPOS="3539"
                          CONTENT="quil b'ayera les ƒ13:10: restanto en attendant "/>
               </TextLine>
               <TextLine ID="region_1644475194328_1838l25"
                         BASELINE="3546,2728 3665,2717 3785,2706 3904,2695 4024,2687 4144,2680 4263,2674 4383,2667 4502,2661 4622,2657 4742,2654 4861,2650 4981,2646 5100,2644 5220,2640 5340,2638 5459,2635 5579,2632 5698,2630 5818,2626 5938,2622"
                         HEIGHT="228"
                         WIDTH="2425"
                         VPOS="2548"
                         HPOS="3529">
                  <String ID="string_region_1644475194328_1838l25"
                          HEIGHT="228"
                          WIDTH="2425"
                          VPOS="2548"
                          HPOS="3529"
                          CONTENT="l'honeur de vrs reponce je suis avec offres de mes"/>
               </TextLine>
               <TextLine ID="region_1644475194328_1838l26"
                         BASELINE="3550,2820 3617,2818 3685,2816 3752,2814 3820,2810 3887,2807 3955,2804 4022,2800 4090,2797 4157,2793 4225,2790 4292,2786 4360,2782 4427,2778 4495,2776 4562,2772 4630,2770 4697,2768 4765,2766 4832,2764 4900,2762"
                         HEIGHT="200"
                         WIDTH="1386"
                         VPOS="2656"
                         HPOS="3532">
                  <String ID="string_region_1644475194328_1838l26"
                          HEIGHT="200"
                          WIDTH="1386"
                          VPOS="2656"
                          HPOS="3532"
                          CONTENT="serviced en tous occasions "/>
               </TextLine>
               <TextLine ID="region_1644475194328_1838l27"
                         BASELINE="5408,2790 5434,2792 5460,2793 5486,2794 5512,2796 5539,2796 5565,2798 5591,2798 5617,2798 5644,2799 5670,2800 5696,2800 5722,2800 5748,2800 5775,2800 5801,2800 5827,2800 5853,2800 5880,2800"
                         HEIGHT="203"
                         WIDTH="505"
                         VPOS="2646"
                         HPOS="5392">
                  <String ID="string_region_1644475194328_1838l27"
                          HEIGHT="203"
                          WIDTH="505"
                          VPOS="2646"
                          HPOS="5392"
                          CONTENT="Adij 18d"/>
               </TextLine>
               <TextLine ID="region_1644475194328_1838l28"
                         BASELINE="3442,2946 3487,2942 3532,2938 3577,2934 3622,2932 3667,2930 3712,2927 3757,2926 3802,2924 3847,2922 3892,2921 3937,2920 3982,2918 4027,2916 4072,2916 4117,2914 4162,2913 4207,2912 4252,2910 4297,2908 4342,2906"
                         HEIGHT="196"
                         WIDTH="932"
                         VPOS="2813"
                         HPOS="3425">
                  <String ID="string_region_1644475194328_1838l28"
                          HEIGHT="196"
                          WIDTH="932"
                          VPOS="2813"
                          HPOS="3425"
                          CONTENT="Brussel marcus Rimbaut"/>
               </TextLine>
               <TextLine ID="region_1644475194328_1838l29"
                         BASELINE="3592,3038 3713,3032 3834,3026 3956,3022 4077,3017 4199,3014 4320,3012 4441,3010 4563,3008 4684,3008 4806,3008 4927,3006 5048,3006 5170,3006 5291,3006 5413,3006 5534,3004 5655,3004 5777,3002 5898,3000 6020,2996"
                         HEIGHT="228"
                         WIDTH="2459"
                         VPOS="2856"
                         HPOS="3576">
                  <String ID="string_region_1644475194328_1838l29"
                          HEIGHT="228"
                          WIDTH="2459"
                          VPOS="2856"
                          HPOS="3576"
                          CONTENT="J'aij bien receu la vre du 150 cours ie vous diray, que j'aij fortenont "/>
               </TextLine>
               <TextLine ID="region_1644475194328_1838l30"
                         BASELINE="3550,3142 3670,3138 3791,3135 3911,3132 4032,3130 4152,3128 4273,3126 4393,3123 4514,3121 4634,3119 4755,3118 4875,3116 4996,3114 5116,3112 5237,3110 5357,3108 5478,3106 5598,3104 5719,3102 5839,3099 5960,3096"
                         HEIGHT="183"
                         WIDTH="2443"
                         VPOS="3003"
                         HPOS="3531">
                  <String ID="string_region_1644475194328_1838l30"
                          HEIGHT="183"
                          WIDTH="2443"
                          VPOS="3003"
                          HPOS="3531"
                          CONTENT="d'envie pour avoir un rafraichissoin d'argent, fait le de la fasson"/>
               </TextLine>
               <TextLine ID="region_1644475194328_1838l31"
                         BASELINE="3560,3240 3680,3240 3800,3239 3920,3238 4040,3236 4160,3234 4280,3232 4400,3230 4520,3228 4640,3226 4761,3224 4881,3222 5001,3220 5121,3218 5241,3216 5361,3214 5481,3212 5601,3212 5721,3210 5841,3210 5962,3210"
                         HEIGHT="175"
                         WIDTH="2433"
                         VPOS="3140"
                         HPOS="3544">
                  <String ID="string_region_1644475194328_1838l31"
                          HEIGHT="175"
                          WIDTH="2433"
                          VPOS="3140"
                          HPOS="3544"
                          CONTENT="que vous trouve le mien, &amp; comme vous en avez fait deux vous"/>
               </TextLine>
               <TextLine ID="region_1644475194328_1838l32"
                         BASELINE="3578,3354 3698,3350 3819,3348 3939,3345 4060,3342 4181,3340 4301,3339 4422,3338 4542,3336 4663,3335 4784,3334 4904,3332 5025,3330 5145,3330 5266,3328 5387,3326 5507,3324 5628,3321 5748,3318 5869,3314 5990,3312"
                         HEIGHT="180"
                         WIDTH="2445"
                         VPOS="3233"
                         HPOS="3562">
                  <String ID="string_region_1644475194328_1838l32"
                          HEIGHT="180"
                          WIDTH="2445"
                          VPOS="3233"
                          HPOS="3562"
                          CONTENT="pouvez juger ce qu'est necessaire pour le donner bonne grace, ie "/>
               </TextLine>
               <TextLine ID="region_1644475194328_1838l33"
                         BASELINE="3570,3454 3687,3452 3805,3450 3923,3448 4041,3448 4159,3446 4276,3444 4394,3444 4512,3442 4630,3442 4748,3442 4865,3440 4983,3440 5101,3438 5219,3438 5337,3436 5454,3434 5572,3433 5690,3430 5808,3428 5926,3426"
                         HEIGHT="172"
                         WIDTH="2389"
                         VPOS="3323"
                         HPOS="3553">
                  <String ID="string_region_1644475194328_1838l33"
                          HEIGHT="172"
                          WIDTH="2389"
                          VPOS="3323"
                          HPOS="3553"
                          CONTENT="vous recomande de ne pas tenir leng temp cutre le maines, car"/>
               </TextLine>
               <TextLine ID="region_1644475194328_1838l34"
                         BASELINE="3578,3556 3697,3553 3817,3550 3937,3550 4056,3548 4176,3547 4296,3546 4415,3546 4535,3546 4655,3544 4775,3544 4894,3544 5014,3544 5134,3542 5253,3542 5373,3540 5493,3538 5612,3536 5732,3534 5852,3530 5972,3526"
                         HEIGHT="183"
                         WIDTH="2426"
                         VPOS="3433"
                         HPOS="3562">
                  <String ID="string_region_1644475194328_1838l34"
                          HEIGHT="183"
                          WIDTH="2426"
                          VPOS="3433"
                          HPOS="3562"
                          CONTENT="onseroirt de goute, vous m'avez promis de le faire en deux mois "/>
               </TextLine>
               <TextLine ID="region_1644475194328_1838l35"
                         BASELINE="3570,3658 3691,3654 3812,3652 3933,3650 4054,3650 4176,3648 4297,3648 4418,3648 4539,3646 4660,3646 4782,3646 4903,3646 5024,3646 5145,3644 5266,3644 5388,3642 5509,3640 5630,3637 5751,3634 5872,3630 5994,3626"
                         HEIGHT="197"
                         WIDTH="2457"
                         VPOS="3517"
                         HPOS="3554">
                  <String ID="string_region_1644475194328_1838l35"
                          HEIGHT="197"
                          WIDTH="2457"
                          VPOS="3517"
                          HPOS="3554"
                          CONTENT="ce que ie vous accorde, &amp; en l'attendant pour ce temp la ie me die"/>
               </TextLine>
               <TextLine ID="region_1644475194328_1838l36"
                         BASELINE="5434,3742 5460,3742 5486,3744 5512,3744 5538,3745 5564,3745 5590,3744 5616,3744 5642,3742 5668,3741 5694,3740 5720,3740 5746,3738 5772,3738 5798,3738 5824,3738 5850,3738 5876,3738"
                         HEIGHT="159"
                         WIDTH="473"
                         VPOS="3631"
                         HPOS="5418">
                  <String ID="string_region_1644475194328_1838l36"
                          HEIGHT="159"
                          WIDTH="473"
                          VPOS="3631"
                          HPOS="5418"
                          CONTENT="Adij 22d"/>
               </TextLine>
               <TextLine ID="region_1644475194328_1838l37"
                         BASELINE="3488,3776 3540,3771 3592,3768 3644,3766 3696,3764 3748,3764 3800,3762 3852,3762 3904,3762 3956,3762 4009,3762 4061,3762 4113,3762 4165,3762 4217,3762 4269,3764 4321,3764 4373,3764 4425,3764 4477,3764 4530,3764"
                         HEIGHT="175"
                         WIDTH="1075"
                         VPOS="3662"
                         HPOS="3471">
                  <String ID="string_region_1644475194328_1838l37"
                          HEIGHT="175"
                          WIDTH="1075"
                          VPOS="3662"
                          HPOS="3471"
                          CONTENT="brugge laurence van ventergen"/>
               </TextLine>
               <TextLine ID="region_1644475194328_1838l38"
                         BASELINE="3570,3854 3688,3852 3807,3852 3926,3850 4045,3850 4164,3850 4283,3848 4402,3848 4521,3848 4640,3848 4759,3848 4877,3848 4996,3848 5115,3848 5234,3848 5353,3850 5472,3850 5591,3850 5710,3850 5829,3852 5948,3852"
                         HEIGHT="207"
                         WIDTH="2411"
                         VPOS="3714"
                         HPOS="3553">
                  <String ID="string_region_1644475194328_1838l38"
                          HEIGHT="207"
                          WIDTH="2411"
                          VPOS="3714"
                          HPOS="3553"
                          CONTENT="bejde ue aengenaime van 18„ 19 courant wl ontfangheen met "/>
               </TextLine>
               <TextLine ID="region_1644475194328_1838l39"
                         BASELINE="3584,3952 3700,3949 3817,3948 3933,3946 4050,3945 4167,3944 4283,3944 4400,3944 4516,3944 4633,3944 4750,3946 4866,3946 4983,3946 5099,3948 5216,3948 5333,3948 5449,3948 5566,3948 5682,3948 5799,3948 5916,3948"
                         HEIGHT="138"
                         WIDTH="2364"
                         VPOS="3837"
                         HPOS="3568">
                  <String ID="string_region_1644475194328_1838l39"
                          HEIGHT="138"
                          WIDTH="2364"
                          VPOS="3837"
                          HPOS="3568"
                          CONTENT="den laetten de racosten op de twee packen tijsien die hebbe"/>
               </TextLine>
               <TextLine ID="region_1644475194328_1838l40"
                         BASELINE="3584,4052 3704,4049 3824,4046 3944,4044 4064,4042 4184,4042 4304,4042 4424,4042 4544,4042 4664,4044 4784,4046 4904,4046 5024,4048 5144,4048 5264,4050 5384,4050 5504,4050 5624,4048 5744,4046 5864,4044 5984,4040"
                         HEIGHT="129"
                         WIDTH="2429"
                         VPOS="3993"
                         HPOS="3570">
                  <String ID="string_region_1644475194328_1838l40"
                          HEIGHT="129"
                          WIDTH="2429"
                          VPOS="3993"
                          HPOS="3570"
                          CONTENT="naergesien, &amp; wel bevonden, soo dat ue gecrediteert hebbe voor"/>
               </TextLine>
               <TextLine ID="region_1644475194328_1838l41"
                         BASELINE="3592,4154 3631,4154 3671,4154 3711,4152 3751,4152 3791,4151 3830,4150 3870,4150 3910,4148 3950,4148 3990,4146 4029,4146 4069,4146 4109,4145 4149,4144 4189,4144 4228,4144 4268,4144 4308,4145 4348,4146 4388,4146"
                         HEIGHT="167"
                         WIDTH="828"
                         VPOS="4052"
                         HPOS="3575">
                  <String ID="string_region_1644475194328_1838l41"
                          HEIGHT="167"
                          WIDTH="828"
                          VPOS="4052"
                          HPOS="3575"
                          CONTENT="S N. 27 in wissel gelde"/>
               </TextLine>
               <TextLine ID="region_1644475194328_1838l42"
                         BASELINE="5204,4152 5241,4152 5278,4154 5315,4154 5353,4154 5390,4154 5427,4154 5465,4154 5502,4154 5539,4154 5577,4154 5614,4152 5651,4152 5688,4150 5726,4150 5763,4150 5800,4148 5838,4148 5875,4148 5912,4148 5950,4146"
                         HEIGHT="152"
                         WIDTH="779"
                         VPOS="4059"
                         HPOS="5188">
                  <String ID="string_region_1644475194328_1838l42"
                          HEIGHT="152"
                          WIDTH="779"
                          VPOS="4059"
                          HPOS="5188"
                          CONTENT="ƒ 18:15:6 £ 3:2:2"/>
               </TextLine>
               <TextLine ID="region_1644475194328_1838l43"
                         BASELINE="5186,4234 5227,4236 5269,4236 5310,4236 5352,4238 5393,4238 5435,4238 5476,4238 5518,4238 5559,4237 5601,4236 5642,4236 5684,4235 5725,4234 5767,4234 5808,4232 5850,4231 5891,4230 5933,4228 5974,4226 6016,4224"
                         HEIGHT="122"
                         WIDTH="862"
                         VPOS="4154"
                         HPOS="5171">
                  <String ID="string_region_1644475194328_1838l43"
                          HEIGHT="122"
                          WIDTH="862"
                          VPOS="4154"
                          HPOS="5171"
                          CONTENT="„ 13:1:3„ 2:16:10 ½"/>
               </TextLine>
               <TextLine ID="region_1644475194328_1838l44"
                         BASELINE="3582,4244 3608,4244 3634,4246 3660,4246 3687,4246 3713,4246 3739,4246 3766,4246 3792,4246 3818,4246 3845,4244 3871,4244 3897,4244 3923,4242 3950,4242 3976,4242 4002,4241 4029,4240 4055,4240 4081,4240 4108,4240"
                         HEIGHT="131"
                         WIDTH="557"
                         VPOS="4147"
                         HPOS="3567">
                  <String ID="string_region_1644475194328_1838l44"
                          HEIGHT="131"
                          WIDTH="557"
                          VPOS="4147"
                          HPOS="3567"
                          CONTENT="voor N 16"/>
               </TextLine>
               <TextLine ID="region_1644475194328_1838l45"
                         BASELINE="3580,4348 3699,4344 3818,4340 3937,4338 4056,4336 4175,4334 4294,4334 4413,4334 4532,4334 4651,4334 4770,4334 4889,4336 5008,4336 5127,4336 5246,4338 5365,4338 5484,4338 5603,4338 5722,4336 5841,4335 5960,4332"
                         HEIGHT="161"
                         WIDTH="2411"
                         VPOS="4240"
                         HPOS="3565">
                  <String ID="string_region_1644475194328_1838l45"
                          HEIGHT="161"
                          WIDTH="2411"
                          VPOS="4240"
                          HPOS="3565"
                          CONTENT="iuk heeft wel gedaen van maer 20 st:  N 100 te betalen hebbe"/>
               </TextLine>
               <TextLine ID="region_1644475194328_1838l46"
                         BASELINE="3596,4446 3716,4445 3837,4444 3958,4442 4079,4442 4200,4440 4320,4440 4441,4438 4562,4438 4683,4438 4804,4436 4924,4436 5045,4436 5166,4436 5287,4436 5408,4436 5528,4436 5649,4436 5770,4436 5891,4436 6012,4436"
                         HEIGHT="162"
                         WIDTH="2448"
                         VPOS="4353"
                         HPOS="3579">
                  <String ID="string_region_1644475194328_1838l46"
                          HEIGHT="162"
                          WIDTH="2448"
                          VPOS="4353"
                          HPOS="3579"
                          CONTENT="onsere facteur daer van gesproken die den voermon sal dapper"/>
               </TextLine>
            </TextBlock>
         </PrintSpace>
      </Page>
   </Layout>
</alto>
