8399 4733
1018 305 2383 101 p 28 febbuarij ditto hebbe aen ue broeder geschreven dat het paeke

1053 389 2346 122 niet beschadight was dogh dat daer eene avane op vallen soude & dat

1057 436 2302 161 het beeter was den sooue als het peerst verlooren & vermits men

1037 538 2216 114 seyde davaris soo groot met soude wesen soo hebbe als dan het

1067 632 2166 154 volle import van die bale aen hem geremitteert & dat davairre

1064 726 2258 138 tegens d'oncosten tot london soude quesen sedert vinde niet dat

1065 805 2144 172 voorders iets geschreven is van weer cansen & bevinde op mijne

1047 913 2330 157 bocken de re gesloten hebbende de negotie van sjaer oni gaen

1056 1018 2195 135 quitteren & ter selves tijdt met ieder een gesloten gelieft mijne

1055 1106 2339 138 voors gementioneerde brieven naer te sien & ut sal alles conform

1067 1217 2298 117 bevinden derhalven saen die £5:1: 8 en noch open versoecke de rek

1061 1325 2280 152 te salderen & mij daer af advies te geven want soecke met hier

1058 1412 2310 168 naer eenige quessie sode voor comen te weeten naer mijn doodt

1060 1498 2305 163 ick en hebbe met nmemandt iets meer aetstaende darom sal ue

1078 1632 2238 131 misive mij aengenaem sijn & als ue eenigen dinst can doen

1056 1730 2345 179 gelieft mij maer te schrijven sijds versekert de selsse genegentiydt

1061 1838 2192 120 voor ue hebbe als voor iuk: waerde broeser memoiie & blijven

1085 1933 865 172 naer seer vrinde groet

2566 1977 744 214 Adij 6 gbre 1723

903 1984 812 224 London dhr Jatnall

1082 2119 2305 139 u aengenaeme van 18 passss a s wel ontfangen waer bij verneme

1071 2236 2305 103 dat u tot mijn laeste gestelde prijsen der tijken niet ondt resolve

1082 2335 2311 137 & hebbe voorders den nchurt genogh verstaen ul heeft geen redn

1069 2421 2317 129 van clagen dat ue soude geadviseert hebben dat de syten soo

1073 2523 2331 157 souden monteeren gelieft alle mijne voinge brieven eens naer te

1061 2637 2308 177 seen & dan sal iu niet eenen bevinden oft hebbe daer inne

1082 2739 2305 198 genoteert dat de sghen meer & meer moeten opslagen & selfs

1063 2840 2336 165 ue geraden meer partyen te gelijck te ordonneeren dat echt

1097 2981 2229 141 niet en hebt gelieven te doen ick can met meet doen als

1071 3054 2324 141 ue advies te geven & tis aen ue vervolgens sijne mesures te

1087 3181 2314 152 nemen nu om mijn uyterste devoiren andermael voor ue

1069 3264 2324 169 te doen soo hebbe op ontfangh van ue voors brief aen mijn

1099 3397 2289 161 twee besse makers geschreven dat ingevalle sij mij de partije

1088 3486 2268 140 niet willen leveren tot den vooregen prijs sien noydt meer

1076 3583 2319 194 soude imployeren waer op van beyde antwordt becomen hebe

1092 3691 2133 171 dat het hier onmogelijck is & om mij niet te disobligeren

1061 3818 2308 155 dat sij de selve voor dese resse sullen geven ten prijse als

1085 3941 2318 131 hier naer volght sij schrijven mede dat de mart van de ga

1095 4077 2221 154 gemackt is & dat nu wederom ½ t: op der pour garen meer

1107 4145 2240 111 moeten geven dat sonder ttyfel de deken moet beswaren

1086 4226 2312 180 ick geloove niet ue de sijken tot de ondergestelde prijsen

1105 4370 2245 114 in een iaer sult connen hebben deshalven gelieve mij cito

1108 4448 2085 100 ul retolutie te schrijven & de selve afwaghtende blijve

3600 231 2457 166 den eenen maker sal de suken voor dese reijse geven als volght

3642 382 469 148 3 segels

4438 385 412 145 a ƒ1::13

3650 494 413 171 &3 segels

4526 518 322 128 „10:13

3649 602 460 165 ¼ groot loot

4529 604 317 181 „10:13

3620 706 1232 188 3 segels schoe strips .. „11½ 3

3995 835 1417 191 met 21 be rabat voor contante betaling

3647 936 1597 269 den anderen masser tot de volgende perstie

3658 1075 444 190 93 segels

4557 1157 305 160 ƒ1255

3665 1223 406 160 43 segels

4572 1280 287 123 „ 10:9

3662 1335 477 131 G: groot loot

4552 1378 323 127 „18:9

3668 1436 500 167 a groot loot

4554 1475 331 111 „8:10

3860 1522 1159 171 contant te betalen sonder rabat

3595 1634 2377 199 nu can ue sijne mesures nemen & mij noteren van welken maker

3596 1742 2371 191 ue gelieft de tijken die ul dit iaer gehadt heeft sijn van den eersten

3586 1832 829 145 maker tot ui governe

5205 1871 749 215 Adij 9 gbre 1723

3486 1918 1123 162 Bruxelles, mons: stephano Rousseau

3593 2042 2471 147 J'ay receu En son temp vre agreable & obligent lestre du 5e courant dont

3586 2094 2482 199 le contenu est bien & ie vous suis intinement oblige pour la peur qu vous

3584 2240 2497 161 avez bien voulue prendre il est a croire que la rente est libre la r

3583 2345 2415 171 est aussij trop sincere pour dire autrement qu'il ne serovit ce pous quoy

3584 2448 2407 140 on fera icj premierement le transport & ie suis conditione que ie ne

3548 2532 2547 178 donneray pas de l'argent avant que ie suis mise a bruxelles pour possesseus

3595 2646 2500 135 de la ditte rente suivant vre ordre je vous renvoije cy joint lassequee

3605 2756 2462 134 sur francois vollu vre grace me sera plaisier si vous voulle bien payer

3583 2866 2396 164 a mons. dendon quize  con dix sols courant dont ie luy ay doant avis

3596 2966 2455 177 outre ie prend la libersé de vous envoyer trois quetance a la charge

3603 3050 2368 186 de vre ville vous priant de procurer le payement come de la petitte

3601 3190 2417 152 remise cy coint de deux cent quatre vingh slins dix partars de change

3587 3279 2406 169 a la charge de mons: Jean Beekmans & soye persuade qu'il me fera

3610 3359 1872 170 plaisier de vous pouvoir rendre des services rechproques

3583 3458 903 153 oltant ties sincerement

3605 3565 897 175 ne quitance de ƒ98:-

3612 3649 311 126 une ditto

4241 3687 315 110 „ 52:10

4251 3736 388 157 „ 45:15 ½

3597 3752 284 137 une de

3618 3871 2293 195 Ensemble argent court ƒ 196:8½ faisant en argent de change ƒ168:4:¼
