8385 4747
1091 324 2306 133 geschiedt is in een maendt tijdts dat sehrlijck droevigh is. bij

1052 388 904 125 bevindt sigh alleen

1072 435 2350 170 ick hebbe over lanen alle negotie gequitteert &ben niet van sin, eenige

1075 577 2195 110 meer te emplecteren het eenighste van mijn affaires bestaedt int

1077 643 2268 133 navigeren op doostindingen mij hebben dry schepen de retour twee

1044 729 2395 177 ven canten & jn ven bengale die soo njck geladen tijck dat noijt

1042 819 1654 146 des gelijckx uyt oostdadien sijn gesomen

1060 892 2350 163 seer lieve cousie ue gelieft mij te vragen om de de adnieustontie

1060 975 2339 181 van ue twee luysiens an te nemen soude noet gaerne e sulx

1077 1081 2216 189 refiuseren, maer bidde van te overleggen den tw aren dienst

1076 1147 2296 197 van den armen, waer mede belast beay die noch onder heelf jaer

1069 1246 2337 209 eeren swaer moedt beddene soo dat het mij onmogelijck lodde

1057 1353 2297 220 sijn, voor die tijdt aen ue versoeck de conmen voldoen, twijfele

1063 1477 2301 160 niet oft men broeder pedro sal daerime noch contionderen

1051 1572 2380 176 het waer voor ue: het beste & geraedtsaemste de selve te versoopmy

1061 1655 2362 208 want ue daer wijnigh avancebij doedt, sijnde de reparatien groot

1063 1736 2324 191 de luyden die te bewoonen leght dat men de huys hure oett

1048 1852 2390 208 can besomen volgens het seggen van mijn broeder stonter eenen

1068 1945 2352 158 op de frameis sonder iets van te conmen bevoorderen daer sijn hedens

1070 2026 2321 212 raeght geen slechter patinonden dan gemeijne ijtiene renderen

1062 2131 2358 192 eijnigh & hebben veele moeyte roelight noodien, bidde van hier op

1053 2208 2386 206 reflaxie te maken, mijn liefte datot ue benevens onse lieve nighte

1054 2306 2364 221 & samilie seer vrindelijck groeten gelijck ick made ben doende

1054 2437 1248 225 blijve met duyterste genegentijdt

1063 2492 2359 232 PGwaer lift present hier veele nationale die in spanien win

1006 2631 2301 220 donieele hebben, het soude ons seer aengenaem sijn dat mij het

1060 2730 2374 231 geluck hadden van ue oock hier eens te lien ju doo danig en

1016 2858 2371 150 voorvall hebbe d'eere van aen ue mijn huys voor logement

2743 2971 646 164 Adj 18 aug: 1i2t

1060 2997 557 152 te presenteren

932 3082 815 157 staebroeck Joseph Cremers

1057 3153 2369 137 op 30 junij laest leden, hebbe ue geschreven, & indachtigh gemaeckt dat de renm

1047 3290 2392 147 die suz: laste ben heffende d op 9 janu deses iave vervallen was, & versoechte ter

1047 3346 2326 185 selver tijdt het jaer verschenen vois te comen voldoen, sedert hebbe niets van ue

1053 3455 2352 185 vernomen, wille ue wel seggen, dat sulx mij seer isnoeght & mij on aengenaet

1057 3601 2368 130 valt te moeten maenen, tot becomen van de verloone intresten, voorle den jaer

1068 3692 2355 112 haeft het op de selve manvere toegengaen, ben sulx niet geevent, &om met

1050 3765 2258 116 alle redelijckeyt te ageren, van mijnen cant soo some ue andermael

1060 3858 2316 135 p desen vermanen, om het jaer crois vors 9 jand. 1724 te comen voldoen,

1040 3974 2398 141 p eette, want bij faute, sal genoodsaecht wesen, andere middelen te gebruyken

1062 4062 2326 165 die ul niet seer behagen londen, daerom vertrouwe ul sulx voorcomn

1053 4131 1547 170 sult twelck met verlangen afweeghtende blijve

5168 258 925 160 Adij 30 aug 1724 16

3491 275 896 204 London dhr. Roger Coots

3588 325 2399 230 H: nisve van 27 passto wel ontfanghen sedert heeft m. thomas

3589 484 2505 201 salter mij mede geschreven, om 30 ps tijken dat de moeyte niet werdigh

3604 576 2501 169 is, om de selve te provideren want hebbe soo veel schrijvens voor weijnige

3601 683 2464 198 als voor veele, oock seght ue als dat hij mij remitteren soude, dat

3591 792 2501 189 niet gevolght is, ue: weet wel dat ontrentschap, macht ominschap

3605 919 2314 181 soo hebbe hem niet geantwordt, dat ul aen ditto m. salter can

3605 1010 2495 200 cominieeren, gelieft hem een ordre te senden voor soo ps tijken oft meg

3588 1125 2395 178 sal sijne ordre ten besten mggelijck, als voor eijgen, volbrengen

3576 1221 2430 239 dogh moet mij daer toe de pennengen provideren tot goeverno

3586 1301 2485 244 de tijken costen present, als aen den voedt deser, waer mede naer

3592 1493 799 177 groetenisse blijve

3616 1585 931 182 groot loot ƒ 8:18

4718 1675 84 128 en

3622 1718 885 174 3 segels .. „ 10:18

4557 1655 697 254 alles wissel gelde

3605 1813 937 192 ½ groot loos „ 10:18

3620 1907 947 206 3 segels ... „12:18

5017 1976 674 181 Adij 30 d. 1722

3512 2049 1027 181 London d' heer John Hatuall

3579 2163 2462 196 Op 21 a 24 passto van de maent juny 15 & 19 julij waren aen ue mijne

3603 2251 2387 155 laete, & met den laesten facture & sognossement van de bale N°46

3616 2358 2487 137 monterende in wissel gelde ƒ 1644:17 sedert geene van ue ontfangen dat

3618 2456 2472 177 mij seer verwondert, de 20 geordonneerde schoestrips & 3 segels sijn over lang

3615 2565 2473 196 gemaett, & blijve ul: ordre afwaghten, ben van ul soo lange stillwggen

3622 2670 2441 150 niet gewent wil hopen dat eenige incomoditeyt ue sulx nmet belet

3618 2769 2396 173 heeft wij hebben sedert mijne voorige differente posten van costij

3614 2890 2316 146 ontfanghen & heden den laesten dogh geene van ul vernomen

3628 2975 2461 171 waroin andermael desen aen ue schrijve, om ul oock te noteren

3449 3081 2652 194 als dat den maser alle weeken comt vragen, om die tijken mij toe

3620 3176 2470 161 te senden, & vreese soo hij occasie heeft om die bij andere te beneficer

3612 3291 2478 158 dat hij de occasie waer soude nemen & dan soude ue van die scho

3624 3405 2480 185 strips geene conmen senden hebbe hem van tijdt tot tijdt gedileyeert

3625 3479 2461 186 & geseijdt dat ul: voordere ordre dagelijckx verwaghte & dat dan d'een

3637 3647 2465 128 met dander soude vragen, nu den sydt van uytstel daert ien te

3650 3731 2438 146 langh die luyden hebben gelt noodigh, darom bidde van op ontfangh

3645 3829 2438 143 deser, mij met ul antwords & ordres te vereeren swelck met groot

3447 3941 2526 173 verlangen afwaghtende blijve naer seer cordiale groet

5355 4046 750 167 Adij Puo sbor 1734

3534 4048 835 162 Turnhout de wed. Robert

3661 4156 2438 118 ue aeng van 31 passo hebbe wel ontfanghen waer bij versoeckt dat den

3648 4267 2457 139 muen wissel brief op ƒ500:- soude maken & dat ƒ300:- soude betalen

3663 4365 2405 139 op afkorsinge van de ƒ800:- wij sijn al te goede vrinden om ue iets

3662 4439 489 140 te weiygeren
