<?xml version="1.0" encoding="UTF-8"?>
<alto xmlns:xsi="http://www.w3.org/2001/XMLSchema-instance"
      xmlns="http://www.loc.gov/standards/alto/ns-v4#"
      xmlns:page="http://schema.primaresearch.org/PAGE/gts/pagecontent/2013-07-15"
      xsi:schemaLocation="http://www.loc.gov/standards/alto/ns-v4# https://www.loc.gov/standards/alto/v4/alto.xsd">
   <Description>
      <MeasurementUnit>pixel</MeasurementUnit>
      <OCRProcessing ID="IdOcr">
         <ocrProcessingStep>
            <processingDateTime>2022-02-11T21:40:44.028+01:00</processingDateTime>
            <processingSoftware>
               <softwareCreator>READ COOP</softwareCreator>
               <softwareName>Transkribus</softwareName>
            </processingSoftware>
         </ocrProcessingStep>
      </OCRProcessing>
   </Description>
   <Layout>
      <Page ID="Page1" PHYSICAL_IMG_NR="1" HEIGHT="4754" WIDTH="8310">
         <TopMargin HEIGHT="0" WIDTH="8310" VPOS="0" HPOS="0"/>
         <LeftMargin HEIGHT="4754" WIDTH="0" VPOS="0" HPOS="0"/>
         <RightMargin HEIGHT="4754" WIDTH="0" VPOS="0" HPOS="8310"/>
         <BottomMargin HEIGHT="0" WIDTH="8310" VPOS="4754" HPOS="0"/>
         <PrintSpace HEIGHT="4754" WIDTH="8310" VPOS="0" HPOS="0">
            <TextBlock ID="r1" HEIGHT="182" WIDTH="108" VPOS="243" HPOS="862">
               <Shape>
                  <Polygon POINTS="862,243 862,425 970,425 970,243"/>
               </Shape>
               <TextLine ID="r1l1"
                         BASELINE="862,294 889,294 916,296 943,296 970,294"
                         HEIGHT="121"
                         WIDTH="138"
                         VPOS="230"
                         HPOS="848">
                  <String ID="string_r1l1"
                          HEIGHT="121"
                          WIDTH="138"
                          VPOS="230"
                          HPOS="848"
                          CONTENT=""/>
               </TextLine>
               <TextLine ID="r1l2"
                         BASELINE="872,400 916,400"
                         HEIGHT="95"
                         WIDTH="73"
                         VPOS="336"
                         HPOS="858">
                  <String ID="string_r1l2"
                          HEIGHT="95"
                          WIDTH="73"
                          VPOS="336"
                          HPOS="858"
                          CONTENT=""/>
               </TextLine>
            </TextBlock>
            <TextBlock ID="r2" HEIGHT="2806" WIDTH="2506" VPOS="318" HPOS="964">
               <Shape>
                  <Polygon POINTS="964,318 964,3124 3470,3124 3470,318"/>
               </Shape>
               <TextLine ID="r2l1"
                         BASELINE="970,388 1091,388 1212,388 1333,388 1454,388 1576,386 1697,386 1818,386 1939,386 2060,384 2182,384 2303,384 2424,382 2545,380 2666,378 2788,376 2909,374 3030,370 3151,368 3272,364 3394,360"
                         HEIGHT="195"
                         WIDTH="2456"
                         VPOS="229"
                         HPOS="953">
                  <String ID="string_r2l1"
                          HEIGHT="195"
                          WIDTH="2456"
                          VPOS="229"
                          HPOS="953"
                          CONTENT="de merchen, ect me melle de papus ie ie vrouve mit le de vous envoiyer on"/>
               </TextLine>
               <TextLine ID="r2l2"
                         BASELINE="970,484 1091,486 1213,488 1335,488 1457,488 1579,488 1701,486 1823,484 1945,482 2067,480 2189,477 2310,474 2432,471 2554,468 2676,464 2798,460 2920,457 3042,453 3164,450 3286,446 3408,444"
                         HEIGHT="164"
                         WIDTH="2472"
                         VPOS="370"
                         HPOS="952">
                  <String ID="string_r2l2"
                          HEIGHT="164"
                          WIDTH="2472"
                          VPOS="370"
                          HPOS="952"
                          CONTENT="pourra vous les mettre en mains a ie voyage danvers au noil prochain qa"/>
               </TextLine>
               <TextLine ID="r2l3"
                         BASELINE="978,590 1099,592 1221,592 1342,594 1464,592 1585,590 1707,588 1828,586 1950,582 2071,578 2193,574 2314,569 2436,563 2557,559 2679,554 2800,548 2922,544 3043,540 3165,535 3286,532 3408,528"
                         HEIGHT="215"
                         WIDTH="2462"
                         VPOS="454"
                         HPOS="961">
                  <String ID="string_r2l3"
                          HEIGHT="215"
                          WIDTH="2462"
                          VPOS="454"
                          HPOS="961"
                          CONTENT="ma femme vous pourra donner quiques eclaireissements a ce suject le derend"/>
               </TextLine>
               <TextLine ID="r2l4"
                         BASELINE="964,702 1086,702 1208,704 1330,702 1452,702 1574,700 1696,698 1818,694 1940,690 2062,686 2185,682 2307,676 2429,670 2551,664 2673,658 2795,652 2917,644 3039,638 3161,630 3283,622 3406,614"
                         HEIGHT="191"
                         WIDTH="2472"
                         VPOS="561"
                         HPOS="947">
                  <String ID="string_r2l4"
                          HEIGHT="191"
                          WIDTH="2472"
                          VPOS="561"
                          HPOS="947"
                          CONTENT="compte envoye p le s: de man, de dis biens n'esto que iusqua lanne 1722 ce "/>
               </TextLine>
               <TextLine ID="r2l5"
                         BASELINE="966,810 1087,812 1208,814 1330,814 1451,813 1573,811 1694,808 1815,804 1937,800 2058,795 2180,788 2301,782 2422,775 2544,768 2665,758 2787,749 2908,741 3029,732 3151,722 3272,710 3394,700"
                         HEIGHT="182"
                         WIDTH="2462"
                         VPOS="656"
                         HPOS="945">
                  <String ID="string_r2l5"
                          HEIGHT="182"
                          WIDTH="2462"
                          VPOS="656"
                          HPOS="945"
                          CONTENT="pour quoy ie ne feaurois vous marqur les arrierages des fervmiers messme"/>
               </TextLine>
               <TextLine ID="r2l6"
                         BASELINE="982,916 1102,916 1222,916 1342,916 1462,914 1582,912 1702,910 1822,906 1942,903 2062,899 2182,893 2302,888 2422,880 2542,874 2662,864 2782,857 2902,848 3022,836 3142,827 3262,814 3382,802"
                         HEIGHT="252"
                         WIDTH="2436"
                         VPOS="732"
                         HPOS="963">
                  <String ID="string_r2l6"
                          HEIGHT="252"
                          WIDTH="2436"
                          VPOS="732"
                          HPOS="963"
                          CONTENT="ce detnier compte envoye, est plaia doreur &amp; selon le rapport de Jean vre balle"/>
               </TextLine>
               <TextLine ID="r2l7"
                         BASELINE="994,1022 1113,1022 1233,1022 1352,1020 1472,1018 1592,1015 1711,1012 1831,1007 1950,1002 2070,998 2190,993 2309,987 2429,980 2548,973 2668,966 2788,959 2907,951 3027,945 3146,937 3266,929 3386,920"
                         HEIGHT="248"
                         WIDTH="2425"
                         VPOS="827"
                         HPOS="976">
                  <String ID="string_r2l7"
                          HEIGHT="248"
                          WIDTH="2425"
                          VPOS="827"
                          HPOS="976"
                          CONTENT="il y at de largent qu'il a receu des fermiers, qu'il n'y at point porte, ce poud"/>
               </TextLine>
               <TextLine ID="r2l8"
                         BASELINE="988,1132 1108,1131 1228,1130 1348,1126 1468,1124 1588,1120 1708,1116 1828,1112 1948,1107 2068,1101 2189,1094 2309,1089 2429,1082 2549,1076 2669,1068 2789,1061 2909,1053 3029,1046 3149,1037 3269,1028 3390,1020"
                         HEIGHT="209"
                         WIDTH="2440"
                         VPOS="930"
                         HPOS="969">
                  <String ID="string_r2l8"
                          HEIGHT="209"
                          WIDTH="2440"
                          VPOS="930"
                          HPOS="969"
                          CONTENT="quoy on ne puisse rien scavoir avantdavoir le dernier compte de la veuir"/>
               </TextLine>
               <TextLine ID="r2l9"
                         BASELINE="990,1238 1111,1235 1232,1231 1354,1228 1475,1224 1597,1218 1718,1214 1839,1209 1961,1202 2082,1197 2204,1190 2325,1184 2446,1178 2568,1170 2689,1164 2811,1157 2932,1150 3053,1141 3175,1134 3296,1127 3418,1118"
                         HEIGHT="230"
                         WIDTH="2464"
                         VPOS="1066"
                         HPOS="968">
                  <String ID="string_r2l9"
                          HEIGHT="230"
                          WIDTH="2464"
                          VPOS="1066"
                          HPOS="968"
                          CONTENT="de man, a quoy il faudroit bien la preses, ne fut que nous trouverions conven"/>
               </TextLine>
               <TextLine ID="r2l10"
                         BASELINE="2970,1246 2996,1245 3022,1244 3048,1243 3075,1242 3101,1240 3127,1238 3153,1235 3180,1234 3206,1233 3232,1230 3258,1229 3285,1227 3311,1226 3337,1225 3363,1224 3390,1224"
                         HEIGHT="148"
                         WIDTH="458"
                         VPOS="1123"
                         HPOS="2948">
                  <String ID="string_r2l10"
                          HEIGHT="148"
                          WIDTH="458"
                          VPOS="1123"
                          HPOS="2948"
                          CONTENT="le S: Cornelis"/>
               </TextLine>
               <TextLine ID="r2l11"
                         BASELINE="2088,1264 2128,1261 2169,1257 2210,1256 2250,1254 2291,1252 2332,1252 2372,1251 2413,1250 2454,1250 2495,1250 2535,1250 2576,1250 2617,1250 2657,1252 2698,1252 2739,1252 2779,1252 2820,1252 2861,1252 2902,1250"
                         HEIGHT="138"
                         WIDTH="846"
                         VPOS="1172"
                         HPOS="2072">
                  <String ID="string_r2l11"
                          HEIGHT="138"
                          WIDTH="846"
                          VPOS="1172"
                          HPOS="2072"
                          CONTENT="R N I..desirou"/>
               </TextLine>
               <TextLine ID="r2l12"
                         BASELINE="2930,1358 2955,1358 2980,1355 3005,1354 3031,1351 3056,1349 3081,1348 3106,1347 3132,1346 3157,1344 3182,1344 3207,1341 3233,1340 3258,1338 3283,1338 3308,1336 3334,1334 3359,1332 3384,1329 3410,1326"
                         HEIGHT="142"
                         WIDTH="516"
                         VPOS="1233"
                         HPOS="2910">
                  <String ID="string_r2l12"
                          HEIGHT="142"
                          WIDTH="516"
                          VPOS="1233"
                          HPOS="2910"
                          CONTENT="eu le S: de mans"/>
               </TextLine>
               <TextLine ID="r2l13"
                         BASELINE="2946,1458 2971,1458 2997,1457 3023,1456 3049,1454 3074,1452 3100,1450 3126,1449 3152,1447 3178,1444 3203,1444 3229,1442 3255,1440 3281,1438 3307,1436 3332,1435 3358,1433 3384,1431 3410,1430 3436,1428"
                         HEIGHT="182"
                         WIDTH="528"
                         VPOS="1345"
                         HPOS="2924">
                  <String ID="string_r2l13"
                          HEIGHT="182"
                          WIDTH="528"
                          VPOS="1345"
                          HPOS="2924"
                          CONTENT="former les compt"/>
               </TextLine>
               <TextLine ID="r2l14"
                         BASELINE="2946,1558 2971,1558 2997,1556 3023,1555 3049,1554 3075,1554 3101,1552 3127,1550 3153,1549 3178,1546 3204,1545 3230,1544 3256,1542 3282,1540 3308,1539 3334,1536 3360,1536 3386,1534"
                         HEIGHT="159"
                         WIDTH="475"
                         VPOS="1430"
                         HPOS="2928">
                  <String ID="string_r2l14"
                          HEIGHT="159"
                          WIDTH="475"
                          VPOS="1430"
                          HPOS="2928"
                          CONTENT="en cependant"/>
               </TextLine>
               <TextLine ID="r2l15"
                         BASELINE="2950,1670 2975,1670 3001,1667 3026,1665 3052,1663 3077,1661 3103,1659 3128,1656 3154,1654 3179,1652 3205,1648 3230,1645 3256,1643 3281,1641 3307,1639 3332,1637 3358,1635 3383,1634 3409,1633 3434,1632 3460,1632"
                         HEIGHT="159"
                         WIDTH="547"
                         VPOS="1542"
                         HPOS="2930">
                  <String ID="string_r2l15"
                          HEIGHT="159"
                          WIDTH="547"
                          VPOS="1542"
                          HPOS="2930"
                          CONTENT="vand fermier de"/>
               </TextLine>
               <TextLine ID="r2l16"
                         BASELINE="2964,1764 2989,1762 3014,1761 3040,1759 3065,1758 3091,1756 3116,1754 3142,1753 3167,1751 3193,1748 3218,1746 3244,1744 3269,1742 3295,1739 3320,1736 3346,1734 3371,1733 3397,1730 3422,1728 3448,1728"
                         HEIGHT="191"
                         WIDTH="520"
                         VPOS="1636"
                         HPOS="2943">
                  <String ID="string_r2l16"
                          HEIGHT="191"
                          WIDTH="520"
                          VPOS="1636"
                          HPOS="2943"
                          CONTENT="1 a fauchees don"/>
               </TextLine>
               <TextLine ID="r2l17"
                         BASELINE="2978,1874 3003,1872 3029,1870 3055,1868 3081,1866 3106,1865 3132,1862 3158,1860 3184,1857 3210,1854 3235,1852 3261,1850 3287,1848 3313,1846 3338,1845 3364,1843 3390,1841 3416,1840 3442,1838"
                         HEIGHT="163"
                         WIDTH="499"
                         VPOS="1742"
                         HPOS="2960">
                  <String ID="string_r2l17"
                          HEIGHT="163"
                          WIDTH="499"
                          VPOS="1742"
                          HPOS="2960"
                          CONTENT="prochain selon"/>
               </TextLine>
               <TextLine ID="r2l18"
                         BASELINE="2960,1980 2985,1980 3011,1979 3037,1978 3063,1976 3089,1976 3115,1974 3141,1973 3167,1971 3193,1969 3218,1967 3244,1966 3270,1964 3296,1962 3322,1961 3348,1959 3374,1956 3400,1954 3426,1953 3452,1952"
                         HEIGHT="164"
                         WIDTH="526"
                         VPOS="1850"
                         HPOS="2942">
                  <String ID="string_r2l18"
                          HEIGHT="164"
                          WIDTH="526"
                          VPOS="1850"
                          HPOS="2942"
                          CONTENT="emmanie tty"/>
               </TextLine>
               <TextLine ID="r2l19"
                         BASELINE="2970,2098 2996,2096 3022,2093 3048,2091 3074,2087 3101,2085 3127,2082 3153,2081 3179,2078 3206,2077 3232,2075 3258,2074 3284,2072 3310,2072 3337,2069 3363,2067 3389,2066 3415,2065 3442,2062"
                         HEIGHT="204"
                         WIDTH="507"
                         VPOS="1951"
                         HPOS="2951">
                  <String ID="string_r2l19"
                          HEIGHT="204"
                          WIDTH="507"
                          VPOS="1951"
                          HPOS="2951"
                          CONTENT="priserie de "/>
               </TextLine>
               <TextLine ID="r2l20"
                         BASELINE="2960,2200 2985,2198 3011,2196 3036,2194 3062,2192 3087,2192 3113,2189 3139,2188 3164,2186 3190,2183 3215,2182 3241,2181 3266,2179 3292,2176 3318,2173 3343,2172 3369,2169 3394,2165 3420,2163 3446,2160"
                         HEIGHT="150"
                         WIDTH="523"
                         VPOS="2072"
                         HPOS="2941">
                  <String ID="string_r2l20"
                          HEIGHT="150"
                          WIDTH="523"
                          VPOS="2072"
                          HPOS="2941"
                          CONTENT="stract est prise"/>
               </TextLine>
               <TextLine ID="r2l21"
                         BASELINE="2980,2308 3005,2306 3031,2304 3057,2302 3083,2300 3109,2299 3135,2296 3161,2294 3187,2293 3213,2291 3238,2288 3264,2286 3290,2283 3316,2280 3342,2277 3368,2274 3394,2270 3420,2267 3446,2262"
                         HEIGHT="178"
                         WIDTH="503"
                         VPOS="2170"
                         HPOS="2957">
                  <String ID="string_r2l21"
                          HEIGHT="178"
                          WIDTH="503"
                          VPOS="2170"
                          HPOS="2957"
                          CONTENT="de swijnd reckt"/>
               </TextLine>
               <TextLine ID="r2l22"
                         BASELINE="3002,2408 3027,2408 3053,2408 3079,2406 3105,2404 3130,2402 3156,2401 3182,2400 3208,2397 3233,2395 3259,2392 3285,2389 3311,2387 3336,2383 3362,2379 3388,2375 3414,2370"
                         HEIGHT="168"
                         WIDTH="448"
                         VPOS="2296"
                         HPOS="2984">
                  <String ID="string_r2l22"
                          HEIGHT="168"
                          WIDTH="448"
                          VPOS="2296"
                          HPOS="2984"
                          CONTENT="aussij de celle"/>
               </TextLine>
               <TextLine ID="r2l23"
                         BASELINE="2978,2518 3003,2516 3028,2514 3054,2512 3079,2509 3105,2507 3130,2505 3155,2502 3181,2500 3206,2499 3232,2497 3257,2494 3282,2493 3308,2491 3333,2489 3359,2487 3384,2485 3410,2484"
                         HEIGHT="153"
                         WIDTH="471"
                         VPOS="2390"
                         HPOS="2958">
                  <String ID="string_r2l23"
                          HEIGHT="153"
                          WIDTH="471"
                          VPOS="2390"
                          HPOS="2958"
                          CONTENT="1 verges Loue"/>
               </TextLine>
               <TextLine ID="r2l24"
                         BASELINE="2982,2622 3007,2620 3032,2617 3058,2615 3083,2613 3109,2610 3134,2609 3159,2606 3185,2603 3210,2601 3236,2598 3261,2596 3286,2593 3312,2592 3337,2590 3363,2587 3388,2585 3414,2582"
                         HEIGHT="138"
                         WIDTH="477"
                         VPOS="2514"
                         HPOS="2960">
                  <String ID="string_r2l24"
                          HEIGHT="138"
                          WIDTH="477"
                          VPOS="2514"
                          HPOS="2960"
                          CONTENT="vous m'envoy"/>
               </TextLine>
               <TextLine ID="r2l25"
                         BASELINE="2976,2720 3001,2720 3027,2718 3053,2717 3079,2716 3104,2714 3130,2713 3156,2711 3182,2707 3208,2704 3233,2703 3259,2700 3285,2697 3311,2695 3336,2692 3362,2690 3388,2689 3414,2686 3440,2684"
                         HEIGHT="123"
                         WIDTH="500"
                         VPOS="2614"
                         HPOS="2957">
                  <String ID="string_r2l25"
                          HEIGHT="123"
                          WIDTH="500"
                          VPOS="2614"
                          HPOS="2957"
                          CONTENT="intes que vous"/>
               </TextLine>
               <TextLine ID="r2l26"
                         BASELINE="2978,2828 3003,2828 3029,2827 3055,2826 3081,2825 3107,2823 3133,2822 3159,2821 3185,2819 3211,2818 3236,2816 3262,2814 3288,2812 3314,2810 3340,2806 3366,2805 3392,2802 3418,2799 3444,2797 3470,2792"
                         HEIGHT="192"
                         WIDTH="530"
                         VPOS="2697"
                         HPOS="2958">
                  <String ID="string_r2l26"
                          HEIGHT="192"
                          WIDTH="530"
                          VPOS="2697"
                          HPOS="2958"
                          CONTENT="ndre, ie n'auso"/>
               </TextLine>
               <TextLine ID="r2l27"
                         BASELINE="2974,2926 2999,2926 3024,2926 3049,2926 3074,2926 3099,2925 3124,2924 3149,2923 3174,2922 3199,2921 3224,2920 3249,2917 3274,2916 3299,2915 3324,2913 3349,2912 3374,2910 3399,2908 3424,2907 3450,2904"
                         HEIGHT="184"
                         WIDTH="509"
                         VPOS="2804"
                         HPOS="2958">
                  <String ID="string_r2l27"
                          HEIGHT="184"
                          WIDTH="509"
                          VPOS="2804"
                          HPOS="2958"
                          CONTENT="encor jn comode"/>
               </TextLine>
               <TextLine ID="r2l28"
                         BASELINE="2988,3042 3013,3041 3038,3039 3063,3038 3088,3036 3113,3033 3138,3031 3163,3030 3188,3027 3213,3025 3238,3023 3263,3022 3288,3022 3313,3020 3338,3020 3363,3018 3388,3020"
                         HEIGHT="180"
                         WIDTH="437"
                         VPOS="2916"
                         HPOS="2967">
                  <String ID="string_r2l28"
                          HEIGHT="180"
                          WIDTH="437"
                          VPOS="2916"
                          HPOS="2967"
                          CONTENT="1 que vous"/>
               </TextLine>
               <TextLine ID="r2l29"
                         BASELINE="3266,3100 3310,3104"
                         HEIGHT="147"
                         WIDTH="87"
                         VPOS="3022"
                         HPOS="3245">
                  <String ID="string_r2l29"
                          HEIGHT="147"
                          WIDTH="87"
                          VPOS="3022"
                          HPOS="3245"
                          CONTENT="d"/>
               </TextLine>
            </TextBlock>
         </PrintSpace>
      </Page>
   </Layout>
</alto>
