8385 4699
2590 245 763 173 Ady 12 sber 1723

867 266 1389 160 brugge laurance van Rentergen

1034 379 2145 205 Myn hier u mij seer aengenaem van 23 passto

1067 498 2262 159 34 deser sijn mij wel gewoorden met den castten oncost

1052 589 1979 172 rekeninge cognossement vant packe tijken

1035 713 2080 154 & 31 waer vooren ue gecrediteert is in wissel gelt

1033 795 2274 173 a 18:14: 9 desen tot advis dat op gisteren p vagens van

1043 913 2278 142 tgendt ach u si adroce toegesonden hebbe twee packen

1047 974 2265 165 tijken te weeten 1 pack MN 2 inhoudende 130 stele

1042 1104 2299 122 stuck en tighen sijnde voor renepinge van dhep geul birgie

1050 1185 2299 101 aviens ordre gelieve dien aengande te volgen het ander pack

1061 1240 2307 114 is M2d inhoudende 80 stucken tijken dat ver volgens

1048 1320 2332 150 gelive te verclaren &  eerste vertreckende schip op londe

1065 1396 2104 119 te versenden & te popyneren aen madame revecl

1075 1490 2255 124 hantilton & coosee  doncostrck: benevens cognostement

1069 1545 2265 132 mj te laten toecomen sijn dat ick al wat in debours

1061 1632 2133 118 is dat op my gelive te tuecken naer ick wel gevallen

1075 1710 2254 154 waer mede naer seer vrindelycke groetenisse blijve

882 1814 910 175 London George vergoe

2589 1793 767 204 Adj 13 sbre 1721

1085 1928 2188 183 ap 6 deser was aen ue minnen lasten waer aen mij

1026 2044 2111 140 gedrage seders geene van ue ontfangen heb b

1051 2140 2286 134 ciyndentlijck de tyck maker voldaen & det  gehort

1066 2192 2242 151 derhalven hier ingesloten de facture van eene bale

1092 2316 2292 162 M2 inhoudende 130 ps tijken monterende in wissel

1064 2412 2299 164 gelde ƒ5574:8½ waervooren naer wel hevinden mij

1024 2478 2363 154 geliefe te crediteren ditto bale hebbe voor gisteren

1076 2582 2317 176 nae bruyge versonden 2 geaddresseert aen dheer laurens

1071 2722 2298 149 van kentergen om  ordre te volgen iets voorders

1056 2778 2289 195 van ue dinste gelive te comanderen sal mijne

1078 2899 2267 124 doloeren doen om de tijken den besten poiyse in te

1087 3009 2315 133 coopen schers 2 stuivers p ps minde als dese facture

1073 3080 2160 166 met 2  rabat voor contant gelt waer mede naer

1085 3178 1551 159 seer vrindelycke groetenisse blijve

2511 3221 884 193 Adij 13 sber 1711

905 3257 1351 207 London Jacques fran. de voille

1088 3358 2197 143 ue mij seer aengename van 14 april last leden is in i4

1092 3454 2284 159 op sijnen tyst wel geworden & is bj faute can occasie tot

1088 3569 2271 141 nietoe onbeantwoort gebleven ue trate van £36:- st

1097 3621 2302 175 op 15 sight 34:8 in faveur ans bandier hebbe pcourt ton

1095 3722 2234 173 tijde voldaen & ben ue verabligeert voor de goede wenschen

1091 3798 2286 167 die ue mij doedt in mijn houwelijck mijn lis is ue

1100 3916 2298 137 mede daer vooren daneba ge vermits het besoen een staende

1088 3966 2270 156 is voor balfs vellen te  van het alnbest

1104 4070 2286 171 odonneren soo versoecke van dien balen alfovillen

1089 4175 2239 137 te besorgern van het alderbeyt verijck goeet van m. prise

1100 4242 2264 121 van de groote roose ider bale van vierthien dotpen

1103 4334 2188 131 dat de vellen blanch vallen maer met bruyns

3582 204 2414 143 oock soeght in gewighte de schaen maken tlagen stevet

3559 277 2282 195 date te savaer sijn daer versoecke voor alles goede sorge tte

3549 360 2358 208 dragen oock ins versendent als ue die te bamie aen stande

3526 427 2477 196 depescheert is tijdt genogh & de vellen met op te laten packen

3548 508 2343 177 noch te schepe doen voor al eer het schip geredt is om te

3574 577 2414 200 vertrecken op dat daer warnite ofte langh schepe liegende

3554 673 2437 236 geen schade aen de selvve geschide de jorse aen den schapper

3564 767 2434 188 te recomanderen want tes aen ue genoeghsaem behent hoe

3553 866 2429 159 gevaerlijck die goederen sijn ingesooten remittere aen u s

3543 945 2460 171 te £100:- ten laste abrahann crop in londen waeer vooren

3566 1048 2456 165 het noodigh gelieve te besoryen & den ontfangh deser te adviseren

3566 1131 2244 168 als ue de faiture sal hebben gesonden van de 3 voors

3561 1259 2461 132 balen calfsvillen gelive een extracke van mijn rekeninge

3575 1315 2308 167 couraint te semen sal ue tgenen si daer bj sal comen op

3553 1382 2475 158 seyht ge casse remitteren hebbende occasie om dat te trecken

3549 1479 2466 157 dit tot uk. naeright ick twejfele niet oft ue sal de salffvellen

3546 1559 2476 184 noch a 14 ¾ies van n prose besomen alles blijft ue andermae

3555 1714 1828 121 gerecomandeert roete u uyter

3436 1801 816 177 Gent Jran: Louis Poaht

4769 1782 997 199 Adij 13 gber 1723

3569 1952 2419 139 mij seer aengename 5 deses wel ontfaagen ben cousie

3557 2034 2459 111 over alle ue danck segginge stis mij leet geweest dat niet hebbe

3539 2118 2484 151 connen valiaen aen mijne schuldighe plight hope doccasie

3551 2196 2489 112 te hebben van mijn devan beter te qujtten neme de liberlijt

3567 2291 2372 148 aen ue hier benevens te senden een wissel brieffie van ƒ 180:-

3573 2389 2439 119 wissel gelde ten laste preser pharasijn a costy wae vooren het

3574 2494 2452 110 noodigh gelive te begergen & betalt sijnde mijn rekeninge

3556 2551 2428 144 vous des selfs waede crediterent tas u  occasie vind

3565 2646 2446 134 van lhnne lakens in te coopen tot goeden preys geliee

3554 2720 2431 155 dat te doen soo gelijck d'eene gehadt hebbe u mondelie

3549 2827 2280 128 te segghen sijnde daer bij soo met gepresseert derhalven

3564 2911 2363 170 sont doccasie afwaghten mijn lijfte veersoeckt hae

3567 3011 2375 147 compliment hieft' accepteren als mede de geheel

3550 3087 2467 150 familie& hes myne daer byvoygende blijve naer

3561 3202 1087 153 vrijdelijck e groeten isse

3684 3283 1942 227 Bf den ontfangh deser gelier tadviseren

5373 3357 432 182 Adij 16 d.

3471 3445 771 189 Dornick Hermes broeta

3575 3542 2430 155 Jaj l'onheur de la vre du 11 couvant y joint une

3566 3640 2357 143 petit remise de ƒ180:- de change payable p piene

3581 3713 2354 143 phanasijn a gund que j'ay envoyes  pour evi

3571 3844 2394 138 il me rein encore de la partie 29 d coust 1720 ƒ 210:

3583 3885 2167 192 estant plus qu'n un passe vous priant qe let

3571 4006 2366 116 pensiderer pnien fame remi sur gant bruxelle

3583 4098 2455 112 a Anvers, epsurt are ordre j'ay sesvoiee ce matin

3577 4208 2256 136 p le charios toe gand le t pieces peupett ne evos

3588 4303 2299 130 ntonne pait ensemble  mancqu £a

3578 4386 2194 133 l'adrese de jasques baullaer chartier de gand
