8187 4692
871 197 2308 131 Ek ias heeft e becomen, ten treeden in plaets van refactie

878 279 2293 157 ofse consirderatie voor de schade die op de voorige gesondene

852 378 2370 128 vellen geleden hebbe, comen nu dimeer, eton derden sijn

842 426 2412 189 dese 3 balen soo swaer, dat noijdt soodanige gehadt hebbe

863 521 2361 249 n daer by, vermits n prese geen meer bj hadde salt maer

862 638 2348 175 uyt schot van goet wesen, dat ue niet biy tijde ordre gesonden

850 725 2372 202 hadde het soude mij soo gevoelijt niet vresen, het seynde

864 815 2365 225 ut sig aen die commissien niet gelegen laese & daer dror

868 944 2378 220 worde seer sleght bedient het waer beter dat geene vellen

881 1048 2388 193 ordonneerde, als soo danige te becomen, ingetleten remitt

888 1145 2364 234 ue alnoch st£100:- ten laste Louis lorsen a costy

890 1228 2395 240 swaer vooren het noodeg geluve te besorgen & den ontfang

872 1438 596 179 adviserenn

868 1472 2384 208 hebbe ue gedebiteert voor £25„. ontfangen voor een

861 1566 2336 277 jaer intrest van de lornge anuities ae l segtvervalen

841 1670 2386 264 29ijber geloove daer in abuys hebt, dat het is 29 junij

890 1754 2369 270 want men seght mij de verval degen van die intressn

864 1880 2399 270 sijn Junij  bers. daerom hebbe den verval dage noch

878 1995 2365 220 niet aengeteekent, derhalve sal ue voordes ant. her

904 2119 2213 255 op verwaghten te vermits het jaer seer nae geeijndight is soo

886 2186 2304 257 versoecke mede sonder uijtstel mijne rek. courant toe te senden, sijnde

841 2287 2359 262 daer bij verlegen, & gelieve dese ingeslotene remise daer in te lasen

876 2446 1436 205 comen, waer mede in afwaghtinge blijve

2516 2540 716 196 Ady 13 xber 1719

719 2596 1049 134 London John tatnall

880 2674 2347 228 op 29 pasto pras aen eelt mijnen laesten, daer beneren

893 2777 2318 210 Eacture Jan de Balee 22 bedragende in wissel gelde

902 2897 2364 219 ƒ694: 6. oock hadde op ue getrocken sp £ 54 a12 p voor

900 2998 2380 219 t gene mij p salde was comende, volgens rek courat

892 3074 2396 200 te betaelen op 2usos aen d'ordre van theen pr. bollengur

881 3177 2371 258 voorders referren mij aenden schren dien e sal

889 3315 2386 209 alleenelijck deenn om ul te adviseren als dat

890 3404 2332 265 de voors dale geladen is int schip van Jacob

906 3559 2293 221 berrevoel, volgens ingeley sognossement, ditto

898 3673 2368 240 Prarre voet staet met den sersten goeden vrint

913 3780 2286 251 naer costij te leylen godt geleijde hem in salve

915 3911 2359 242 e laete dese baleas: wel terhant tom & iets

916 4003 2366 263 raer in eenigen voorderen aengenaden dinst en

833 4113 2387 244 doen, geheve te commanderen die naer ae

918 4285 1587 229 & vindelijcke groetenisse blijve

5287 165 688 147 Adij 14 xber 17193

3321 207 872 174 Brussel Steph: Rousseau

3497 254 2451 205 J'ay bien releu l'honneur de la vre du 2 courant aussij la petitte mande p le

3476 366 2461 165 messagier calle, contenant les es soucouppes a chocolat d'argenterie, dout vous

3492 471 2465 169 ette credite avec milles obligations pour ƒ183:3: argent de change, ie vous assire

3473 564 2518 158 que i'en suis tres coutant & quand ie vous puis rendre une service reciproque

3481 662 974 175 ie vous prie de me comander

3486 674 2482 234 ie piend la liberte de vous envoijer cij joint une lettre de change de £100:-

3491 840 2422 149 tterling a la charge de de clous & van den berg de vre ville paijable dans

3504 946 2447 146 la ville d'anvers, que ie vous prie de faire acceptet, & En cas de resur, de me

3498 1051 1874 161 la renvoyer, sans la faire protetter, ie vous salue & suis

5245 1108 531 168 Adij 15d 1729

3378 1166 733 157 Turnhout Egidius Sanen

3492 1233 2385 200 op p deser was aen ue mijnen letten, tot danck segginge voor het present mij

3493 1300 2473 228 gesonden, eenen swaren overvall, oft vallinge over 13 daghen my bevanghen, is de

3507 1405 2454 168 oorsake dat mijne reyse naer furnhout niet hebbe connen don, ben (godt danck

3501 1497 2341 207 me brttelt desen priccipael om ul te versoecken van op toecomende sondagh

3507 1614 2490 151 80 ps tijken ordinaire screpen, als hier onder genoteert my toe te senden dogh van

3510 1686 2431 187 het alderbette goedt, sbij aldien ul wel doedt dat daer van geene claghten rijge

3504 1769 2488 196 sal mij amimeren tot meerdere partijen, int toecomende, waer mede de selve sonder

3500 1875 2463 208 faute afwaghtende blijve sendt mede eene assignatie aen e furter voor het

3518 2017 327 143 Montant

3719 2044 1359 165 20 ¼ groot lost 15 smalle 5 breede

4704 2136 214 108 5d

3732 2148 831 171 20 p3 segels „15 d

3731 2206 1188 193 20  groet loet„ 15 d .a 5d

3688 2306 1232 213 20 ¼3 segels. „ 15 d.„5d:

4279 2396 863 156 60 smalle 120 brelt

3717 2464 140 130 30

5371 2404 617 229 Adj 15d: 1719

3397 2535 804 184 Turnhout de wed: Robert

3533 2635 2430 151 ue aengename van 3 deser wel ontfanghen, beneven het cappeken lijnwaet

3533 2688 2479 183 eene sevare vallinge die op 2 deser mij bevanghen heeft is oorsake ul niet eerde

3533 2806 2455 195 hebbe beantwoordt oock de oorsake waeron niet overgecomen been de reyse

3541 2905 2312 185 was gastelt, & de peerden besproken dogh het heeft den almogenden niet

3535 3025 1442 169 gelieft ben godt danck nu wederon erstelt

3533 3094 2472 167 wat aengeet het cappeien lijn waet dat is geen turnhoudts om dat het geen

3552 3200 2411 153 reedt is, van de fijnte dat coan gaen, ick can nier meer als 9 ellen daer

3534 3293 2449 153 van profiteren, om dat het lypercaet is sal sal ue die 9 ellen betalen a 50

3526 3432 2451 103 t: & gelieft mij het vlas toe te senden, soo wel het fsijnste van de sewijten

3532 3474 2483 180 als het loperfijcy & sendt mede notitie van u verschot, want voor het

3554 3612 2417 158 jar moete met ider een effen sijn, dit alles van ul verwaghtende blijve
