8248 4685
904 209 2314 165 cant pack Ciso te adviseren, & lun ordre vragen

919 251 2336 190 wat daer mede gelieft gedaen te hebben, gght mj

919 383 2336 164 mede vreaten, op het aederspoedighste de gestelteneste

903 499 2376 167 ick supponnere dat de bale boven leght vall het

905 572 2305 196 het schip watorr van onder dat seherlijk soo hoog

898 667 2399 192 niet sijn dat het pack soude conne gedackte hebben

864 772 2414 215 vertrouwe p usi eerste betore novelles te vernane

907 835 2404 266 die aengenamen sullenn sijn, & dat met overgroet

909 961 2335 235 verlanghne ofvraghende blijve naer cordiule

908 1168 709 200 9 roetenisse

2429 1237 821 208 Ady 22 Pebru 1729

770 1271 1432 242 London Reseeca fanultons Cootke

926 1384 2389 227 op 10 deser ras aen ue mijnen laesten braen aen mij gedra

908 1476 2292 195 sedert geenen van ue desen tet geleyde van d'ingeslorene

907 1596 2281 188 bacture van eene bale met 80ps tijk ne op gepackt en

881 1702 2382 166 N12 monterende in wisselgelde ƒ 881„4 geladen am

899 1768 2417 214 schip Jan Rochusaerts volgens het nevensgaende lognetteme

833 1913 2347 138 3 ditto schipper dras gereedt, om heden naer ostende te

915 1926 2388 222 baren, & met den eersten Cavorabelee rint naer London

912 2055 2345 188 te leylen, godt geleyde hem n salvoez late dese goederen, ick

925 2148 2295 174 wel geconditionneert ter hane comen madt hebbe eene

901 2255 2381 235 partije swijnsborstel, oft verhend ha by vande alderbeste

921 2340 2387 174 soorte dat van Coningsbergen compt, & ben geneformeart

932 2435 2316 182 dat dese goederen tot londen sien gewillig sijn, het is

932 2571 2202 147 haeer dat de borstelmakers, moeten hebben, om

950 2621 2363 245 allerley soorten van berstels te manen hebbe sgeecvelat

941 2731 2344 243 om aen ue een partje in commissie te senden dogh

937 2838 2373 186 soude voor eerst gaerne weeten, oft dit met ue behagen

946 2944 2317 208 soude sijn als oock dat soude geluve te inbormeren,

949 3045 2342 175 hoe veel de encomende reghten a costij sijn en bijde

934 3129 2380 190 borsselmakers, wat de beste soorte van tsijns borstels

955 3272 1696 185 Conninysberger goet, verkoght worden:

942 3366 2239 175 met desee gelegentijdt soude men een schoon partijtie

951 3470 2223 161 lanken, conneue sluyten sonder seght te te besalwe

960 3499 2366 210 & dant de haeer wort ue vatern gepackt, & men soude

970 3644 2345 188 een packie hant, int midden vant vat connen en

970 3743 2329 218 packen, dit alles tot ue manght hebbe advies dat

959 3862 2344 185 Lieas troobant behanden a costij is gearriveert

952 3939 2252 236 hope rochus aerts mede int cort over sal syn

962 4038 2365 258 & soo iets voorders van ue: dienst gelieve te commanderen

964 4173 2240 193 waer mede ue mesleve alwoonende blijve naer

979 4313 975 191 Cordiale groetenissn

5323 163 650 145 Aaij 24 ebru 1716

3420 190 827 178 fiserton S. thorne

3511 267 2484 207 op 3 deser was aen ue mijnen laetten, sedert geenen vand

3491 344 2476 220 y desen om ue te addiseren, dat Jacob barrevoet, waer in

3513 437 2399 228 ue bale blak sarges geladen traes, van London tot ostende

3517 535 2393 218 was gearriveert, ditto schipper heeft n een ongeloofelijk

3504 590 2413 313 gevaer gewelst, op lace indee gepasseerden storen, om

3508 729 2476 259 sijn schip, lief goederen te verlieten heeft sijn ooer van

3493 847 2424 194 sijn schip & sijn boodt verloren & door groot geluck is

3509 897 2448 244 door de vissers van niewpoort & blankenberg met ek a 3

3486 1005 2466 250 bootend tot ostende binnen gesleept, wat seade aen

3520 1133 2401 223 de goederen is, sonde den schper niet weeten hij sal

3517 1237 2380 199 eerst tegens de see protesterenn eer hij sijn luyken sal

3529 1377 2474 219 openen, oft eder sijne seade indit geval sal moetendrage

3523 1427 2342 220 sal gereguleert vrorden naer dusantie van de Lel

3520 1521 2487 219 boven dien sullender all veele oncosten vallen dat mij

3514 1623 2357 259 seer leedt in vermits den risice dande sie voor u

3516 1734 2489 238 vett is. soo hebbe aen mijn vrindt tot brugge geordoneert

3515 1823 2467 277 aen cf te scrijven de gesteltenishe, van al: voor  pack

3500 1960 2520 266 & dat hij voor u daer in doen soude, als voor eijgen men

3534 2008 2473 291 is sterck bedaght dat het schip rater in heebt, daer

3521 2145 2470 287 sijn veele suykers ingeladen & soo affmeten can, sal ue

3512 2255 2425 297 pack boven leggen, dat het van onder geen waten

3534 2362 2493 252 raken can soo ist pack nat, soo moet het doen het

3542 2453 2434 274 smijten vande baren der  van boven het scup

3531 2557 2479 278 becomen hebben, het can oock wel sijn datter beven

3548 2650 2445 266 rijnige, oft geene sende sal sijn mijn voorsm

3542 2754 2401 271 dhun ki van rentergen kan brugge sal ue van

3553 2872 2477 241 alles advies geven, & cont vervolgens u ordre tot brugge

3535 3106 370 128 tellen

3541 3014 2501 308 soo lanck gene goteert hebbe is mij godtdanck hula

3557 3187 2465 250 noyt voorgecomen, & hope den goeden godt ue van

3564 3327 2461 194 voordere meyt sal bewaren, waer mede naer seer

3568 3427 1439 201 vrindelyke groetenisse blijve

5316 3524 686 219 Adu 23 d 1120

3430 3538 1298 221 ath nico lifrand. le lievre

3578 3631 2348 199 j'ay l'honneur de la vre du 2a court, avec ordre de r

3533 3773 2381 165 fad vre grace la somme de deux cent florins argent de

3555 3852 2473 214 change, a 10 ou 12 jours de vue, ce que ia fait aujourdhuuy

3542 3950 2469 221 paijable a l ordre de monsr. preter de jong vous priant

3554 4062 2479 200 d'honnoren, ma ditte traitte, estant peu de chose en comte

3540 4142 2417 223 de ce qui me reviend encor de puis 19 sbre 1718 le gain

3547 4244 2467 207 sur les sarges, n'est pas a 3 pour leut, & pour ce la ie
