8296 4747
924 279 2494 114 les a peu obtenir a ce prix, s'il y a d'autre chose de vos comendenie

916 332 1731 168 dispose, de celuy qui at lhonneur d'estre

2912 374 151 117 me

2642 366 705 231 Adij 3 ay 1723

808 470 749 170 Gendt Jacomo Baut

939 558 2452 171 alsoo dheeren leden van vlaenderen, door cireulaire brivende date 26 p asst

930 675 2464 112 aen diversche besilters van de onbetaelde livrantien hebben laten weeten, als dat

941 757 2443 148 sij in have vergaderinge geresolveert hebben bij provisie binnen de 14 dagen

906 846 2499 165 te betalen van ider regiment twee livrantien met den int rest a rato va

931 969 2475 166 5a p annue, volgens het gemaeckt arrangement mits oversendende de

933 1105 2472 141 ordgineele, p terwijlen ue de goedtheydt gehadt heeft van aen de geinteresseent

904 1173 2511 184 dienst te doen ten tijde van het proces soo hebben bij een parelijck gereshren

942 1288 2477 174 aen u de conissie tot ontfangh van de capitale penningen cum inters

930 1391 2466 237 te verlienen & vermits aen mj te beurt valt dat mijne twee livrantien

926 1536 2445 150 moeten voldaen worden soo sal op doecomende dijnsdagh de selve aen

933 1638 2420 215 usp toesenden gesamentlijck met die van de andere geintereseerde

904 1774 1219 160 die oock moeten betaelt worden

925 1862 2498 185 mjnheer hebbe vernomen van mijn heer ue broeder als dat ue voor hem

905 2009 2508 125 & voor sigh selfs als mede voor mijn broederpedro melijn eenige penning

892 2087 2439 187 tot seheren int rest an de admodiatanr hebt geschotn, & alsoo de

926 2216 2483 153 somme die ue: voor mij ontfanghen sal, voor mijne twee livrantia

911 2314 2476 177 over de tuintigh duysent gutens beloopen sal, & dat geene occasie

928 2430 2475 165 hebbe tot remplacement soo soude ue mij mede hier vatrent oock

931 2551 2470 175 wel connen dienst doen van een gedeelte der selve te imployeren

922 2666 2498 166 sijnde wel versekiert dat ul geen peningen soude avanceren londer t

931 2790 2440 135 hebben redelijke satisfactie waer op d'iere van ue antwoordt sal

917 2883 2504 192 afweghtn & gelieve mede te laten weeten, oft wij onte livrantien

925 3017 2491 173 aen uls ordre souden indorseren, oft maer op stellen pour acquit oft

924 3097 2497 219 wel de fignalure in blanco dit doende sut verobligera die blijve

942 3278 666 144 met weel respect

2718 3228 689 203 Adij 4 mey 1728

807 3337 658 200 Gent Jacomo Baut

943 3395 2469 215 op p deser was aen ue mijnen letten, waer aen mij gedrage, sedert deere van ul

923 3503 2497 211 antwoorrt niet besomen, desen sal dan alleenelijck dienen, tot geleyde van mijne

937 3639 2482 170 twee livrantien tot laste dheeren leden van vlaenderen, & door de selve geaccept

949 3734 2481 160 hebbende de selve met mijne signature in blanco onderteelent om het acquitte

936 3857 2488 152 conmen tallen, naer genoegen van de heeren leeden, ue: gelieve te noteren, al

885 3929 2531 160 dat op d'eene livrantie n dat a 28 april 1720 van ƒ8642:11 geen plaets en

922 4019 2498 191 was om vervolgens te reckenen waer om mijn name op den cant in blanco

944 4118 2476 186 hebbe syestelt om het acquit daer boven op te schrijven, gelieve mede reflatiu

950 4291 2470 148 te maken, als dat in het gemaeckt arrangement dese livrantie maer en

944 4346 2485 192 taedt voorde somme van ƒ5642:11 dat door aluys van den secretais

4655 181 279 108 Ee

5253 158 379 160 d

3558 263 1149 138 Atemone Voor dhr. Jacomo Baut

3435 362 2198 147 ten regarde van twee livrantien op hedin 4 meij 1228 aen hem gesonden te

3422 473 2166 145 ontfanghen bij dheeren leden van vlaenderen, mij competerende met den

3421 544 2205 159 istrest a rato Van 5 pe p annun sedert 19 a 11g: 1724 lot den dagh

3437 646 2148 141 ien betalinge, sijnde het sapitaet met den sintrest als volght

4469 741 270 82 dragenders

3422 759 2083 169 sot eerst eene livrantie van het regiment Jan prince ferdinand de ligne

3426 884 2195 156 innegaende 28 april 1720 tot 8 junij naer volgende monterende het Capitael

5178 941 439 213 ƒ 8642:11

3424 985 1160 132 insourant gelt voor de somme van

3429 1087 1633 131 sijn al noch eene livrantie als vooren monterende het

3421 1200 2179 162 Capitael en courant gett, ingaende 9 Juny tot 20 july comt, 8633:14

5176 1338 429 127 ƒ 17320:2

3423 1384 1747 184 foor 3 jaren Intrest van de voors somme Van ƒ17320:2 court

3435 1534 1818 161 arato Jan  p annum comt voor de 3 jaren court.

5171 1557 355 237 a 259d:

3429 1628 1100 158 sedert 19 aug: 1724 tot 19 a19: 1727

5234 1769 384 153 19918:2

3423 1692 1612 197 tan al noch voor intrest van ditto ƒ17320:2 court

3425 1834 1786 178 atato van 5 P sedert 19 a14: ƒ727 tot den dagh van

5254 1939 345 144 Memorie

4178 1939 888 160 maenden a rato Van 5 b

3435 1964 467 164 betalinge sijnde

4939 2545 81 114 „
