8324 4726
4767 179 478 107 ls eet

3611 235 2526 118 van dheeren leden, int oppstelln geschiedt is, moet sijn ƒ 8642:11 volgens

3640 340 2498 130 de originele livrantie wil niet gelooven dat daer over eenige difft cu

3631 434 2321 142 souden connen voorcomen, oft ue de copye van het gemaect

3636 500 2457 173 arrangement niet en hadde, soo sende het selve, hier oock benevens

3623 617 2431 167 om vervolgens te connen regulere, hier en daer sijn al eenige fanten

3597 707 2356 203 oft a bussen, waerom naer doorginele livrantien moet geregileert

3628 812 2458 163 worden. hier achter volght te notitie van het smport van mijne

3617 908 2476 161 twee livrantien met 8 daren int rest te weeten sedert t9 aug: 1724

3604 1027 2484 148 tot 19 aug: 1727. beloopende ter somme van negenthier dwijt ent

3610 1117 2333 179 negen hondert aght hier guldens en twee stujvers courant gelt

3628 1188 2498 252 boven ien moet uls daer bij voegen den int rott a rato van 5 pr

3618 1356 2499 179 sedert 19 ava 1172& tot den dagh van betalinge mijn heer versoecke

3624 1477 2440 146 seer vrindelyck van den ontfangh deser aenstents te laten

3627 1577 2436 151 weeten, op dat gerust magh sijn, dese livrantien ue wel sijn

3623 1680 2433 162 ter hant gecomen otgene met groot verlangen af waghtende

3632 1822 932 169 blijve met veel respect

3597 1890 2492 207 B. mijn hier alsoo de brieven van costij heden op den nom maer eerst

3623 2077 2495 126 sijn aengecomen, waer bij mij vercert vinde met ul: seer aengename

3626 2171 2459 163 van gitteren, & vermits: den tijdt te cort is, om in alle sijn pointen

3627 2281 2376 167 te beantwoorden, sal iue & eerste breeder tchujvay & mijn

3617 2343 2522 190 broeder pedro midtelertijer spreken, de geinteresseerde in de livranse

3613 2461 2430 216 die leet aelt moeten worden, sullen ider hunne notita mede

3634 2640 275 126 senden

5424 2654 690 178 Ady 2 mij 1723

3529 2728 714 151 Gent Jacomo Baut

3637 2820 2504 199 ue seer geestmeerde 5 deser, wel ontfanghen dar bij advies dat het

3523 2971 2542 151 pacqnt met de livrantien ue, was geworden, & dat met de selve

3626 3051 2522 168 heden in de vergaderinge van dheern aden soude gaeen om gevisitert

3642 3168 2445 207 te worden, ick ben in seer groot verlangen om te weeten watter

3644 3292 2435 197 sal sijn gepasseert ontrent het begam & buys int arrangement

3651 3391 2479 194 in mijn prerditie ten regarde van mijn livrantie de dato

3622 3515 2511 192 28 april 1720 van ƒ8642:11, oft d heeren leden eennge difficultiyd

3635 3631 2495 158 maelhten, dat nilt verhope de copije autentique is ue het pro

3626 3743 2448 219 overgegeven geweest t sijn selfs gesondenneert die somme

3634 3877 2499 199 benevens de andere te bitalen vessoecke ue advies hier ontrent

3642 4024 1076 179 om vervolgens te reguleren

3632 4089 2513 202 wat angaet het sproiect vn de admosdateis aen mijn broeder

3632 4210 2511 226 oedro gesonden den tijdt van 5 juran duncht ons wat lanck

3635 4342 2460 206 echtier mijn voor broeder, heeft dhese lonis de coninck jay
