8262 4692
2593 226 670 138 Ady 23 meij 1720

760 250 1161 165 Mingsbergen Johan Hinr: felbinger

909 315 2384 170 iuk: aengename van 12 bber p pass & 3 deser wel ontfanghen, bij den

925 444 2333 138 eersten Canto oort: waerbij ul is comende ƒ21:24  die conform

929 533 2378 164 hebbe gesloten, maer wille wel teggen, dat het import van brief porten

953 607 2350 140 onverdraglijck is. hebbe den wasch e eerst verscoght & den risico van

880 697 2329 165 de s0 ost assurantie daer by niet geprofiteert als die tot lagen

946 752 2325 243 pryt compt gelieve l'adviseren, de twee laeste vaten Lwijns borstels

919 879 2241 167 ssam alt steenen, & worden seer sleght bevonden, ick sal daer bj

953 976 2299 183 moeten verliesen, om af te geraken, soo met ue negotie hebbe

956 1125 592 143 sleght Cortuijn

959 1106 2282 206 R: 3 ingesloten brieven sijn behandight int toecomende gelieve mij

939 1282 2259 111 van soo danige te exeuseren, alsoo geen brief dvager bey voor

955 1383 2101 124 dheer muller wille noch wel groete ul van herten blijve

2625 1439 440 173 Ady 22 d

811 1512 596 163 Corttijck Camiie

972 1535 2303 226 alsoo mijne tanten de jouff. Anna Cornelia, & catrine bouwens, sijn hebbende

981 1681 2296 159 eenige lijfrenden ten laste de casselerije van Corterijck, & dat sij veele jaren ben

953 1791 2370 160 aghteren sijn, sijnde 1706 het laeste betaelt, & om hunne hooge jaren hebben

970 1870 2307 174 sij mij geauctoriseert, hunne goederen te regeren, derhalven ben verplight

950 1999 2367 129 daer vooren te sorgen, & ben geijnformeent dat andere van hier al voldaen

961 2081 2342 186 sijn tot 1708 &staen om 1709 & 10 te ontfanghen, soo ist dat de libertijt

974 2193 2237 118 neme mij bij ue te addresseren, wel wetende ontrent dese sake mij

965 2311 2312 140 behulptaen cont wesen, vertrouwende dit niet sult refiuseren, & dat p

991 2377 2318 176 eerste d'eere van ue missive sal becomen, met nottie voor hoe veel

974 2467 2342 211 geeven, quitantien sal mogen schrijven, exaiseert dese mijne vrijpostighy

975 2549 2260 216 & niet soude mij aengename sijn, als ue reciproquelijck te connen

931 2666 2328 191 dienst doen, & in alle voorvallende occasien gelieve te comanderen

2767 2790 448 189 Adij 25d

997 2826 788 140 die met respeet blijve

822 2903 1088 170 London rebecea hamilton & coote

996 2948 2313 203 beyde ue aengename van 29 pass & 6 deser I.3. wel ontfanghen, tot antwo

1009 3071 2263 147 op den eersten, segge dat de 20 ps. blouw & wit & 12 ps. roodt & wit

997 3147 2267 175 hier al ontfanghen hebbe, & dat maer waghte naer de 6 ps. groen ewit

1011 3297 2259 121 on die te samen op te packen, dat soo haest mogelijckx sal geselueden

1013 3364 1504 176 hebbe ordre gegeven, tot de andere couleuren

995 3366 2256 226 met ue. laeste become remise voors £100:- a 36:8 ent ten latte S.

995 3499 2288 214 Pedro van dielt wellie is geaccepteert aten tijde voldaen sijnde, wert

995 3614 2331 201 ue vooor des selfs waerde gecrediteert. sal ue ordre afwaghten, voort gene

1000 3711 2259 180 met die clijn strepies van differente couleuren soude mogen noodigh

1015 3798 2289 200 hebben. voorders soo sijn p abrijs toegesonden aen dheer george birgoe

1002 3892 2232 205 a cotty 6 ps. clijn strepies roort & wit  3 segels & om dat al: by

1018 4008 2185 212 provisie sigh daer van soude connen bedienen, soo hebbe hem

1010 4061 2244 260 geschreven, de selve aen u te behandigen, soo hij die niet noodigh

1012 4187 2306 176 heeft dit tot ul nanght, & waer en ul: eenigen voorderen aengenamen

1016 4276 2230 210 dienst can doen, gelieve te comanderen die naer seer vrindeljcke

1034 4431 785 121 groetenisse blijve

5220 184 773 145 Adij 29 mej 1720

3408 238 568 148 brugge restergen

3543 279 2396 140 ue: aengename van 22 & 23 deser wel ontfanghen met den laetten de oncost

3533 373 2421 165 iek: op het pack perpet: & het baeltien tijken, welke sal examineran & nae

3528 488 1295 135 wel bevinden, ue daer vooren crediteren

3475 494 2457 214 desen om ue: t'adviseren, dat voorgisteren ue toegesonden hebbe noch een

3530 597 2385 213 pack  N24 inhoudende to ps tijken, voor dheer John tatnall dat

3526 701 2445 147 eerste vertreckende schip sult gelieven op london te versenden, & aen mij de

3516 790 2424 191 oncost veg: de vraght van hier is veraccordeert ƒ3:12 courant waer

3527 917 895 168 mede naer groetenisse blijve

5317 953 434 139 Adij ditto

3391 1023 644 165 London John Satuall

3523 1057 2414 178 beyde ue aengename van 2 & 9 deser 0s. wel ontfanghen met den eersten

3523 1179 2459 156 ordre voor noch 40 ps. tijken, & met den laesten den wisselbrief van £52:1:4

3512 1294 2485 145 te rugge, met addres by Piere ele moet toecomende saturdagh betaelt worden,

3520 1375 2416 146 het succes sal ue laten weeten, sien oock dat ue de laeste to ps tijten

3514 1463 2469 160 contramandeert maer dat is te laet alsoo op ontfangh van ue eerste brief

3520 1584 2482 135 de tijken besorght hebbe, & opgepackt in N. 24. & is op 25 deser naer brugge

3529 1672 2433 151 versonden, in gedaghten, dat het bij tijde daer soude sjn, om met N. 23. op

3523 1762 2474 177 cotty te vertrecken, dat echter niet is gesuccedeert, want N.23. is geladen

3527 1874 2444 137 nt schip van John Nortrelle volgens ingesloten cognostement & is op 25

3498 1912 2472 184 dese vertrocken, niet twijfelende oft voor nu sal sijn gearriveert den tyt is

3525 2015 2370 177 te cort om de facteure hier benevens te senden, sal p eerste volgen,

3521 2126 2365 178 waenr mede naer offres van dinst & seer minsame groetnisse blijve

4261 2221 925 86 ingesloten de facture van N.23

3400 2221 2385 184 London Schoppens & Edwards bdraegherde in wissel gelde ƒ 748:12 dij ditto

3539 2301 2452 186 ue aengename 13 deser &3. wel ontfanghen, dar bij sien, dat de ƒ0p c

3538 2399 2449 202 op £1:- sijn gemonteert het gaet a costij met elle aetien wonderlyct

3532 2497 2417 216 & lijckt den franschen missilippey terwijlen ul van gedachten is, dat die

3523 2607 2416 180 gemeijnschap van assurantie noch hooger loopen sal, soo ben te vreeden

3529 2669 2300 203 vijt hondert pondenterliux daer bij geintresseert te sijn, & lase het

3535 2774 2446 172 incoopen van vijf inteerteninge aen ue: goedt vinden, alst ue geraden

3534 2884 2470 161 virt te doen, oft te laten, vertrouwinde mijn iat rest sut waer neme

3545 2978 1644 184 als voor eijgen dat ue hertelijckx recomandere

3547 3050 2461 182 voorders hebbe uyt de hollantse garete vernomen, dat de visserge com

3532 3162 2474 159 oock it perlement is doorgehaelt geschreden daer in teekeninge in ditto

3538 3262 2471 200 comp. wille oock wel voor £500:- laten den teek enen supponere

3529 3352 2466 142 dat die fonds goedt sat sijn lanck te waghten om  te teckenen is

3536 3449 2501 154 aghter het net visschen, gelijck in d'assurantie comp blijck doidt in alles

3545 3554 2449 150 als voor eijgen, & stelle dat in ue handen, & als ue eenige een plgyen

3548 3653 2425 164 sal hebben gedaen, gelieve de waerde op sight op mij te trecken om

3538 3773 2427 132 van de wissel eenigh sints te profiteren, waer mede met verlangen

3538 3829 2471 184 atwaghtende wat hut hebben geeffoctweert blijve naer seer minsame

3541 3955 1420 148 Iroetenisse  niet voorts gegaen

3521 4033 2511 178 hebbe met raijn broeder Pedro ontrent het geprofeeteert large gesprck

3552 4201 2430 136 hy is seer balanserende om te doen oft te laten, het voors is eghter

3568 4291 560 142 mijne resolntie
