8091 4761
2210 189 901 182 Adij 7 sber 17719

612 202 1239 181 Amst. Jrand. Rousseau

769 294 2478 185 beyde u mij seer aeng. van 33 4 past wel ontfang en

758 415 2480 180 tot antwoort op den eersten, de twee ponden theel sjn

764 507 2443 203 mij geworden & hebbe die goet bevonden, bedancke ul

760 622 1675 211 hertelijckn voor de genomene moyte

770 719 2478 219 hier sijnder veele die speculatie hebben, om thie tot ostende

775 850 2493 234 in te coopen, maer vrijnige die gesoght hebben, om dat ruyn

748 945 2263 240 sijn prijs gehaelt heeft, met ul laeste become

760 1076 2445 219 eyndelijt de nottine deroncostenn op de twee vaeten

754 1184 2478 199 betstels: daer onder het import vanden thie monterende

794 1262 2457 213 en holb. court £10:9:2en waervooren ase is gecreditent

775 1378 2428 217 men can hedendaege niet bedencken wat aen vangen

782 1490 2447 216 tot eendg profijt, hebbe alle de was noch bij, & su

780 1590 2376 262 beterkoop verkoght, als mij die cost, inde swijns borstels

787 1679 2449 268 is nmets te doen in engelse wolle mani facturen daer

783 1799 2399 278 mijn meeste negone in bestaet  is geen debiet, geen

788 1925 2434 273 profijt, geen geltsonder de mensen, tis te vreelen voor

779 2025 2334 285 ben quiroeten de wenhel handerssonner bij hunne

787 2136 2331 220 neringe met subfisteren, en in tis hier te lande

779 2244 2429 273 lan droevry gestelt ben geresolveert de meeste

779 2352 2439 267 negotie te quitteren, der salue gelueve mijn re cour

782 2485 2484 267 toe te senden, sonder op ul: baecken te suyten salt

794 2587 2453 283 tmitto ul remitteren om soo te samen conform

764 2683 2484 283 te notteren & in afrragtinge blijve met dienst

790 2844 2277 276 presentatien t seer vrindely ke groetmester

2456 2948 703 205 Adij 8 d V719

590 2992 1212 219 burnchaut de wed: Bobert

814 3073 2418 197 ue: aeng. van gistrere wel ontfanghen, benevens het packu

804 3190 2426 171 met de lijnwaerten, dat gesloten sal laeten tot ul oversoms te

786 3256 2454 227 het is met noodig dat ue het stuck, dat noch manqueert dendt

812 3382 2445 180 eer dat ul over compt  lons dat mede brenghen, want sal

816 3500 2449 193 die niet versenden, voor alleen die geseen hebbe, com daier

819 3562 2432 221 de mishandelen salt uy t stellen tot dat ue daer bij sal sijn

824 3677 2383 182 wat aengaet de tijken, mijn frint aenwie die voor mijne

815 3772 2440 228 rek soude sonden  sorijgt mij niet doen soude daer niet

813 3864 2448 261 aengelegen is sullen voor een ander dienens, hope met den eelte

827 3979 2437 254 een ordre, van den wesen te becomen, daer die wel sullen

815 4100 2382 225 voercomen, ue met verfanghen afwagtende blijve naer

842 4288 835 182 ordeale groeteniste

5100 171 850 161 Adij 9pm gber 1719

3289 183 1300 208 Londres John Thermang son

3467 282 2541 173 Pour reponce a l'lhonneur de la vre du 21 du passie  ie m'etton ie

3463 418 2497 180 que ous vous plaingriez que les contils sont marque en argent de

3466 492 2501 211 change, & non pas en argent courant, vous aurez la bonte de faire

3467 556 2485 192 attention a ma notice du prix des contils envoye le 6 du mois

3469 656 2445 241 de mais passée vous y trouverez payable argent contant en

3473 753 2488 236 argent de change & celon les prix y mentionnée nous les devons

3472 861 2518 296 paijer ainsij anos ouvriers & nous avons la provision de

3488 1003 2471 197 comme vous voyez sur la facture, ie n'ay jamais envoyez les

3487 1128 2476 182 coutils au prix en argent courant, & personne chez vous, ne

3490 1222 2479 194 les a en au moindre prix, que comme ils tous sont marque

3488 1305 2513 208 les ordinaires rayes sont mellieurs marche, scavoir les  Bseales

3482 1397 2525 231 & les autres a lavenant, celon ma notite, ie ne leaurois vous

3483 1486 2516 242 seroire a moindre s'ay envoyez p le mesme batelier lucas

3476 1595 2527 241 troobant, 6 ballors des couttils a d'autres amis au pril predit

3499 1678 2503 230 en argent de change, personne ne pourra les avoir a moindre

5820 1861 53 58 9

3489 1781 2501 271 prix de ces ouvriers, ainsj ce sont des descours, qu'il y a des

3487 1889 2501 249 marchands chez vous, qui vendent leurs toutils a 18 re

3470 1978 2539 291 puus, quil ne vous lourent, ie voudrez bien que vous auriez

3495 2040 2510 329 une espreuve, dune autre personne, & que ie pourois vous

3491 2166 2511 261 en voyer les coutils de8 & ayes ordinaire, que j'avois destinez

3503 2293 2162 288 pour vous, cest toutt, ce quil y a des plus erieuk

3510 2373 2470 279 j'ay dja pret gps de linges, & j'attend la dinne ps. de la

3501 2465 2495 298 blanchene, & puis que vous aunez la facture en argent jour

3506 2558 2451 309 vre vilonte sera fait, ie vous les envoyerez au peuttoit

3487 2721 2451 299 possible, & ie ne doute pas, que vous seriez tres content

3515 2823 2483 261 tant pour le prix, que la bonte des pieies, p ma fature

3478 2970 1840 213 vous aurez la facture sognossement

3479 2998 2535 294 La Hello d'apres est @ 16 coule d'uy, ie n'y ay point des fornez

3491 3127 2446 299 pondants, je suis fachez que ie ne peu satishaire a

3489 3241 2490 254 vre demande, ie vous suis oblige, pour l'honneur que

3501 3391 2491 256 vous ferez a ma traitte, ie vous salue & suis avec offrres

3503 3492 1684 233 des mes services ie me dit de caure

3485 3629 2511 281 e il me seroit aggreable, que vous me pouriez repondre

3482 3801 740 224 en francois
