8056 4747
724 179 2533 147 de assignatie voorlooneles pauweld sal prompt betaelen  hebbe

731 271 2502 162 aendirck wantere op sijne quittantie betaelt  483:13 wissel

719 347 2437 211 gelde in plaets van ƒ502„5: in voldoeninge vande voors

721 474 865 191 partije te weeten

724 562 2157 186 de assignatie voor for pauwele in wisselgelde ƒ600:-

2493 635 484 134 „ 403:8

738 639 949 191 aen derck wantere

2558 731 430 122 92:10:3

756 776 578 159 1bo Rabat

2566 818 443 162 ƒ 1018:10

731 882 2499 219 voorders soo hebbe een ordre become voor moorhens Jan alle

729 1000 2502 192 couleuren, & permits dat recke af: die niet heeft, soo hebbe oud

736 1125 2470 176 laegs, die hier bij mij heeft geweest die aengehangen, sogde

747 1201 2389 187 voye e witte gereserveert waer van 10ges: moet hebben

747 1278 2479 208 soo sendt p eerste 10 ¾3 segels moorens roodt ien

742 1415 2366 191 bij alsien ul geen o0ps hebt, sult aen gouff: uegh

768 1477 2493 224 teggenn dat sij soo veel roodt sset bij doet, als ue minder

761 1545 2491 234 heeft, als 10ps. om dat die 10ps compleet souden sijn, heeft

763 1656 2509 237 ue oock eenige blau & wet, soudt haer daer over connen

750 1739 2478 273 sprekenen want moete d0ps hebben, & geloove mad sijdie

738 1859 2529 216 eeeft a dat sij die bij sasien sal moeten haleen ue antwoort

743 2009 1356 171 verrragtende blijve in haest

763 2075 2505 243 droegt dog goede serge, voor het lijnwaert datter ine blijken

742 2163 2134 239 eurs aen compt engesloten ul assignaie terugge

1218 2329 211 154 9d

2413 2299 774 206 ddj Jang: 17719

739 2347 1335 233 Brugge D: van Rentergen

586 2407 99 164 P

762 2438 2467 218 beyde ul aende van 2WM4 pasto wel ontfangen, dat ul

752 2622 2484 189 pack tijken voor mijne rek niet gesonden hebbe, is om

790 2657 2473 188 dat anders geresolveert hebbe desen om ue te laten wieten

771 2736 2491 209 dat op morgen &roeg & wegens dangendt ul toesenden

792 2870 2439 199 een pack  N. 20 inhandende trops sijhue door BRije

778 2972 2483 203 van dher Jon Jatnall in London, silche bale op farri=

780 3054 2488 247 vemente int eerste vertreckende schip geluve afte laden

768 3190 1655 229 sito de oncost Reks mij toe te senden

776 3257 2499 288 mijn heer geloove de Bale sarges & 24 noch a costij is, soo

761 3394 2511 261 sijnde geleve de staelen die ul daer Jan toegesonden hebbe

785 3501 2484 215 mij weder te senden op ontfang deser sal dan ordonnene

794 3576 2493 235 tot de tersendinge van de bale, waer mede in ofaghtinge

789 3751 1216 205 blijve naer groeteniss

2561 3829 653 217 Adj 8 d. 1719

601 3895 1426 218 Brugge T van Rentergen

819 3979 2450 213 ul aeng. van 5 deses wel ontfanghen, daer benevens die

797 4103 2463 212 stalen vande bale N.24: enhandende 80ps sarges relche

795 4188 2488 259 present alnoch op de hulle berust, vermits het wat lanck

3481 128 2520 199 geleden is, dat die bale daer gestaen saeft, soo geeere de selve seemt

3406 208 2575 179 nantkeung te visiteren ofter geen sende ues is oock voor mett

3467 271 2529 200 3 bij aldien ul de selve wel geconditionneert bwindtsoo gelive

3472 363 2553 193 de selve mij p beurtman adroiture te laeten comen ingesloten

3477 467 2521 189 de nodige cerfificatie & tolbrief. het pack tijken uel gesonden

3483 538 2491 241 is morgent maer eerst kan heer vertrocken, om datter geen

3498 609 2519 260 wagens waeren, hope echter dat u het selve heden sal ontfange

3491 706 2452 268 waer af op morgen d'oncost ick & cognossement der soecke

3471 784 2547 259 toe te senden, soo het mogelijk is ue kan hetten groetende

3468 965 1427 187 blijve naer Cordiale groetmissen

5197 1022 704 200 Adij 7 aug: 1719

3352 1072 1035 236 Turnhaut de wed: Robert

3484 1142 2521 229 ue aend: van gistrernd wel ontfangen benvens de 18 git tijken

3490 1250 2317 239 moorkens waer vooren ue gecoediteert hebbe als volght

3630 1341 2263 248 10 ps 43 segets Clijnd strepies rooditset a ƒ 16: ƒ110:-

5272 1437 589 134 „ 20:10„ 21:

3659 1494 1254 227 Rpt ¾ 3 segels blaver & will

5619 1536 262 134 ƒ 131:

4675 1600 1284 227 af 1 t prompte betalicken 1:6

4597 1733 1423 225 Compt a nitto russelgede ƒ129:44

3482 1871 2522 200 waer over al disponeren dan thiuver geleste hadde van

3484 1978 2528 235 gedaghten geweest, dat ue de ander ook souden hebben

3485 2088 2539 222 connen leveren ice soude ue die mede geordonneert hebben

3473 2192 2523 193 voor de blauw & rit soude noch gedagten gehadt hebben

3488 2254 2445 260 maer mij is gesijdt, dat ul met jouff: vanden broeck

3489 2386 2535 240 gebroilurt tijdt, & die soude noch eenige connen fourmin

3500 2458 2436 258 watter van 2s can nmet weeten. waer mede naer cordicie

3503 2625 987 231 groetenisse blijvee

5412 2707 609 231 dy d. 1719

3353 2769 1411 272 Brugge P. Van Renterdem

3496 2939 2535 194 daet is een persoon, genaempt s Jan Be de meye heere van

3500 3040 2527 186 havr have, diu hier by mij geweest heeft om eenige peunigen

3495 3098 2549 216 op te nemen & sijne goederen daer vooren te panden stellen die

3489 3253 1582 191 hij a costij gekoght heeft, te weeten.

3497 3256 2531 275 & heeren van den Landen kan dentnije tot benugge hebben

3504 3403 2522 214 als opper curateurs lant insolvent sterfchuys kan wijlen

3497 3493 2505 263 Joncher Frand: le beuf. aenden voors de meye verkoght

3513 3618 2501 260 publikelijk. de eerlijcheyt kan waeter lant, hoor de somme kan

3501 3704 2497 217 leven hondert aende seventig ponden wisselgelde, sonder

3524 3843 1257 232 eenige edifecien, ofte sa

3505 3910 2547 241 noch een hobstede onder voors eerlijheyt van waterlandt

3499 4025 2470 248 groot tewee  seventig gemeeten gekoght &an soncker

3512 4147 2500 228 Philippe van borsele & ander hoogen borgemeester de

3501 4226 2508 234 lauts landen Lerge Jan brugge voor de somme kan
