8296 4733
948 254 2376 152 iujt engelant sullen trecken, & vermits de banck oock al iets heeft

933 317 2446 149 begonnen te pitten, & dat men niet can voorsien het toecommde soo

904 406 2462 186 gelieve voorders niet in te coopen voor naer iert ordre, waer mede

898 542 1493 175 naer seer mintame groetenisse blijve

800 650 696 187 Gondt Dhoer Baut

931 674 2482 164 in antword op ul mij seer aengename 8 deses hebbe dolere van uk te seggen

947 801 2448 183 als dat aen de geinteresseerde der lewantien onder ul berussende paert gegeen

942 917 2443 122 hebbe vant gene ul mu. heeft willen adviseren ontrent ul ervaren

944 1004 2478 126 le dieeren heden sedert verneme van andere vrinden  8½ misseren

931 1075 2495 173 t deser als dat de heeren loeden des livvantien nogh niet geviseert hadden

926 1168 2488 213 & dat si voor 8 a 10 daghen geschijden waren het scheijndt al ofter wederm

954 1320 2412 107 wat quaedts aerdigh e vvor vindt te meer om dat su 3L lrantien

965 1369 2367 136 niet en hebben willen viseren voor aleer de andere daaer bij waren

959 1445 2452 144 tgene vreese noch langher dilij sal causeren om dat dhser van gock nier

943 1554 2439 128 gesendt heeft dat sij sijne tver surantien niet en sal overgeven ten sij

912 1658 2485 145 & dat de derde mede betaelt woordt gelijck sijn n heam belooft endevoegen

926 1747 2488 103 hadde tgene ons echter niet en raeckt vermidts hij tegens de heeren leden

945 1824 2484 136 met ons niet geargeert heeft ende het argemendt is gemaeckt met dieven

933 1907 2491 122 antwerpen bat van u½ alle de lisrantien heeft wj hebben wed

942 1991 2481 117 mael sententie tegens de leden in den rade van vlaendeven becomen

951 2060 2464 138 op de eerste is het arringement gemaeckt als wanneer in het serores du

941 2148 2484 159 de dopye autentique van sijne librantien heeft over gegeven bij het thwoede

958 2231 2397 146 bonnes sijn dheeren leden geconden neort de twoe eerste lisrantien te

947 2336 2474 115 betalen met de insesten wanneer ider sijne pretentie oock ander man

961 2428 2465 89 ingegeven hadde waer op het vonnis gevolght is dogh dheer van goek ende

940 2479 2472 130 heere keneffe waren daer onder niet bestep en soo dat het onvedelijck is dat

944 2609 2482 108 dheeren heden ons willen uijtstellen omom andere die met ons niet

940 2721 2481 121 geargeert hebben te meer om dat wij in alles doen tgene sij ordeneren

939 2783 2472 163 een wijnigh tijdts verlies waer goene becommeringhe als de gedeftinoor

926 2865 2492 159 pennighen en eenen anderen cours nemen en ick ben al wat bedught

953 2950 2466 180 overtgene mij is rakende ontrandt mijne livvantie van ƒ8642:11 en also

946 3064 2475 166 mijversteltenisse van mijne gesonthydt geondinoort is naer alen to gae

963 3149 2422 172 soude geerre met gerusthydt vertrecken ende soude die rijse op 24 deser

952 3242 2469 159 aen nemen der halven verhope dieeren loeden toecomende brijdagh

938 3295 2488 210 hunne vergaderinghe wederom sullen ernemen ende dat vnul

944 3446 2334 149 een goedt adries tot mijn gerustighndt voor mijn vertreck sal

949 3532 2476 130 becomen tgene met verlanghen afwacht ende blijve met veel respe

793 3642 2602 181 P.. dhier de witte die overhet masien van het arrangement gestaen heeft

950 3745 2328 157 seght mij, dat uij tom ter tijde het abuys int ooigineel heeft dem

931 3838 2404 170 veranderen, & dat de faute comt doorden schijver vwater van is

934 3968 880 173 moet den tijdt leeren

5398 203 646 158 Adij 12 meij 1728

3451 247 936 181 tassen Jouff:. heyendall

3553 314 2510 204 uet aengename 12 deser wel ontfanghen, waer bij verneme dat ul: mij

3551 449 2528 177 thuven huyse geen soyist comt geven voor soo veele, een samen allen

3563 558 2516 178 skent verleueren  om dat die alle door een loopen, wat de samer int

3552 650 2437 209 voosen bat. aengaet die can mij niet dienen, om dat den reuck

3573 761 2362 234 van te baden niet en soude connen verdragen blijve de seer

3565 881 2454 216 verplight voor alle de genomen moeyte  hope : int sent de

3578 1040 2477 231 comen besoecken als wanner ul desintirisseren sal van verschot

3576 1164 2493 186 aen brief poortin mijn lieffte doet u hertelyeke groet ue gelijck

3574 1287 1723 202 est mede ben doende & blijve sinterelijck

5284 1374 774 194 Adj 28 meiy 1728

3466 1454 858 200 Gendt Jacomo BBaut

3602 1562 2531 180 referrere mij ven minen lasten sedert geene van l ontfanghen

3601 1695 2477 113 al hoeswel in hope was iets goedts van ijt te vernemen voor mijn

3605 1772 2317 188 vertreck naer aken tot minder gerustigheydt tscheijndt datter al

3482 1864 2662 180 wederom conter tems voor comen ende dat het soo haest nogh niet sal

3612 1965 2466 141 sijn dat de loeden de bowntte betaellinge doen sullen besmite

3605 2093 2524 139 hel sesven soo aboanesert can mijn oijte niet langer uyt stelle

3612 2162 2482 150 der halven ben geresolveert op margen te vertrecken bidden de 85

3622 2267 2438 139 vant gene passeert aen mijn lesste kennisse te geven om mij

3630 2352 2442 122 daer mede van te connen participeren ende oft het gebeurde

3623 2460 2458 159 dat de betaellinge int kort gheschiede versoecke mijne adenoe

3635 2562 2498 124 te remitteren aen de pedra bant al broeder voor mijne rekeninge

3622 2654 2501 145 als a pari tselves doen seinde ondersins wilt de seven duisent guldens

3627 2750 2435 156 courant die ul voor mijne rekeninge aen de admodiateure doen

3633 2885 2448 115 sult sal ul van de te ontfangene pennigen inhouden ende

3645 2948 2294 121 de rest remitteren soo het geschreden van als voorseydt die

3647 3039 2298 186 sijnde het noodige deses ende dat met veel respect blijve

5331 3146 659 164 Adij 5 Juliy 1728

3474 3141 691 172 Breda Jeregers man

3639 3251 2364 157 ul seet geestimeerde van 30 pass, wel ontfanghen daer benevens een stucke

3641 3363 2361 145 jerusallemsche zeep, waer vooren ue ten hooghtten verplight blijve vel soode

3610 3466 2413 131 mij seer geluiigh achten, vant sien te connen recompinseren, waerom bidde

3645 3562 2416 127 mij d'occasiier te procureren van ue mijn ganckbaerheyt te comen betoonn

3630 3651 2399 106 het goedt offeet van de spa watert, hebbe thuys sijnde ondervonden, vermits

3633 3774 2392 96 contidergbel gebetert ben, hopende ul. nisgelijckx beteren te sult hebben

3642 3848 2358 109 becomen, soo dai h dat geene medscamente meer noodigh sult moeten

3644 3932 2403 127 hebben tygne us van hette ben wenschende ven van intentie de toesomende

3663 4018 2354 128 weesie het drincken van de spa waters te covatten, om het gene datter

3633 4137 2452 135 noch soute mogen resteren quijt te geraien permetteert als het ul gelieft

3638 4241 2446 127 dat ick nievrouw ul. liefte verlistere van mijn respect de wille teehope

3671 4318 2391 127 in goede gesontennt sal livere gerxtourneert & blijve ot vel m

3630 4414 652 129 Mj bekertteyd
